Bank Name,KOTAK MAHINDRA BANK LTD
Account Number,5944733842
Account Holder Name,LALIT REDDY
Branch,NEHRU PLACE
IFSC Code,KKBK0251868
Statement Period,01-12-2024 To 09-05-2026

Date,Description,Ref/ChequeNo,Debit,Credit,Balance
01-12-2024,IMPS-622406809871-Naresh Menon,340424231075,800.52,,156200.10
01-12-2024,POS PANTALOONS NAGPUR,059575298261,"4,400.54",,151799.56
03-12-2024,UPI/DR/919979579908/Jio/ICICI/jio@paytm/UPI,854529053215,"2,200.59",,149598.97
04-12-2024,UPI/DR/231598166991/BSNL/RAZORPAY/broadband@paytm/UPI,377612215862,599.00,,148999.97
04-12-2024,UPI/DR/440866728788/Uber/PAYTM/uber@paytm/UPI,061472162339,340.69,,148659.28
04-12-2024,UPI/DR/063565466394/Amazon/ICICI/amazon@apl/UPI,948514092084,"1,210.95",,147448.33
04-12-2024,UPI/DR/603480257366/Pallavi/BARB/pallavi283@ybl/UPI,053100691887,"12,200.46",,135247.87
05-12-2024,UPI/DR/765940930112/Uber/PAYTM/uber@paytm/UPI,269221218960,770.38,,134477.49
05-12-2024,UPI/DR/700763942101/Seema/BKID/0526180612@ptyes/UPI,831800678046,"17,550.64",,116926.85
05-12-2024,UPI/DR/180669250224/Paytm/ICICI/paytm@paytm/UPI,394383107391,"1,580.44",,115346.41
05-12-2024,UPI/DR/873231718736/SBI/LICI/licindia@licindia/UPI,547541820224,"2,200.00",,113146.41
06-12-2024,UPI/DR/680038232374/Mahesh/BDBL/mahesh828@axl/UPI,757982969077,"7,300.10",,105846.31
06-12-2024,UPI/CR/360189376164/Sarita/BDBL/9990374237@axl/UPI,704814543300,,"15,600.68",121446.99
07-12-2024,SALARY CREDIT/S7607086185329/Maruti Suzuki India,458650198786,,"127,875.74",249322.73
07-12-2024,POS BRAND FACTORY NAGPUR,605241751985,"3,300.26",,246022.47
07-12-2024,UPI/DR/373016292483/Preeti/BKID/preetidesa38@ptaxis/UPI,886341799152,"11,900.89",,234121.58
07-12-2024,UPI/DR/515997330669/Jio/PAYTM/airtel@axis/UPI,028707813265,869.00,,233252.58
08-12-2024,UPI/DR/504678666086/Uber/PAYTM/uber@paytm/UPI,762136767176,80.26,,233172.32
08-12-2024,NACH/MANDATE/RNT8889906/RENT MANDATE,936395382749,"12,000.00",,221172.32
10-12-2024,UPI/DR/321636740353/Gopal/UTIB/gopal724@paytm/UPI,517918437353,"20,050.73",,201121.59
10-12-2024,NEFT/N7491400016306/Raymond Ltd,034764916920,,"30,500.01",231621.60
10-12-2024,POS BRAND FACTORY NAGPUR,511340476437,"1,850.72",,229770.88
10-12-2024,POS SHELL FUEL STATION NAGPUR,974819412878,"3,300.72",,226470.16
11-12-2024,ATM-CASH-WDL/CMU009700/NAGPUR,852045289936,"5,000.00",,221470.16
11-12-2024,ATM-CASH-WDL/HNP316173/NAGPUR,516059010108,"1,000.00",,220470.16
12-12-2024,UPI/DR/433109244305/Santosh/FDRL/santoshchat64@upi/UPI,349691964706,"2,100.69",,218369.47
12-12-2024,UPI/DR/715924320406/Ola/PAYTM/olamoney@ola/UPI,464910006753,620.66,,217748.81
12-12-2024,POS SHELL FUEL STATION NAGPUR,377522041763,"3,250.61",,214498.20
13-12-2024,UPI/DR/693922233395/CESC/UPIN/cescpayment@upi/UPI,225646524529,"3,200.30",,211297.90
13-12-2024,UPI/DR/226729076354/Rakesh/KKBK/rakeshdube50@ybl/UPI,647176401245,"5,650.72",,205647.18
13-12-2024,NACH/MANDATE/SIP2436772/Mirae Asset MF,076971416330,"2,500.00",,203147.18
15-12-2024,UPI/DR/909478155031/Blinkit/ICICI/blinkit@kotak/UPI,725556758579,"2,070.79",,201076.39
15-12-2024,UPI/CR/941778485419/Mohan/FDRL/mohan310@okaxis/UPI,897886957946,,"1,600.94",202677.33
15-12-2024,NACH/MANDATE/LN130304190447/LIC Housing Finance,383715441040,"9,000.00",,193677.33
16-12-2024,POS RELIANCE MART NAGPUR,032014157524,"4,300.04",,189377.29
16-12-2024,UPI/DR/309765807815/Jio/PAYTM/airtel@axis/UPI,184640147070,929.00,,188448.29
16-12-2024,UPI/CR/225222710441/Sanjay/KKBK/sanjay355@axl/UPI,719349595939,,300.95,188749.24
16-12-2024,UPI/DR/665738559087/Spotify/ICICI/spotify@icici/UPI,952084521116,899.00,,187850.24
17-12-2024,UPI/DR/330543571771/Practo/ICICI/practo@paytm/UPI,645182722574,999.00,,186851.24
17-12-2024,UPI/CR/121235760932/Isha/FDRL/isha680@ptyes/UPI,861834337398,,"19,700.31",206551.55
17-12-2024,UPI/DR/762280037857/Jio/ICICI/jio@paytm/UPI,250281303713,"2,280.99",,204270.56
17-12-2024,UPI/DR/547331937049/Ola/PAYTM/olamoney@ola/UPI,779972824160,660.78,,203609.78
19-12-2024,POS METRO CASH CARRY NAGPUR,786341638738,"4,200.06",,199409.72
19-12-2024,UPI/DR/698171675061/Amazon/ICICI/amazon@apl/UPI,284415531426,"2,520.02",,196889.70
20-12-2024,UPI/DR/960762952774/Sangita/BDBL/sangita363@upi/UPI,926140832214,"6,500.95",,190388.75
20-12-2024,UPI/DR/984573028757/Paytm/ICICI/paytm@paytm/UPI,170827772903,920.23,,189468.52
21-12-2024,UPI/DR/486277796193/Jio/PAYTM/airtel@axis/UPI,998083310319,959.00,,188509.52
21-12-2024,POS MAX FASHION NAGPUR,375523383097,"2,450.34",,186059.18
22-12-2024,UPI/DR/712979008281/Paytm/ICICI/paytm@paytm/UPI,037614293827,"1,670.39",,184388.79
22-12-2024,UPI/DR/164131844310/Flipkart/PAYTM/flipkart@ybl/UPI,016525590565,"3,800.47",,180588.32
22-12-2024,UPI/DR/338018396319/Flipkart/ICICI/flipkart@ybl/UPI,952528351661,"1,530.61",,179057.71
22-12-2024,UPI/CR/909324982006/Mohit/BARB/mohit.rao@okaxis/UPI,896067092213,,650.12,179707.83
23-12-2024,UPI/DR/710673261378/Indane/ICICI/indanegas@upi/UPI,934540514747,"1,000.83",,178707.00
24-12-2024,UPI/DR/200148353978/Zomato/ICICI/zomato@axisbank/UPI,010888698403,"1,320.12",,177386.88
25-12-2024,UPI/DR/029953100591/Jio/PAYTM/airtel@axis/UPI,311403093835,589.00,,176797.88
25-12-2024,ATM-CASH-WDL/INO099565/NAGPUR,714671639451,"5,500.00",,171297.88
26-12-2024,UPI/DR/591448753344/Uber/PAYTM/uber@paytm/UPI,228351978826,820.34,,170477.54
27-12-2024,UPI/DR/482313119904/Ola/ICICI/olamoney@ola/UPI,177602313056,"1,500.29",,168977.25
28-12-2024,UPI/DR/285935847841/Mohan/KKBK/mohanpill78@okhdfcbank/UPI,902965454799,"19,350.39",,149626.86
28-12-2024,UPI/DR/191791617754/Jio/ICICI/jio@paytm/UPI,388522536649,640.67,,148986.19
28-12-2024,UPI/DR/456215554911/Flipkart/ICICI/flipkart@ybl/UPI,087365275025,130.99,,148855.20
28-12-2024,INTEREST CREDIT,443776888381,,245.45,149100.65
29-12-2024,POS SHELL FUEL STATION NAGPUR,794452592423,"3,850.64",,145250.01
30-12-2024,UPI/DR/124621845009/Blinkit/ICICI/blinkit@kotak/UPI,170535167182,"2,150.36",,143099.65
01-01-2025,UPI/DR/013591256790/Santosh/HDFC/santosh897@apl/UPI,081147518340,"5,750.08",,137349.57
03-01-2025,UPI/DR/870822902709/Zepto/ICICI/zepto@apl/UPI,846385270718,"2,370.24",,134979.33
04-01-2025,UPI/DR/544628618808/Ola/PAYTM/olamoney@ola/UPI,916654267900,190.80,,134788.53
04-01-2025,UPI/DR/629483088218/Jio/PAYTM/airtel@axis/UPI,945582670154,669.00,,134119.53
04-01-2025,UPI/DR/778145839253/Uber/ICICI/uber@paytm/UPI,579798223085,"1,620.77",,132498.76
05-01-2025,ATM-CASH-WDL/HJJ889781/NAGPUR,506117259395,"9,500.00",,122998.76
05-01-2025,UPI/DR/876232413823/Yogesh/UTIB/yogesh421@oksbi/UPI,624027539083,"15,300.49",,107698.27
05-01-2025,SALARY CREDIT/S9292067279016/Maruti Suzuki India,705931164597,,"129,871.74",237570.01
05-01-2025,UPI/DR/642622702669/Zepto/ICICI/zepto@apl/UPI,487543206276,"2,550.79",,235019.22
05-01-2025,UPI/DR/625527491468/Jio/ICICI/jio@paytm/UPI,000639644742,"1,450.70",,233568.52
05-01-2025,UPI/DR/414476056407/Uber/ICICI/uber@paytm/UPI,917290771824,"1,560.95",,232007.57
06-01-2025,UPI/DR/676397827384/Ola/PAYTM/olamoney@ola/UPI,657017002620,160.63,,231846.94
08-01-2025,UPI/DR/697585431434/Uber/ICICI/uber@paytm/UPI,160286631183,"2,010.87",,229836.07
08-01-2025,NACH/MANDATE/RNT4678955/RENT MANDATE,795241161424,"12,000.00",,217836.07
09-01-2025,UPI/DR/749542314670/BSNL/ICICI/bsnlbroadband@upi/UPI,578703764427,"1,820.78",,216015.29
09-01-2025,UPI/CR/566384210352/Ravi/HDFC/ravi837@pthdfc/UPI,121140166486,,"11,350.69",227365.98
09-01-2025,POS HP PETROL PUMP NAGPUR,249742718320,900.25,,226465.73
11-01-2025,NACH/MANDATE/LN130304190447/LIC Housing Finance,087497431100,"9,000.00",,217465.73
11-01-2025,UPI/DR/952014503732/CESC/UPIN/cescpayment@upi/UPI,421569840631,"3,700.52",,213765.21
12-01-2025,UPI/DR/089754838119/Uber/ICICI/uber@paytm/UPI,422409646284,610.94,,213154.27
13-01-2025,UPI/CR/143125376562/Girish/PUNB/girish258@aubank/UPI,888725948523,,"11,650.03",224804.30
14-01-2025,NACH/MANDATE/SIP0827803/Mirae Asset MF,799768196348,"2,500.00",,222304.30
14-01-2025,UPI/DR/653234011438/Jio/PAYTM/airtel@axis/UPI,159386185778,829.00,,221475.30
14-01-2025,UPI/DR/821301996466/Rapido/PAYTM/rapido@icici/UPI,009411680989,150.40,,221324.90
14-01-2025,POS RELIANCE PETROLEUM NAGPUR,463860916419,"1,500.08",,219824.82
15-01-2025,UPI/DR/682525272789/Ola/ICICI/olamoney@ola/UPI,241346754459,740.17,,219084.65
16-01-2025,ATM-CASH-WDL/XOO799316/NAGPUR,038493503606,"4,000.00",,215084.65
17-01-2025,UPI/DR/871475081710/Amazon/ICICI/amazon@apl/UPI,581616120738,"1,550.43",,213534.22
17-01-2025,UPI/DR/665073394195/Jio/PAYTM/airtel@axis/UPI,657490156029,739.00,,212795.22
17-01-2025,UPI/DR/651015929116/Blinkit/ICICI/blinkit@kotak/UPI,745884160608,"1,460.39",,211334.83
17-01-2025,UPI/CR/963494385368/Rani/PUNB/ranimeno13@paytm/UPI,387479495014,,"18,300.21",229635.04
19-01-2025,UPI/DR/918129957709/BSNL/ICICI/bsnlbroadband@upi/UPI,460778220000,"1,330.26",,228304.78
19-01-2025,POS LIFESTYLE STORES NAGPUR,574107578784,"5,100.78",,223204.00
19-01-2025,UPI/DR/232439563267/Swiggy/ICICI/swiggy@icici/UPI,132490399030,"2,640.48",,220563.52
19-01-2025,POS CENTRAL MALL NAGPUR,479671583393,"5,600.38",,214963.14
20-01-2025,UPI/DR/701140931124/Indane/ICICI/indanegas@upi/UPI,488524639934,"2,050.00",,212913.14
20-01-2025,UPI/DR/688909240311/Jio/PAYTM/airtel@axis/UPI,866125755629,359.00,,212554.14
20-01-2025,POS HP PETROL PUMP NAGPUR,863306931476,"1,050.51",,211503.63
22-01-2025,UPI/CR/033392991164/Naresh/HDFC/5667373220@ptyes/UPI,838511892791,,"16,250.31",227753.94
23-01-2025,UPI/DR/303535648965/Ola/PAYTM/olamoney@ola/UPI,819220050448,780.68,,226973.26
23-01-2025,UPI/DR/781559777849/Dunzo/ICICI/dunzo@razorpay/UPI,158722104695,"1,870.75",,225102.51
24-01-2025,UPI/DR/395447809525/Zepto/ICICI/zepto@apl/UPI,852082776059,"1,990.54",,223111.97
25-01-2025,UPI/DR/904629682486/Myntra/ICICI/myntra@ybl/UPI,923407962039,699.00,,222412.97
26-01-2025,UPI/DR/293001906688/Swiggy/ICICI/swiggy@icici/UPI,145668914143,"2,640.82",,219772.15
26-01-2025,IMPS-457350808773-Rahul Roy,586309474218,"3,500.56",,216271.59
26-01-2025,UPI/DR/222766379081/Apollo/ICICI/apollopharmacy@ybl/UPI,097390577027,210.27,,216061.32
26-01-2025,UPI/CR/130923163093/Kiran/SBIN/6334291285@paytm/UPI,180956740040,,"21,850.62",237911.94
27-01-2025,UPI/DR/385767938987/Ola/PAYTM/olamoney@ola/UPI,970333803344,800.79,,237111.15
27-01-2025,POS D MART NAGPUR,198076598169,"1,350.84",,235760.31
28-01-2025,UPI/CR/001135801795/Naveen/BKID/naveen.pandey@ibl/UPI,148162535145,,"17,700.06",253460.37
28-01-2025,UPI/DR/192899238889/BSNL/RAZORPAY/broadband@paytm/UPI,522148615993,649.00,,252811.37
28-01-2025,UPI/CR/763352113646/Pankaj/KKBK/pankaj.pillai@paytm/UPI,166652204686,,"21,650.54",274461.91
29-01-2025,UPI/DR/961986862732/Flipkart/PAYTM/flipkart@ybl/UPI,615800751182,900.71,,273561.20
30-01-2025,POS RELIANCE PETROLEUM NAGPUR,622646863402,"1,250.28",,272310.92
31-01-2025,UPI/DR/262891502497/Asha/UCBA/asha.mehta@paytm/UPI,852137851720,"14,650.28",,257660.64
31-01-2025,UPI/DR/389345017834/Jio/ICICI/jio@paytm/UPI,248393059354,390.52,,257270.12
31-01-2025,ATM-CASH-WDL/SVA174433/NAGPUR,618421653465,"8,000.00",,249270.12
02-02-2025,UPI/DR/000518957378/Nykaa/PAYTM/nykaa@razorpay/UPI,745348981807,650.48,,248619.64
02-02-2025,UPI/CR/272628026985/Swati/SBIN/7469651442@upi/UPI,603904517547,,"15,450.44",264070.08
02-02-2025,ATM-CASH-WDL/NDH223167/NAGPUR,522536414067,"4,000.00",,260070.08
03-02-2025,POS SHELL FUEL STATION NAGPUR,303022999309,"3,950.29",,256119.79
03-02-2025,UPI/DR/235229216842/Mukesh/FDRL/8432485628@ptyes/UPI,685832600493,"3,600.82",,252518.97
03-02-2025,POS RELIANCE MART NAGPUR,893471678563,"6,050.77",,246468.20
04-02-2025,UPI/CR/946368370729/Krishna/BARB/krishnachat45@ptaxis/UPI,570112975048,,"10,550.79",257018.99
04-02-2025,UPI/DR/683619753141/Brijesh/FDRL/brijeshbane32@okicici/UPI,005413111852,"2,650.86",,254368.13
05-02-2025,UPI/CR/781247068714/Akash/BDBL/7966605429@pthdfc/UPI,720719517981,,"19,800.63",274168.76
05-02-2025,SALARY CREDIT/S8097931401119/Maruti Suzuki India,115951383071,,"127,277.74",401446.50
06-02-2025,POS SHOPPERS STOP NAGPUR,558834409432,"4,700.03",,396746.47
06-02-2025,UPI/CR/803370039749/Pallavi/KKBK/pallavi704@okaxis/UPI,092667606818,,"10,350.80",407097.27
07-02-2025,ATM-CASH-WDL/NEE541360/NAGPUR,060821414435,"8,000.00",,399097.27
08-02-2025,NACH/MANDATE/RNT3197726/RENT MANDATE,412043395585,"12,000.00",,387097.27
08-02-2025,UPI/DR/350771298803/Vikas/UTIB/vikas617@aubank/UPI,864772947743,"10,900.93",,376196.34
08-02-2025,ATM-CASH-WDL/MHB174497/NAGPUR,658474213037,"4,000.00",,372196.34
08-02-2025,ATM-CASH-WDL/HBJ254098/NAGPUR,515677757846,"1,000.00",,371196.34
09-02-2025,UPI/DR/497933135202/Rapido/PAYTM/rapido@icici/UPI,164516862660,780.84,,370415.50
09-02-2025,UPI/DR/861200162675/Dunzo/ICICI/dunzo@razorpay/UPI,767873328298,"1,090.57",,369324.93
09-02-2025,UPI/DR/472659821439/Lalit/SBIN/lalit800@okhdfcbank/UPI,152958522207,"5,450.65",,363874.28
09-02-2025,UPI/DR/356695138273/Vandana/HDFC/vandanashar86@okicici/UPI,964470791799,"2,300.47",,361573.81
11-02-2025,UPI/DR/205624551324/Rajan/PUNB/rajan146@apl/UPI,905318998870,"8,150.16",,353423.65
11-02-2025,UPI/DR/331349221656/PhonePe/ICICI/phonepe@ybl/UPI,018335810099,"2,430.74",,350992.91
11-02-2025,UPI/DR/449795006407/Ola/PAYTM/olamoney@ola/UPI,982295566960,410.82,,350582.09
11-02-2025,UPI/DR/330585768403/BigBasket/ICICI/bigbasket@ybl/UPI,417514531531,"1,830.18",,348751.91
11-02-2025,UPI/DR/937202050649/Ajay/UCBA/ajay.desai@ptaxis/UPI,917686067914,"16,000.83",,332751.08
12-02-2025,UPI/DR/041383440118/Jio/PAYTM/airtel@axis/UPI,300416540421,689.00,,332062.08
12-02-2025,UPI/DR/421104431994/CESC/UPIN/cescpayment@upi/UPI,839196914811,"3,950.78",,328111.30
13-02-2025,UPI/DR/001372840010/Ola/PAYTM/olamoney@ola/UPI,109351376842,860.88,,327250.42
13-02-2025,NACH/MANDATE/LN130304190447/LIC Housing Finance,514146839931,"9,000.00",,318250.42
13-02-2025,UPI/CR/461549536702/Rekha/HDFC/0210524820@ptyes/UPI,694988476098,,"3,950.06",322200.48
14-02-2025,UPI/DR/574261355655/Indane/ICICI/indanegas@upi/UPI,074450557285,"1,600.44",,320600.04
15-02-2025,POS METRO CASH CARRY NAGPUR,456171895756,"4,000.13",,316599.91
17-02-2025,IMPS-656029157082-Divya Srivastava,309382340298,"27,800.55",,288799.36
18-02-2025,NACH/MANDATE/SIP3676379/Mirae Asset MF,215415762002,"2,500.00",,286299.36
18-02-2025,UPI/DR/597043556297/Meesho/PAYTM/meesho@ybl/UPI,373537924974,400.05,,285899.31
18-02-2025,UPI/DR/942333283688/BSNL/ICICI/bsnlbroadband@upi/UPI,327207939299,920.97,,284978.34
19-02-2025,UPI/DR/600094970143/Jio/PAYTM/airtel@axis/UPI,491912317438,579.00,,284399.34
19-02-2025,UPI/DR/939617527114/Girish/BKID/girish505@oksbi/UPI,565084078583,"1,450.92",,282948.42
20-02-2025,UPI/CR/827129082269/Dinesh/FDRL/5252869266@kotak/UPI,755420897699,,"4,050.09",286998.51
22-02-2025,UPI/DR/733281991739/Naresh/PUNB/naresh556@ptsbi/UPI,222067209849,"11,400.31",,275598.20
23-02-2025,UPI/DR/226836526894/BSNL/RAZORPAY/broadband@paytm/UPI,464068325522,"1,249.00",,274349.20
24-02-2025,UPI/DR/636402501374/Paytm/ICICI/paytm@paytm/UPI,079931063503,"2,470.91",,271878.29
24-02-2025,UPI/CR/341417733017/Sanjay/BKID/sanjay634@okhdfcbank/UPI,070456330256,,"3,350.98",275229.27
24-02-2025,POS SHOPPERS STOP NAGPUR,670385036115,"1,700.17",,273529.10
25-02-2025,UPI/DR/483171918519/Myntra/ICICI/myntra@ybl/UPI,320046533135,999.00,,272530.10
25-02-2025,UPI/DR/283143173838/PhonePe/ICICI/phonepe@ybl/UPI,302737216035,800.03,,271730.07
27-02-2025,POS CENTRAL MALL NAGPUR,929834575208,"5,050.49",,266679.58
27-02-2025,ATM-CASH-WDL/FDS752569/NAGPUR,256296465405,"9,000.00",,257679.58
27-02-2025,UPI/CR/195795638274/Ritu/BDBL/2744618469@aubank/UPI,348177769770,,"1,700.73",259380.31
27-02-2025,UPI/DR/194914663653/Zomato/ICICI/zomato@axisbank/UPI,424316389864,530.39,,258849.92
27-02-2025,POS CENTRAL MALL NAGPUR,639851649733,"6,700.96",,252148.96
28-02-2025,UPI/DR/546178178925/Vishal/UTIB/9284612432@axl/UPI,726661111990,100.06,,252048.90
01-03-2025,UPI/DR/176552560343/Swiggy/ICICI/swiggy@icici/UPI,625742756196,"1,220.21",,250828.69
01-03-2025,UPI/DR/475538434482/Amazon/PAYTM/amazon@apl/UPI,445691739237,"1,250.64",,249578.05
01-03-2025,UPI/CR/282970016903/Ajay/HDFC/ajay.kumar@aubank/UPI,237719378757,,"11,450.83",261028.88
02-03-2025,UPI/DR/250776051849/Zomato/ICICI/zomato@axisbank/UPI,227912054345,"1,600.92",,259427.96
02-03-2025,UPI/CR/029960899666/Vijay/BARB/2003898830@okhdfcbank/UPI,041091784613,,"17,800.61",277228.57
02-03-2025,ATM-CASH-WDL/TWR449331/NAGPUR,840171162087,"7,500.00",,269728.57
02-03-2025,UPI/CR/910349377568/Vandana/UTIB/vandana.joshi@okicici/UPI,743862658978,,"16,250.68",285979.25
02-03-2025,UPI/DR/635942607739/Amazon/ICICI/amazon@apl/UPI,801853879593,610.65,,285368.60
03-03-2025,ATM-CASH-WDL/EFM402925/NAGPUR,205011771864,"3,000.00",,282368.60
03-03-2025,UPI/DR/381388484233/Amazon/ICICI/amazon@apl/UPI,270693056683,380.68,,281987.92
03-03-2025,POS SHELL FUEL STATION NAGPUR,796243780485,"4,050.18",,277937.74
03-03-2025,UPI/DR/107078891556/Dunzo/ICICI/dunzo@razorpay/UPI,717928165906,"2,660.58",,275277.16
03-03-2025,POS BHARAT PETROLEUM NAGPUR,819239425829,"1,500.61",,273776.55
04-03-2025,UPI/CR/224496649808/Vikas/BKID/8600448069@ibl/UPI,749650947725,,"8,600.13",282376.68
04-03-2025,UPI/CR/686329995811/Krishna/BKID/krishna.tiwari@ybl/UPI,373737272406,,"12,950.07",295326.75
04-03-2025,UPI/DR/655244135008/Zomato/ICICI/zomato@axisbank/UPI,786194362534,"2,460.18",,292866.57
05-03-2025,SALARY CREDIT/S2119088874615/Maruti Suzuki India,826427579222,,"127,408.74",420275.31
05-03-2025,ATM-CASH-WDL/ICL711141/NAGPUR,194143407345,"6,500.00",,413775.31
05-03-2025,UPI/DR/918972336727/Ola/PAYTM/olamoney@ola/UPI,047092482603,270.09,,413505.22
05-03-2025,UPI/DR/132864346256/Jio/PAYTM/airtel@axis/UPI,489203669804,759.00,,412746.22
06-03-2025,UPI/DR/649556229636/Krishna/SBIN/krishna611@ptsbi/UPI,130611886498,"19,300.79",,393445.43
07-03-2025,NACH/MANDATE/RNT9097000/RENT MANDATE,424451916502,"12,000.00",,381445.43
08-03-2025,UPI/DR/246311266449/Himanshu/SBIN/himanshudutt62@upi/UPI,550769809243,"21,950.88",,359494.55
09-03-2025,UPI/DR/530433499471/BSNL/RAZORPAY/broadband@paytm/UPI,549036914602,499.00,,358995.55
09-03-2025,UPI/DR/070044575427/Vijay/FDRL/vijay928@oksbi/UPI,478121821124,"21,050.90",,337944.65
10-03-2025,UPI/DR/533014875197/Priya/BKID/priya729@apl/UPI,927106796460,"8,700.95",,329243.70
10-03-2025,NACH/MANDATE/LN130304190447/LIC Housing Finance,179341449334,"9,000.00",,320243.70
10-03-2025,ATM-CASH-WDL/XZN027869/NAGPUR,284312735170,"2,000.00",,318243.70
11-03-2025,UPI/DR/094685103795/SBI/LICI/licindia@licindia/UPI,564471489718,"2,200.00",,316043.70
11-03-2025,POS VISHAL MEGA MART NAGPUR,630086397673,650.89,,315392.81
12-03-2025,UPI/DR/042631766079/Arun/BKID/arun966@okhdfcbank/UPI,643805600730,"7,300.45",,308092.36
12-03-2025,UPI/DR/347243930527/Jio/ICICI/jio@paytm/UPI,844588811242,920.71,,307171.65
12-03-2025,UPI/CR/876913788336/Rani/BARB/ranipand83@upi/UPI,771459659611,,500.53,307672.18
12-03-2025,UPI/DR/142272558756/Flipkart/PAYTM/flipkart@ybl/UPI,505672143270,"1,400.02",,306272.16
12-03-2025,UPI/DR/911131765247/Rapido/PAYTM/rapido@icici/UPI,373989773146,220.38,,306051.78
13-03-2025,UPI/DR/839542534391/Zomato/ICICI/zomato@axisbank/UPI,704325743456,"1,480.73",,304571.05
14-03-2025,IMPS-683909284797-Manoj Kumar,574081185613,"18,600.36",,285970.69
14-03-2025,UPI/DR/360334664554/Jio/PAYTM/airtel@axis/UPI,205340115225,669.00,,285301.69
14-03-2025,ATM-CASH-WDL/SEC883984/NAGPUR,873708283373,"2,500.00",,282801.69
15-03-2025,NACH/MANDATE/SIP5773966/Mirae Asset MF,247383393554,"2,500.00",,280301.69
16-03-2025,POS SHELL FUEL STATION NAGPUR,140212765503,"3,750.03",,276551.66
16-03-2025,UPI/DR/493003589682/Uber/ICICI/uber@paytm/UPI,658086793739,750.34,,275801.32
16-03-2025,UPI/DR/972220437654/Jio/PAYTM/airtel@axis/UPI,290881749092,339.00,,275462.32
16-03-2025,UPI/DR/110297223128/IRCTC/ICICI/irctc@upi/UPI,027722849789,749.00,,274713.32
17-03-2025,UPI/DR/687633262890/Jio/PAYTM/airtel@axis/UPI,819981132091,219.00,,274494.32
17-03-2025,UPI/DR/737700952782/CESC/UPIN/cescpayment@upi/UPI,418893278821,"2,350.99",,272143.33
17-03-2025,POS METRO CASH CARRY NAGPUR,084634714045,"2,600.60",,269542.73
18-03-2025,POS BRAND FACTORY NAGPUR,363700954016,"1,150.36",,268392.37
18-03-2025,UPI/DR/400235287605/Sushma/FDRL/sushma303@apl/UPI,382712039202,"5,550.42",,262841.95
19-03-2025,ATM-CASH-WDL/XUW165643/NAGPUR,830250611984,"6,500.00",,256341.95
19-03-2025,UPI/DR/718523002525/Ola/PAYTM/olamoney@ola/UPI,277800681288,870.08,,255471.87
19-03-2025,UPI/DR/342453862615/Zomato/ICICI/zomato@axisbank/UPI,343480047736,"2,650.68",,252821.19
20-03-2025,ATM-CASH-WDL/IDO079145/NAGPUR,677671199623,"4,000.00",,248821.19
20-03-2025,UPI/DR/149824624453/Jio/PAYTM/airtel@axis/UPI,745744060002,949.00,,247872.19
23-03-2025,NEFT/N2199417835544/Vodafone Idea Ltd,955494018676,,"25,000.73",272872.92
23-03-2025,POS BIG BAZAAR NAGPUR,366873288826,"1,000.88",,271872.04
24-03-2025,UPI/DR/848233982738/Myntra/PAYTM/myntra@ybl/UPI,845249790449,"2,600.10",,269271.94
24-03-2025,POS CENTRAL MALL NAGPUR,532585570515,"8,450.07",,260821.87
25-03-2025,UPI/DR/953096165656/Vivek/UTIB/vivek.mehta@paytm/UPI,136668680554,"11,250.95",,249570.92
25-03-2025,POS BHARAT PETROLEUM NAGPUR,915639330946,950.70,,248620.22
25-03-2025,UPI/DR/618112606948/Indane/ICICI/indanegas@upi/UPI,624730290000,"1,500.20",,247120.02
26-03-2025,POS MAX FASHION NAGPUR,169030372096,"1,800.06",,245319.96
28-03-2025,INTEREST CREDIT,357656525945,,640.04,245960.00
28-03-2025,UPI/DR/149247361480/Flipkart/ICICI/flipkart@ybl/UPI,305738884569,"1,770.05",,244189.95
28-03-2025,UPI/DR/862674049463/Flipkart/ICICI/flipkart@ybl/UPI,235102506832,"1,430.89",,242759.06
29-03-2025,POS INDIAN OIL NAGPUR,338574474677,"2,500.14",,240258.92
30-03-2025,UPI/DR/502333933429/Swiggy/ICICI/swiggy@icici/UPI,423676690972,180.10,,240078.82
30-03-2025,POS SHELL FUEL STATION NAGPUR,441984352892,900.03,,239178.79
31-03-2025,UPI/CR/922464154816/Archana/SBIN/archana.sharma@oksbi/UPI,181190571025,,"19,300.49",258479.28
01-04-2025,UPI/DR/828932692377/Vishal/BDBL/vishal.naik@okicici/UPI,209670270323,"19,800.77",,238678.51
01-04-2025,ATM-CASH-WDL/RWB154457/NAGPUR,427605541979,"3,500.00",,235178.51
03-04-2025,UPI/DR/570864801914/Jio/PAYTM/airtel@axis/UPI,695604571838,989.00,,234189.51
04-04-2025,SALARY CREDIT/S0824786786840/Maruti Suzuki India,794121642998,,"128,752.74",362942.25
04-04-2025,UPI/DR/371114586626/Ola/PAYTM/olamoney@ola/UPI,373999603243,580.05,,362362.20
04-04-2025,UPI/DR/337954928036/Flipkart/ICICI/flipkart@ybl/UPI,663444118193,"1,260.44",,361101.76
05-04-2025,NACH/MANDATE/RNT4782343/RENT MANDATE,183650091599,"12,000.00",,349101.76
05-04-2025,UPI/DR/485604411396/Kapil/BDBL/5808505088@ibl/UPI,245639980051,"19,500.63",,329601.13
06-04-2025,UPI/DR/807155521297/Zepto/ICICI/zepto@apl/UPI,074800507880,"1,190.61",,328410.52
06-04-2025,UPI/DR/211789074492/Sunil/UCBA/sunil.sen@upi/UPI,223904807029,"13,650.79",,314759.73
06-04-2025,POS SHOPPERS STOP NAGPUR,140252240363,"8,100.93",,306658.80
07-04-2025,UPI/DR/938049189808/Uber/PAYTM/uber@paytm/UPI,328543141565,470.98,,306187.82
07-04-2025,UPI/DR/740593095387/BSNL/RAZORPAY/broadband@paytm/UPI,420011884902,"1,099.00",,305088.82
07-04-2025,ATM-CASH-WDL/GZZ793085/NAGPUR,705456550881,"7,500.00",,297588.82
07-04-2025,IMPS-368655798838-Ravi Shukla,582997068107,"40,000.59",,257588.23
08-04-2025,POS MORE SUPER MARKET NAGPUR,957252394288,750.70,,256837.53
09-04-2025,POS BHARAT PETROLEUM NAGPUR,528403381483,"1,050.48",,255787.05
09-04-2025,UPI/CR/462763083377/Kiran/UTIB/kiran.srivastava@ptyes/UPI,663819823317,,"10,350.04",266137.09
10-04-2025,NACH/MANDATE/LN130304190447/LIC Housing Finance,161168191592,"9,000.00",,257137.09
10-04-2025,UPI/DR/721740331400/Maya/KKBK/2723978862@paytm/UPI,423827721232,"6,350.17",,250786.92
10-04-2025,UPI/CR/227103744493/Swati/UCBA/swati.pillai@apl/UPI,074762837559,,"3,000.36",253787.28
11-04-2025,UPI/DR/864949961751/Zepto/ICICI/zepto@apl/UPI,316217368782,630.14,,253157.14
11-04-2025,UPI/DR/700754724162/Naveen/UCBA/naveenjosh72@oksbi/UPI,159356083193,"7,050.86",,246106.28
11-04-2025,UPI/DR/210532069935/Ola/PAYTM/olamoney@ola/UPI,928379429650,630.41,,245475.87
13-04-2025,NACH/MANDATE/SIP6705761/Mirae Asset MF,364367027192,"2,500.00",,242975.87
15-04-2025,UPI/DR/365156394696/CESC/UPIN/cescpayment@upi/UPI,710610172695,"1,800.20",,241175.67
15-04-2025,ATM-CASH-WDL/ZWG850210/NAGPUR,742139048703,"5,000.00",,236175.67
15-04-2025,POS BRAND FACTORY NAGPUR,846173124888,"5,000.40",,231175.27
16-04-2025,ATM-CASH-WDL/VTZ735182/NAGPUR,917131014423,"5,000.00",,226175.27
16-04-2025,UPI/DR/878008248743/Meesho/PAYTM/meesho@ybl/UPI,954141529957,"4,550.29",,221624.98
16-04-2025,UPI/CR/682692598479/Akash/HDFC/akash.chopra@okicici/UPI,110416098690,,"2,200.24",223825.22
16-04-2025,POS INDIAN OIL NAGPUR,863036489938,950.73,,222874.49
16-04-2025,UPI/DR/475750508351/Naveen/UTIB/3397415730@ibl/UPI,963216411529,"15,750.32",,207124.17
17-04-2025,UPI/DR/724530510104/Suresh/FDRL/suresh.desai@axl/UPI,381586238557,"2,100.60",,205023.57
17-04-2025,POS D MART NAGPUR,584302244540,"3,700.16",,201323.41
17-04-2025,UPI/DR/845543987269/Uber/PAYTM/uber@paytm/UPI,628658019162,790.37,,200533.04
17-04-2025,UPI/DR/407556218269/Uber/ICICI/uber@paytm/UPI,359534749754,"1,420.68",,199112.36
17-04-2025,POS BHARAT PETROLEUM NAGPUR,364972064660,"4,450.92",,194661.44
18-04-2025,POS D MART NAGPUR,747121135942,"4,150.94",,190510.50
19-04-2025,UPI/DR/014561919132/Uber/ICICI/uber@paytm/UPI,408947193060,340.83,,190169.67
19-04-2025,UPI/CR/109214286973/Pallavi/BARB/pallavinamb39@kotak/UPI,352518854854,,"11,050.11",201219.78
20-04-2025,UPI/DR/181322448725/Zepto/ICICI/zepto@apl/UPI,203619565342,"2,150.26",,199069.52
21-04-2025,UPI/DR/910928534470/Jio/PAYTM/airtel@axis/UPI,883033461118,499.00,,198570.52
21-04-2025,UPI/DR/404470531173/Jio/PAYTM/airtel@axis/UPI,324024584393,249.00,,198321.52
21-04-2025,UPI/DR/069840580653/Swiggy/ICICI/swiggy@icici/UPI,054138448043,"1,760.61",,196560.91
22-04-2025,UPI/DR/621893277436/Uber/PAYTM/uber@paytm/UPI,402619159036,820.31,,195740.60
23-04-2025,UPI/DR/232155508765/Ola/ICICI/olamoney@ola/UPI,090587984017,"1,750.32",,193990.28
23-04-2025,UPI/DR/574593652173/PhonePe/ICICI/phonepe@ybl/UPI,327501845370,940.16,,193050.12
23-04-2025,UPI/DR/018791182317/Indane/ICICI/indanegas@upi/UPI,528468392487,"2,250.46",,190799.66
24-04-2025,POS V MART NAGPUR,600688336717,"5,900.16",,184899.50
24-04-2025,UPI/CR/370403410529/Babita/PUNB/babita.pillai@ptaxis/UPI,587127436693,,"19,000.95",203900.45
26-04-2025,UPI/DR/370606026929/Amazon/PAYTM/amazon@apl/UPI,821330835568,"5,400.26",,198500.19
26-04-2025,UPI/DR/554566495249/Meesho/PAYTM/meesho@ybl/UPI,694677373952,"4,600.28",,193899.91
26-04-2025,UPI/DR/026831113397/Zomato/ICICI/zomato@axisbank/UPI,360977834594,340.76,,193559.15
27-04-2025,GST ON CHARGES,929666340191,10.80,,193548.35
27-04-2025,ACCOUNT MAINTENANCE CHARGES,667101033457,60.00,,193488.35
27-04-2025,UPI/DR/107649751460/Jio/ICICI/jio@paytm/UPI,152420510370,"1,350.52",,192137.83
27-04-2025,UPI/CR/248013847787/Kapil/UTIB/kapil795@ptyes/UPI,876794426470,,"5,200.05",197337.88
28-04-2025,POS RELIANCE PETROLEUM NAGPUR,417860705290,800.25,,196537.63
28-04-2025,UPI/DR/702773726194/Blinkit/ICICI/blinkit@kotak/UPI,665956378446,340.05,,196197.58
29-04-2025,UPI/DR/715002908961/Ola/ICICI/olamoney@ola/UPI,660785483464,"2,490.00",,193707.58
30-04-2025,UPI/DR/692248270706/Kiran/FDRL/kiran.kapoor@ptaxis/UPI,419478255375,"16,850.44",,176857.14
30-04-2025,UPI/DR/696508653748/Manoj/FDRL/8454590856@okicici/UPI,733575027227,"8,250.19",,168606.95
01-05-2025,ATM-CASH-WDL/ODA530369/NAGPUR,083027220381,"9,000.00",,159606.95
01-05-2025,POS METRO CASH CARRY NAGPUR,277938181386,"4,400.20",,155206.75
01-05-2025,UPI/DR/729025774475/PhonePe/ICICI/phonepe@ybl/UPI,288542406608,"1,490.68",,153716.07
02-05-2025,POS BRAND FACTORY NAGPUR,175756676447,"1,950.71",,151765.36
02-05-2025,UPI/DR/262328443912/Naresh/BDBL/4542702811@pthdfc/UPI,016935035642,"1,100.63",,150664.73
02-05-2025,UPI/DR/527844870309/Uber/ICICI/uber@paytm/UPI,325768013443,"2,020.15",,148644.58
03-05-2025,IMPS-873081162307-Rekha Rao,261238982922,"10,000.54",,138644.04
03-05-2025,UPI/DR/465007193600/Uber/ICICI/uber@paytm/UPI,538297523944,170.13,,138473.91
04-05-2025,UPI/DR/912347553548/Deepa/BKID/deeparedd75@oksbi/UPI,228676901760,"14,500.62",,123973.29
04-05-2025,UPI/DR/628893138728/BSNL/ICICI/bsnlbroadband@upi/UPI,939301800629,"2,050.33",,121922.96
05-05-2025,POS MORE SUPER MARKET NAGPUR,069993725628,"3,450.90",,118472.06
06-05-2025,SALARY CREDIT/S3827695112868/Maruti Suzuki India,864419751545,,"130,385.74",248857.80
06-05-2025,UPI/DR/208524636906/Krishna/UCBA/krishna.khanna@ptsbi/UPI,700531664194,"5,400.96",,243456.84
07-05-2025,UPI/DR/257873029877/Sushma/KKBK/sushma.kumar@pthdfc/UPI,599368295415,"12,450.99",,231005.85
07-05-2025,UPI/DR/217384066005/Jio/ICICI/jio@paytm/UPI,766088573719,"2,400.06",,228605.79
07-05-2025,UPI/DR/789072737072/Flipkart/PAYTM/flipkart@ybl/UPI,001174752535,"3,750.20",,224855.59
07-05-2025,ATM-CASH-WDL/AXJ480278/NAGPUR,898784029465,"5,000.00",,219855.59
07-05-2025,UPI/CR/492478783747/Sushma/HDFC/sushma.chatterjee@okicici/UPI,463287522103,,"14,800.81",234656.40
08-05-2025,POS D MART NAGPUR,600444544038,"3,300.41",,231355.99
08-05-2025,UPI/CR/489249357046/Mina/BDBL/1850262709@ptsbi/UPI,676514495318,,"15,650.75",247006.74
08-05-2025,UPI/CR/975563672100/Neha/HDFC/5302190860@ptaxis/UPI,134984200280,,"5,150.40",252157.14
09-05-2025,UPI/CR/129250524257/Sapna/PUNB/sapna.yadav@paytm/UPI,303598712161,,"18,050.89",270208.03
10-05-2025,UPI/DR/090626337205/Maya/BARB/maya.mehta@ptyes/UPI,308712210223,"19,550.70",,250657.33
11-05-2025,POS SHOPPERS STOP NAGPUR,949660802370,"4,800.01",,245857.32
11-05-2025,UPI/DR/638124228878/Indane/ICICI/indanegas@upi/UPI,602118224108,"1,750.72",,244106.60
11-05-2025,NACH/MANDATE/RNT5586650/RENT MANDATE,522185553132,"12,000.00",,232106.60
12-05-2025,UPI/CR/536229296676/Seema/SBIN/seema583@upi/UPI,964217989646,,"11,700.28",243806.88
12-05-2025,NACH/MANDATE/LN130304190447/LIC Housing Finance,909380934923,"9,000.00",,234806.88
13-05-2025,NEFT/N5010583579106/Fortis Healthcare Lt,543545735919,,"13,500.10",248306.98
14-05-2025,NACH/MANDATE/SIP9926703/Mirae Asset MF,506665689961,"2,500.00",,245806.98
14-05-2025,UPI/DR/044477453298/Swiggy/ICICI/swiggy@icici/UPI,684611086822,"2,380.55",,243426.43
15-05-2025,UPI/CR/836570185566/Naresh/BARB/naresh.sen@okicici/UPI,133607987472,,"3,400.97",246827.40
16-05-2025,UPI/DR/384051963215/Ola/PAYTM/olamoney@ola/UPI,409000901257,740.11,,246087.29
16-05-2025,POS INDIAN OIL NAGPUR,716543023780,"1,550.28",,244537.01
17-05-2025,UPI/DR/277705335169/Flipkart/PAYTM/flipkart@ybl/UPI,454355879801,"2,800.62",,241736.39
18-05-2025,UPI/DR/427003731551/Jio/PAYTM/airtel@axis/UPI,238220324636,399.00,,241337.39
19-05-2025,UPI/DR/866876761553/Dinesh/UCBA/dineshredd81@oksbi/UPI,018414734785,"17,300.15",,224037.24
19-05-2025,POS RELIANCE PETROLEUM NAGPUR,019547109480,"4,100.44",,219936.80
20-05-2025,UPI/DR/698585117149/Paytm/ICICI/paytm@paytm/UPI,308545874228,"2,630.37",,217306.43
20-05-2025,UPI/DR/603624121409/CESC/UPIN/cescpayment@upi/UPI,573378223598,900.00,,216406.43
20-05-2025,UPI/CR/861620367136/Anita/UCBA/anita490@upi/UPI,479109214949,,"10,050.38",226456.81
21-05-2025,UPI/DR/728836604680/Jio/PAYTM/airtel@axis/UPI,194096131789,869.00,,225587.81
21-05-2025,UPI/DR/598619035875/Zepto/ICICI/zepto@apl/UPI,378338765879,290.52,,225297.29
21-05-2025,UPI/DR/582327438577/Uber/PAYTM/uber@paytm/UPI,472629561849,190.40,,225106.89
22-05-2025,UPI/DR/064924091340/Jio/PAYTM/airtel@axis/UPI,614218084144,219.00,,224887.89
22-05-2025,POS HP PETROL PUMP NAGPUR,092988319699,"4,400.13",,220487.76
23-05-2025,UPI/DR/449051139885/BSNL/RAZORPAY/broadband@paytm/UPI,450126270639,699.00,,219788.76
23-05-2025,UPI/DR/264536012093/Amazon/ICICI/amazon@apl/UPI,888557676242,"1,880.31",,217908.45
23-05-2025,UPI/DR/296255380236/Blinkit/ICICI/blinkit@kotak/UPI,875318212542,"1,860.02",,216048.43
23-05-2025,UPI/DR/242387002256/Uber/PAYTM/uber@paytm/UPI,438256856753,860.39,,215188.04
24-05-2025,UPI/DR/853102888015/Uber/PAYTM/uber@paytm/UPI,908094648233,840.72,,214347.32
24-05-2025,UPI/DR/181193894242/Jio/PAYTM/airtel@axis/UPI,662106443997,509.00,,213838.32
24-05-2025,UPI/DR/066612386832/Apollo/ICICI/apollopharmacy@ybl/UPI,509076721657,149.00,,213689.32
25-05-2025,ATM-CASH-WDL/TVR239447/NAGPUR,485967679783,"9,000.00",,204689.32
26-05-2025,POS INDIAN OIL NAGPUR,619921625624,"1,250.64",,203438.68
27-05-2025,UPI/CR/601133922885/Sanjay/KKBK/sanjay.roy@apl/UPI,711764203272,,"4,750.27",208188.95
27-05-2025,ACCOUNT MAINTENANCE CHARGES,864927288228,550.00,,207638.95
27-05-2025,GST ON CHARGES,876225894799,99.00,,207539.95
28-05-2025,UPI/DR/762322331958/Ola/ICICI/olamoney@ola/UPI,664728895833,360.15,,207179.80
28-05-2025,UPI/CR/229659353741/Sushma/BKID/sushmasing30@okaxis/UPI,429338104618,,"5,500.02",212679.82
29-05-2025,POS BRAND FACTORY NAGPUR,992548888088,"3,900.11",,208779.71
29-05-2025,UPI/DR/360703716885/Dunzo/ICICI/dunzo@razorpay/UPI,324273418981,"2,180.26",,206599.45
29-05-2025,UPI/DR/538879137184/Amazon/ICICI/amazon@apl/UPI,577797295239,970.02,,205629.43
29-05-2025,POS SHOPPERS STOP NAGPUR,670000456470,"6,550.03",,199079.40
30-05-2025,UPI/DR/006475791485/Gopal/BKID/gopalbose17@okicici/UPI,983790910809,"10,900.33",,188179.07
31-05-2025,UPI/DR/202662234156/Sarita/SBIN/sarita136@pthdfc/UPI,327395945008,"5,900.29",,182278.78
01-06-2025,UPI/DR/456732812086/Radha/UCBA/1578470372@ptyes/UPI,392169393435,"16,250.23",,166028.55
03-06-2025,UPI/DR/312272439141/PhonePe/ICICI/phonepe@ybl/UPI,016010940328,"1,530.38",,164498.17
03-06-2025,UPI/DR/221647498888/Usha/SBIN/6232523230@okicici/UPI,889178789469,"16,500.15",,147998.02
04-06-2025,POS PANTALOONS NAGPUR,414435363487,"3,650.23",,144347.79
05-06-2025,UPI/DR/084631310095/SBI/LICI/licindia@licindia/UPI,060309069494,"2,200.00",,142147.79
06-06-2025,UPI/DR/813075092942/Zomato/ICICI/zomato@axisbank/UPI,935493599173,"1,800.56",,140347.23
06-06-2025,ATM-CASH-WDL/OXD334238/NAGPUR,751876585213,"4,500.00",,135847.23
06-06-2025,SALARY CREDIT/S1833142811775/Maruti Suzuki India,348396034222,,"130,058.74",265905.97
06-06-2025,POS MAX FASHION NAGPUR,040947799728,800.68,,265105.29
07-06-2025,UPI/DR/753912673929/Uber/PAYTM/uber@paytm/UPI,432079954471,610.59,,264494.70
08-06-2025,UPI/DR/059435112277/Blinkit/ICICI/blinkit@kotak/UPI,742378708975,500.56,,263994.14
08-06-2025,UPI/DR/324157778868/Uber/ICICI/uber@paytm/UPI,409134664983,770.49,,263223.65
09-06-2025,UPI/DR/779052808186/Myntra/PAYTM/myntra@ybl/UPI,275037958319,"5,250.49",,257973.16
09-06-2025,ATM-CASH-WDL/PRR027143/NAGPUR,445623825081,"6,500.00",,251473.16
11-06-2025,UPI/DR/463114667711/Myntra/PAYTM/myntra@ybl/UPI,008464692095,550.68,,250922.48
11-06-2025,NACH/MANDATE/RNT6882445/RENT MANDATE,618645251215,"12,000.00",,238922.48
11-06-2025,POS BRAND FACTORY NAGPUR,902451175745,"4,300.60",,234621.88
11-06-2025,UPI/CR/139039337741/Mina/BKID/mina.chopra@axl/UPI,678644961470,,"2,250.58",236872.46
11-06-2025,UPI/DR/782812317597/Mohan/BKID/3369536779@okaxis/UPI,401626530641,"2,800.94",,234071.52
12-06-2025,UPI/DR/018068426541/BigBasket/ICICI/bigbasket@ybl/UPI,103279132748,460.63,,233610.89
12-06-2025,NACH/MANDATE/LN130304190447/LIC Housing Finance,625042152264,"9,000.00",,224610.89
12-06-2025,UPI/DR/137477518199/Nykaa/ICICI/nykaa@razorpay/UPI,181167575677,299.00,,224311.89
12-06-2025,UPI/DR/308373582234/Apollo/ICICI/apollopharmacy@ybl/UPI,882257053201,899.00,,223412.89
12-06-2025,POS RELIANCE PETROLEUM NAGPUR,633387382427,900.34,,222512.55
12-06-2025,POS D MART NAGPUR,666827668881,"2,300.26",,220212.29
13-06-2025,UPI/DR/963335480624/Rapido/PAYTM/rapido@icici/UPI,033820044783,480.14,,219732.15
13-06-2025,UPI/DR/244968360192/Jio/PAYTM/airtel@axis/UPI,516515465024,619.00,,219113.15
15-06-2025,NACH/MANDATE/SIP0271952/Mirae Asset MF,962172515285,"2,500.00",,216613.15
16-06-2025,UPI/DR/320666681551/BSNL/RAZORPAY/broadband@paytm/UPI,019123887017,899.00,,215714.15
18-06-2025,UPI/DR/194745207641/Ola/PAYTM/olamoney@ola/UPI,840612985213,560.72,,215153.43
19-06-2025,UPI/DR/630414723030/1mg/ICICI/tatahealth@icici/UPI,812761927999,250.19,,214903.24
19-06-2025,UPI/DR/610188117026/CESC/UPIN/cescpayment@upi/UPI,050580528051,600.62,,214302.62
20-06-2025,UPI/DR/448669211406/Ola/ICICI/olamoney@ola/UPI,725413908835,"1,980.88",,212321.74
21-06-2025,UPI/CR/685945003956/Santosh/UCBA/santosh.mukherjee@upi/UPI,658637215969,,"9,250.91",221572.65
22-06-2025,UPI/DR/941745002318/Uber/PAYTM/uber@paytm/UPI,873174663669,780.71,,220791.94
22-06-2025,UPI/DR/536139573451/Indane/ICICI/indanegas@upi/UPI,000618467035,"2,050.81",,218741.13
22-06-2025,UPI/DR/160303703016/Ola/PAYTM/olamoney@ola/UPI,700001161899,460.40,,218280.73
23-06-2025,UPI/DR/776551766572/Zepto/ICICI/zepto@apl/UPI,360016940132,"1,890.64",,216390.09
23-06-2025,POS V MART NAGPUR,473121353590,"5,800.05",,210590.04
23-06-2025,UPI/DR/235611015747/Ola/ICICI/olamoney@ola/UPI,605815044075,"2,760.21",,207829.83
23-06-2025,UPI/DR/269636488845/Uber/ICICI/uber@paytm/UPI,847282535013,"2,300.99",,205528.84
24-06-2025,UPI/DR/790570408223/Zomato/ICICI/zomato@axisbank/UPI,890043762058,140.46,,205388.38
24-06-2025,UPI/DR/076524297286/Brijesh/BKID/brijesh833@okaxis/UPI,270529302487,"2,000.38",,203388.00
24-06-2025,POS HP PETROL PUMP NAGPUR,067403514196,"1,200.43",,202187.57
25-06-2025,UPI/CR/973517485677/Rohit/PUNB/rohityada80@apl/UPI,868299332746,,"6,200.51",208388.08
26-06-2025,UPI/DR/025512091149/Mukesh/PUNB/mukesh.khanna@ybl/UPI,134233215153,"4,600.90",,203787.18
27-06-2025,UPI/CR/074742373942/Rani/BDBL/8823406453@okaxis/UPI,231879285416,,"5,200.56",208987.74
28-06-2025,INTEREST CREDIT,945835192624,,570.97,209558.71
29-06-2025,UPI/DR/858238611862/Jio/PAYTM/airtel@axis/UPI,326296756054,449.00,,209109.71
30-06-2025,UPI/DR/643104556882/Paytm/ICICI/paytm@paytm/UPI,606434096125,"2,750.92",,206358.79
01-07-2025,UPI/DR/313546288631/PhonePe/ICICI/phonepe@ybl/UPI,020539891864,"2,460.08",,203898.71
01-07-2025,UPI/CR/109033895808/Brijesh/UTIB/brijesh.mishra@oksbi/UPI,342108207467,,"19,450.74",223349.45
01-07-2025,UPI/CR/597772139860/Krishna/PUNB/krishnapate99@ptaxis/UPI,593066742309,,"18,600.46",241949.91
02-07-2025,UPI/DR/459704007454/PhonePe/ICICI/phonepe@ybl/UPI,361421320517,"2,740.23",,239209.68
02-07-2025,UPI/DR/685330044120/Blinkit/ICICI/blinkit@kotak/UPI,502355457561,190.33,,239019.35
03-07-2025,UPI/DR/975265926296/BSNL/ICICI/bsnlbroadband@upi/UPI,859597847223,"1,860.08",,237159.27
03-07-2025,UPI/DR/478910863443/1mg/ICICI/tatahealth@icici/UPI,370669428964,750.25,,236409.02
03-07-2025,UPI/DR/822752568362/Siddharth/UTIB/siddharth900@kotak/UPI,100801147498,"7,200.75",,229208.27
04-07-2025,UPI/CR/886136007790/Sushma/SBIN/8276326003@ybl/UPI,899729254365,,"16,150.60",245358.87
05-07-2025,SALARY CREDIT/S6721761662314/Maruti Suzuki India,511457164557,,"126,503.74",371862.61
06-07-2025,UPI/DR/552135063674/Jio/PAYTM/airtel@axis/UPI,551744340598,729.00,,371133.61
06-07-2025,UPI/CR/134884247751/Pallavi/BDBL/7241419286@ptaxis/UPI,366596769200,,"18,200.20",389333.81
06-07-2025,UPI/DR/037247203434/Amazon/ICICI/amazon@apl/UPI,131459995240,"2,180.61",,387153.20
06-07-2025,UPI/CR/501556342952/Anil/BARB/anilyada53@ptaxis/UPI,381636551027,,"3,450.19",390603.39
06-07-2025,POS SHELL FUEL STATION NAGPUR,239022022593,"4,500.04",,386103.35
07-07-2025,NACH/MANDATE/RNT2241442/RENT MANDATE,334027181058,"12,000.00",,374103.35
07-07-2025,UPI/DR/702834085427/Dunzo/ICICI/dunzo@razorpay/UPI,458515978029,"1,770.46",,372332.89
07-07-2025,POS BIG BAZAAR NAGPUR,214924506333,"7,400.69",,364932.20
07-07-2025,POS RELIANCE PETROLEUM NAGPUR,536085572482,"1,350.43",,363581.77
08-07-2025,NACH/MANDATE/LN130304190447/LIC Housing Finance,319987958250,"9,000.00",,354581.77
08-07-2025,UPI/DR/872711534099/Swiggy/ICICI/swiggy@icici/UPI,554520362630,"1,890.23",,352691.54
10-07-2025,ATM-CASH-WDL/UQU264005/NAGPUR,758259987295,"1,000.00",,351691.54
10-07-2025,UPI/DR/925769135019/Jio/ICICI/jio@paytm/UPI,177050240360,410.13,,351281.41
11-07-2025,UPI/DR/626622767889/Archana/BDBL/archana.kulkarni@ptsbi/UPI,603086724647,"19,800.98",,331480.43
11-07-2025,UPI/DR/232479097595/Uber/PAYTM/uber@paytm/UPI,871072715908,540.38,,330940.05
11-07-2025,POS INDIAN OIL NAGPUR,743294056097,"2,100.18",,328839.87
12-07-2025,UPI/DR/125066870956/Flipkart/PAYTM/flipkart@ybl/UPI,682871412136,650.88,,328188.99
13-07-2025,UPI/DR/591055834275/Meesho/PAYTM/meesho@ybl/UPI,713664979115,950.32,,327238.67
13-07-2025,POS CENTRAL MALL NAGPUR,931339394735,950.09,,326288.58
13-07-2025,UPI/DR/135740062936/Swiggy/ICICI/swiggy@icici/UPI,272598299667,970.89,,325317.69
13-07-2025,UPI/DR/988549504650/PhonePe/ICICI/phonepe@ybl/UPI,817413149704,"2,140.62",,323177.07
13-07-2025,UPI/DR/537130343535/Jyoti/UTIB/4904618206@upi/UPI,363885279477,"13,850.40",,309326.67
13-07-2025,POS MORE SUPER MARKET NAGPUR,978614594017,"4,000.09",,305326.58
15-07-2025,UPI/DR/548567910797/Flipkart/ICICI/flipkart@ybl/UPI,982601373291,"1,350.96",,303975.62
16-07-2025,UPI/CR/236463641788/Vandana/KKBK/vandanajain71@kotak/UPI,164182931592,,"13,000.19",316975.81
16-07-2025,UPI/DR/978527317777/Isha/PUNB/isha.srivastava@kotak/UPI,383118218520,"11,200.19",,305775.62
17-07-2025,UPI/DR/285289277331/Uber/PAYTM/uber@paytm/UPI,294561342180,350.75,,305424.87
17-07-2025,NACH/MANDATE/SIP1412488/Mirae Asset MF,337059807014,"2,500.00",,302924.87
17-07-2025,UPI/CR/927848732289/Preeti/SBIN/preeti202@kotak/UPI,419552012896,,"17,400.66",320325.53
18-07-2025,UPI/DR/634570638827/Jio/PAYTM/airtel@axis/UPI,374345086991,559.00,,319766.53
19-07-2025,UPI/DR/767254289020/Jio/ICICI/jio@paytm/UPI,764522974422,"2,430.51",,317336.02
20-07-2025,UPI/DR/002337377389/Indane/ICICI/indanegas@upi/UPI,902274157471,"1,650.27",,315685.75
20-07-2025,UPI/DR/099076543336/CESC/UPIN/cescpayment@upi/UPI,955598477809,650.66,,315035.09
21-07-2025,UPI/DR/816043415457/Dunzo/ICICI/dunzo@razorpay/UPI,915687121480,790.81,,314244.28
22-07-2025,UPI/DR/896012185292/PhonePe/ICICI/phonepe@ybl/UPI,421018933164,480.30,,313763.98
22-07-2025,UPI/CR/561947840215/Sarita/BKID/sarita197@oksbi/UPI,571057397934,,"7,250.48",321014.46
23-07-2025,UPI/DR/520195522524/Amazon/PAYTM/amazon@apl/UPI,012001271496,450.10,,320564.36
23-07-2025,UPI/DR/827974385945/Jio/PAYTM/airtel@axis/UPI,906279057585,459.00,,320105.36
24-07-2025,UPI/DR/567422534270/Shreya/SBIN/9382343538@ptaxis/UPI,559396725551,"6,150.11",,313955.25
24-07-2025,UPI/DR/098981126703/Rapido/PAYTM/rapido@icici/UPI,569890325378,570.83,,313384.42
25-07-2025,UPI/DR/553022893709/Ola/ICICI/olamoney@ola/UPI,697664141568,190.87,,313193.55
26-07-2025,UPI/DR/109716456572/Ola/PAYTM/olamoney@ola/UPI,269920528449,370.16,,312823.39
26-07-2025,UPI/DR/964762776996/BigBasket/ICICI/bigbasket@ybl/UPI,119912368199,710.62,,312112.77
28-07-2025,UPI/DR/416441058356/BSNL/RAZORPAY/broadband@paytm/UPI,162844281827,"1,249.00",,310863.77
28-07-2025,ATM-CASH-WDL/SNM189114/NAGPUR,728625825622,"10,000.00",,300863.77
28-07-2025,UPI/DR/634975616660/Practo/ICICI/practo@paytm/UPI,071740929061,549.00,,300314.77
01-08-2025,UPI/DR/867997913562/Dinesh/BARB/dineshredd94@kotak/UPI,804038873937,"21,400.45",,278914.32
01-08-2025,UPI/CR/509088748934/Deepak/BKID/deepak296@oksbi/UPI,926903308371,,"15,450.84",294365.16
02-08-2025,POS BRAND FACTORY NAGPUR,768092524905,"1,700.32",,292664.84
02-08-2025,UPI/CR/005658087333/Kamal/HDFC/4363239278@axl/UPI,180096092415,,"19,800.27",312465.11
02-08-2025,UPI/CR/073479335754/Vandana/UCBA/vandana.desai@pthdfc/UPI,523720408181,,"21,000.35",333465.46
02-08-2025,UPI/DR/947504583554/Blinkit/ICICI/blinkit@kotak/UPI,612216603594,830.29,,332635.17
03-08-2025,UPI/DR/463673524395/Ola/PAYTM/olamoney@ola/UPI,695288795804,480.50,,332154.67
04-08-2025,UPI/DR/611282612392/Uber/PAYTM/uber@paytm/UPI,998526779179,560.00,,331594.67
04-08-2025,UPI/DR/726140073795/Uber/ICICI/uber@paytm/UPI,609948754891,"1,900.33",,329694.34
04-08-2025,UPI/DR/823575412226/Nykaa/PAYTM/nykaa@razorpay/UPI,422339144544,"5,850.90",,323843.44
05-08-2025,UPI/DR/511223357411/Geeta/SBIN/geetadas45@okicici/UPI,726709715171,"21,350.31",,302493.13
05-08-2025,UPI/DR/127191522973/Vikram/BDBL/2890149899@ibl/UPI,549302662320,"7,800.18",,294692.95
06-08-2025,POS RELIANCE MART NAGPUR,133038031025,"4,200.49",,290492.46
07-08-2025,UPI/DR/230487828915/Rahul/PUNB/rahulmeht13@okhdfcbank/UPI,576853285350,"8,200.35",,282292.11
07-08-2025,UPI/CR/185387568324/Neha/SBIN/neha.chaudhary@kotak/UPI,710927491506,,"10,950.99",293243.10
07-08-2025,SALARY CREDIT/S0708912928998/Maruti Suzuki India,347054068244,,"130,203.74",423446.84
09-08-2025,UPI/DR/148788223454/Paytm/ICICI/paytm@paytm/UPI,628692384762,"1,900.11",,421546.73
09-08-2025,UPI/CR/760640801910/Saurabh/BARB/4708680849@apl/UPI,395806295997,,"4,450.14",425996.87
10-08-2025,ATM-CASH-WDL/AVM257003/NAGPUR,879079612586,"6,500.00",,419496.87
10-08-2025,UPI/DR/144969267434/BSNL/ICICI/bsnlbroadband@upi/UPI,333860850331,"1,490.24",,418006.63
11-08-2025,UPI/DR/230159872561/Dunzo/ICICI/dunzo@razorpay/UPI,568459264641,"1,100.46",,416906.17
11-08-2025,UPI/DR/136122030297/Indane/ICICI/indanegas@upi/UPI,637966365283,"1,750.71",,415155.46
11-08-2025,POS METRO CASH CARRY NAGPUR,236642649738,"6,800.22",,408355.24
11-08-2025,POS BRAND FACTORY NAGPUR,099336934557,"1,950.61",,406404.63
12-08-2025,UPI/DR/814647772600/Jyoti/HDFC/jyoti232@okhdfcbank/UPI,272846674537,"20,100.39",,386304.24
12-08-2025,NACH/MANDATE/RNT6061632/RENT MANDATE,880623566866,"12,000.00",,374304.24
12-08-2025,UPI/DR/053210895522/Jio/PAYTM/airtel@axis/UPI,890487777153,469.00,,373835.24
12-08-2025,NACH/MANDATE/SIP2704843/Mirae Asset MF,769569082388,"2,500.00",,371335.24
14-08-2025,UPI/DR/047661012391/PhonePe/ICICI/phonepe@ybl/UPI,407649502530,600.90,,370734.34
14-08-2025,NACH/MANDATE/LN130304190447/LIC Housing Finance,126327563288,"9,000.00",,361734.34
15-08-2025,POS SHELL FUEL STATION NAGPUR,988647869420,"2,750.37",,358983.97
15-08-2025,UPI/DR/960825984139/Mukesh/PUNB/mukesh808@ptyes/UPI,421590940028,"21,900.42",,337083.55
15-08-2025,UPI/DR/109136662306/Dunzo/ICICI/dunzo@razorpay/UPI,727187398071,"2,150.39",,334933.16
15-08-2025,UPI/DR/881182861651/Yogesh/BKID/yogeshdas84@pthdfc/UPI,068309920576,"18,450.91",,316482.25
16-08-2025,UPI/DR/758303520899/Uber/ICICI/uber@paytm/UPI,342251569405,790.09,,315692.16
16-08-2025,NEFT/N5093280107129/Tata Consultancy Ser,894663556850,,"5,500.15",321192.31
16-08-2025,POS BIG BAZAAR NAGPUR,419964879910,"7,250.34",,313941.97
16-08-2025,ATM-CASH-WDL/WFX466668/NAGPUR,989198778123,"7,000.00",,306941.97
17-08-2025,UPI/DR/716939179072/Ola/ICICI/olamoney@ola/UPI,675862811634,"1,750.02",,305191.95
18-08-2025,UPI/DR/795002283617/PhonePe/ICICI/phonepe@ybl/UPI,651806870385,"2,100.57",,303091.38
18-08-2025,UPI/DR/816260158467/Uber/PAYTM/uber@paytm/UPI,239271367022,420.51,,302670.87
20-08-2025,UPI/DR/914238464770/Amit/BARB/amitpand22@oksbi/UPI,104065310229,"20,650.30",,282020.57
20-08-2025,UPI/DR/330944511887/CESC/UPIN/cescpayment@upi/UPI,996310947747,"1,300.92",,280719.65
20-08-2025,UPI/CR/658085456721/Shivam/BKID/shivam.rao@okhdfcbank/UPI,712906778768,,"1,450.27",282169.92
20-08-2025,UPI/CR/605836976082/Ritu/PUNB/ritushar54@ptyes/UPI,807553511452,,750.61,282920.53
21-08-2025,UPI/DR/948113641880/Rapido/PAYTM/rapido@icici/UPI,492787577832,590.36,,282330.17
22-08-2025,UPI/DR/659267936229/BigBasket/ICICI/bigbasket@ybl/UPI,693870908580,"1,090.07",,281240.10
23-08-2025,UPI/DR/399581235542/Jio/PAYTM/airtel@axis/UPI,709490653758,989.00,,280251.10
23-08-2025,UPI/DR/915778809767/Uber/PAYTM/uber@paytm/UPI,063719695306,860.14,,279390.96
24-08-2025,POS BHARAT PETROLEUM NAGPUR,064759450022,900.30,,278490.66
24-08-2025,UPI/DR/073360488623/Sarita/SBIN/saritapill16@ptsbi/UPI,315062698599,"13,700.80",,264789.86
25-08-2025,POS SHOPPERS STOP NAGPUR,717348879994,"8,050.74",,256739.12
25-08-2025,UPI/DR/089116730890/Nisha/BDBL/nishajosh65@okaxis/UPI,321200686595,"1,200.16",,255538.96
25-08-2025,UPI/DR/209796962850/Naresh/UTIB/naresh905@ibl/UPI,897281250038,"12,500.72",,243038.24
26-08-2025,POS BHARAT PETROLEUM NAGPUR,255348793335,"4,500.83",,238537.41
26-08-2025,UPI/DR/874628730531/Myntra/PAYTM/myntra@ybl/UPI,554609224632,"1,050.13",,237487.28
27-08-2025,UPI/DR/130263034738/BSNL/RAZORPAY/broadband@paytm/UPI,939439534222,899.00,,236588.28
28-08-2025,UPI/DR/958072463736/Netmeds/ICICI/netmeds@paytm/UPI,705517401798,"2,720.02",,233868.26
30-08-2025,UPI/DR/951431722676/Saurabh/KKBK/saurabhchop44@okhdfcbank/UPI,900570216702,"4,700.03",,229168.23
30-08-2025,UPI/DR/515300832104/Shweta/SBIN/shweta162@ptaxis/UPI,850431955926,100.16,,229068.07
30-08-2025,ATM-CASH-WDL/VXP589725/NAGPUR,154588905924,"7,000.00",,222068.07
31-08-2025,UPI/CR/484270393290/Meena/HDFC/meenakapo36@okhdfcbank/UPI,350895411575,,"2,000.61",224068.68
01-09-2025,UPI/DR/490112340954/Jio/ICICI/jio@paytm/UPI,140648093599,"1,540.12",,222528.56
02-09-2025,UPI/DR/675908947959/Netmeds/ICICI/netmeds@paytm/UPI,561135688833,"1,700.45",,220828.11
02-09-2025,UPI/DR/987951630368/Jio/PAYTM/airtel@axis/UPI,630787901783,499.00,,220329.11
03-09-2025,UPI/DR/367488253113/Ola/ICICI/olamoney@ola/UPI,833387055460,540.75,,219788.36
04-09-2025,UPI/DR/450314537555/Zepto/ICICI/zepto@apl/UPI,192639239442,"2,040.38",,217747.98
05-09-2025,UPI/DR/355367911748/Ola/PAYTM/olamoney@ola/UPI,475220636036,350.33,,217397.65
05-09-2025,ATM-CASH-WDL/AWF135744/NAGPUR,437218111554,"4,000.00",,213397.65
06-09-2025,UPI/DR/227119901358/Jio/PAYTM/airtel@axis/UPI,947998061828,709.00,,212688.65
06-09-2025,SALARY CREDIT/S3502244654444/Maruti Suzuki India,476392381583,,"125,226.74",337915.39
06-09-2025,UPI/DR/721256006260/Deepa/PUNB/deepakulk24@paytm/UPI,366450530650,"18,350.02",,319565.37
07-09-2025,IMPS-556732588917-Ajay Saxena,852668578300,"43,600.56",,275964.81
07-09-2025,UPI/DR/401663739657/Varsha/SBIN/varsha.iyer@oksbi/UPI,720293122058,"21,800.31",,254164.50
08-09-2025,UPI/DR/653611507559/Himanshu/UCBA/himanshuagar93@ptyes/UPI,536959193846,"1,350.34",,252814.16
08-09-2025,ATM-CASH-WDL/KQY420392/NAGPUR,216406176472,"4,000.00",,248814.16
08-09-2025,UPI/DR/836642639455/Zepto/ICICI/zepto@apl/UPI,550238083570,"1,510.46",,247303.70
08-09-2025,UPI/DR/157687987582/SBI/LICI/licindia@licindia/UPI,832959740336,"2,200.00",,245103.70
08-09-2025,NACH/MANDATE/LN130304190447/LIC Housing Finance,345492844502,"9,000.00",,236103.70
09-09-2025,UPI/DR/016276410985/Flipkart/ICICI/flipkart@ybl/UPI,483292045890,"1,980.67",,234123.03
09-09-2025,UPI/CR/677235726442/Mohit/UTIB/mohit170@upi/UPI,588502387362,,"5,500.41",239623.44
09-09-2025,UPI/DR/327665611800/Zepto/ICICI/zepto@apl/UPI,220760218374,"1,580.37",,238043.07
09-09-2025,ATM-CASH-WDL/AMP294340/NAGPUR,482050600427,"7,500.00",,230543.07
10-09-2025,NACH/MANDATE/RNT7330459/RENT MANDATE,928770892948,"12,000.00",,218543.07
10-09-2025,POS MORE SUPER MARKET NAGPUR,635381625628,"3,650.56",,214892.51
10-09-2025,UPI/DR/077049360437/Paytm/ICICI/paytm@paytm/UPI,077910662228,"2,580.75",,212311.76
10-09-2025,UPI/DR/245606339827/Flipkart/ICICI/flipkart@ybl/UPI,123032713827,"2,430.87",,209880.89
11-09-2025,ATM-CASH-WDL/GYM623934/NAGPUR,014012151082,"6,000.00",,203880.89
11-09-2025,NACH/MANDATE/SIP5724808/Mirae Asset MF,525957812246,"2,500.00",,201380.89
11-09-2025,POS RELIANCE MART NAGPUR,076371158164,"5,050.76",,196330.13
12-09-2025,UPI/DR/310589663200/Nykaa/PAYTM/nykaa@razorpay/UPI,809442518007,"3,200.46",,193129.67
12-09-2025,UPI/DR/680090530430/Indane/ICICI/indanegas@upi/UPI,657213916261,"2,400.83",,190728.84
13-09-2025,POS V MART NAGPUR,250945760126,"2,150.85",,188577.99
14-09-2025,UPI/DR/625635970645/BSNL/ICICI/bsnlbroadband@upi/UPI,697897281784,"1,890.49",,186687.50
14-09-2025,UPI/DR/411425220609/Vikas/BDBL/vikasnamb52@okhdfcbank/UPI,197301631709,"4,600.46",,182087.04
14-09-2025,UPI/CR/459210103114/Geeta/BARB/4462047459@apl/UPI,476309048946,,"18,750.58",200837.62
14-09-2025,UPI/DR/550600417448/Zepto/ICICI/zepto@apl/UPI,689001927223,"2,320.29",,198517.33
16-09-2025,UPI/DR/747754282065/Arjun/BARB/5443107260@ybl/UPI,897201095450,250.04,,198267.29
17-09-2025,UPI/DR/979554245705/Dunzo/ICICI/dunzo@razorpay/UPI,584683720290,210.70,,198056.59
17-09-2025,UPI/DR/640645438613/Uber/ICICI/uber@paytm/UPI,913779954058,"2,670.50",,195386.09
17-09-2025,UPI/DR/352438642813/BSNL/RAZORPAY/broadband@paytm/UPI,870177793190,"1,199.00",,194187.09
17-09-2025,UPI/DR/707380950900/Archana/SBIN/archana.mukherjee@ybl/UPI,358023476343,"13,000.19",,181186.90
18-09-2025,UPI/DR/543755013984/Kavita/BDBL/6352624031@aubank/UPI,260444996333,"19,600.58",,161586.32
19-09-2025,UPI/DR/380156424879/Amazon/PAYTM/amazon@apl/UPI,769784138401,400.89,,161185.43
19-09-2025,UPI/DR/888926091877/Kunal/BKID/kunal114@axl/UPI,427221412924,"8,600.13",,152585.30
19-09-2025,UPI/DR/388174108044/Jio/PAYTM/airtel@axis/UPI,905906367197,669.00,,151916.30
20-09-2025,UPI/DR/970194814898/Swiggy/ICICI/swiggy@icici/UPI,402718379857,710.52,,151205.78
21-09-2025,UPI/CR/979718333098/Rajan/BKID/rajan948@okicici/UPI,754900731993,,"20,000.41",171206.19
21-09-2025,POS LIFESTYLE STORES NAGPUR,785564359662,"3,850.87",,167355.32
21-09-2025,UPI/CR/712195784228/Prashant/SBIN/prashant.patil@paytm/UPI,409778989065,,"12,650.15",180005.47
21-09-2025,ATM-CASH-WDL/QAR295368/NAGPUR,140094795449,"5,500.00",,174505.47
23-09-2025,UPI/CR/347909970073/Sachin/SBIN/sachin374@okicici/UPI,999931178080,,"6,150.67",180656.14
23-09-2025,UPI/DR/875048990554/Ajay/BARB/ajayahuj77@oksbi/UPI,542972307036,"10,850.32",,169805.82
23-09-2025,UPI/DR/276262277947/CESC/UPIN/cescpayment@upi/UPI,437566575167,"2,500.64",,167305.18
24-09-2025,POS STAR BAZAAR NAGPUR,037890672624,"6,700.05",,160605.13
24-09-2025,UPI/DR/463276643176/Preeti/BKID/1553610534@oksbi/UPI,952156172172,"12,250.70",,148354.43
25-09-2025,UPI/DR/187052557327/Blinkit/ICICI/blinkit@kotak/UPI,150087217323,"1,500.63",,146853.80
25-09-2025,POS INDIAN OIL NAGPUR,758291323979,"3,850.19",,143003.61
25-09-2025,UPI/DR/743285766976/Uber/PAYTM/uber@paytm/UPI,914829793137,280.87,,142722.74
25-09-2025,UPI/DR/097188624726/Blinkit/ICICI/blinkit@kotak/UPI,880961579353,"2,340.64",,140382.10
25-09-2025,UPI/CR/935166342185/Himanshu/PUNB/himanshuchop40@okaxis/UPI,096565975861,,"11,700.98",152083.08
26-09-2025,UPI/DR/511540794168/Jio/PAYTM/airtel@axis/UPI,933804849646,609.00,,151474.08
26-09-2025,INTEREST CREDIT,375205449136,,635.03,152109.11
26-09-2025,UPI/DR/208149845225/Ramesh/BDBL/ramesh.patel@okhdfcbank/UPI,682906156119,"20,050.50",,132058.61
28-09-2025,POS D MART NAGPUR,949054500295,"1,850.12",,130208.49
28-09-2025,UPI/DR/103926787882/Deepak/BDBL/deepakmukh40@oksbi/UPI,354267110483,"4,450.09",,125758.40
28-09-2025,UPI/DR/229927080573/Apollo/ICICI/apollopharmacy@ybl/UPI,794630211644,549.00,,125209.40
28-09-2025,UPI/DR/314948213319/Ola/PAYTM/olamoney@ola/UPI,597721633857,900.45,,124308.95
28-09-2025,UPI/DR/596214355743/Nykaa/PAYTM/nykaa@razorpay/UPI,691356259787,"3,450.11",,120858.84
29-09-2025,UPI/DR/476767752700/Jio/PAYTM/airtel@axis/UPI,431485058423,319.00,,120539.84
30-09-2025,POS MAX FASHION NAGPUR,149641866071,"5,350.87",,115188.97
30-09-2025,GST ON CHARGES,185678083037,81.00,,115107.97
30-09-2025,UPI/DR/345498645742/Swati/SBIN/swatinair54@ibl/UPI,369692253848,"19,050.36",,96057.61
30-09-2025,ACCOUNT MAINTENANCE CHARGES,937405527784,450.00,,95607.61
01-10-2025,POS RELIANCE PETROLEUM NAGPUR,775397793308,"3,600.17",,92007.44
01-10-2025,UPI/CR/917236516876/Ramesh/BDBL/ramesh.kulkarni@ptyes/UPI,460083008506,,"7,050.38",99057.82
03-10-2025,UPI/DR/095759508245/Pankaj/KKBK/0067524939@oksbi/UPI,541723771221,"10,000.89",,89056.93
03-10-2025,ATM-CASH-WDL/VZG589841/NAGPUR,363401289304,"9,000.00",,80056.93
04-10-2025,UPI/DR/786997284690/Uber/PAYTM/uber@paytm/UPI,991692734373,880.32,,79176.61
04-10-2025,POS VISHAL MEGA MART NAGPUR,302318792948,"5,150.96",,74025.65
04-10-2025,POS LIFESTYLE STORES NAGPUR,570326105765,800.43,,73225.22
04-10-2025,SALARY CREDIT/S6807493448601/Maruti Suzuki India,227540774263,,"128,003.74",201228.96
04-10-2025,UPI/DR/761107988034/BSNL/ICICI/bsnlbroadband@upi/UPI,774820513726,"2,770.08",,198458.88
05-10-2025,UPI/CR/774402794991/Ramesh/BARB/ramesh955@ybl/UPI,518547410563,,"14,300.15",212759.03
05-10-2025,NACH/MANDATE/RNT7013844/RENT MANDATE,382059628477,"12,000.00",,200759.03
06-10-2025,UPI/DR/043928224204/Zepto/ICICI/zepto@apl/UPI,109047293719,"1,210.88",,199548.15
06-10-2025,POS V MART NAGPUR,218829172547,"5,750.38",,193797.77
06-10-2025,NACH/MANDATE/LN130304190447/LIC Housing Finance,096633195965,"9,000.00",,184797.77
06-10-2025,UPI/DR/864585347300/Anita/UCBA/anita744@ptsbi/UPI,273935299655,650.41,,184147.36
07-10-2025,UPI/DR/303126474231/Anita/KKBK/7398987154@paytm/UPI,257926002963,"12,150.28",,171997.08
07-10-2025,UPI/DR/145502083208/Rapido/PAYTM/rapido@icici/UPI,514766371318,120.08,,171877.00
07-10-2025,POS MORE SUPER MARKET NAGPUR,726848746855,"4,750.06",,167126.94
08-10-2025,UPI/DR/709361531997/Kamal/SBIN/kamalyada64@okhdfcbank/UPI,444144389916,"11,150.52",,155976.42
08-10-2025,UPI/DR/975113604572/Pallavi/PUNB/pallavi966@aubank/UPI,487386991513,"18,850.48",,137125.94
09-10-2025,UPI/DR/366050410364/Meena/HDFC/1244649779@aubank/UPI,583104482264,"3,150.70",,133975.24
09-10-2025,POS SHELL FUEL STATION NAGPUR,497869773835,"3,950.18",,130025.06
09-10-2025,UPI/DR/249552955640/Ola/PAYTM/olamoney@ola/UPI,935226182519,730.87,,129294.19
11-10-2025,UPI/DR/306561512004/Ola/PAYTM/olamoney@ola/UPI,803980182522,460.98,,128833.21
11-10-2025,UPI/DR/392458023702/Jio/PAYTM/airtel@axis/UPI,785159279954,939.00,,127894.21
12-10-2025,UPI/DR/794328172347/Zomato/ICICI/zomato@axisbank/UPI,076914745267,"1,480.61",,126413.60
13-10-2025,UPI/DR/819177386127/CESC/UPIN/cescpayment@upi/UPI,836169706778,"3,650.35",,122763.25
13-10-2025,UPI/DR/355964921239/Meesho/PAYTM/meesho@ybl/UPI,326956390503,"5,250.27",,117512.98
14-10-2025,POS RELIANCE PETROLEUM NAGPUR,388625497674,"1,800.28",,115712.70
14-10-2025,UPI/DR/764768585466/Paytm/ICICI/paytm@paytm/UPI,915741711605,680.43,,115032.27
14-10-2025,ATM-CASH-WDL/ZKY952484/NAGPUR,185538510131,"10,000.00",,105032.27
14-10-2025,UPI/DR/346390455368/Ola/PAYTM/olamoney@ola/UPI,010975313595,130.20,,104902.07
15-10-2025,UPI/DR/413209682424/Jio/PAYTM/airtel@axis/UPI,364310701175,589.00,,104313.07
15-10-2025,UPI/DR/405716851540/BSNL/RAZORPAY/broadband@paytm/UPI,263871019279,349.00,,103964.07
15-10-2025,UPI/DR/118480201476/Uber/ICICI/uber@paytm/UPI,599352763878,"2,790.74",,101173.33
16-10-2025,NACH/MANDATE/SIP1803546/Mirae Asset MF,342235276051,"2,500.00",,98673.33
16-10-2025,UPI/DR/350554592516/Mamta/BKID/mamtapill80@aubank/UPI,221926648485,"14,150.76",,84522.57
16-10-2025,UPI/DR/001096353826/Ola/ICICI/olamoney@ola/UPI,385643781035,"1,980.85",,82541.72
17-10-2025,UPI/DR/587731676417/Sonia/HDFC/soniasaxe95@paytm/UPI,689919839299,"9,200.07",,73341.65
17-10-2025,POS D MART NAGPUR,999860412043,"2,450.23",,70891.42
17-10-2025,UPI/CR/699634168397/Vijay/BARB/vijay.chopra@kotak/UPI,851617593522,,"2,400.71",73292.13
17-10-2025,UPI/DR/196965126186/Jio/PAYTM/airtel@axis/UPI,471972641152,569.00,,72723.13
17-10-2025,UPI/CR/595103808684/Geeta/BKID/7733884736@oksbi/UPI,865834747553,,"15,700.24",88423.37
18-10-2025,UPI/DR/424540491402/PhonePe/ICICI/phonepe@ybl/UPI,403220852483,580.16,,87843.21
18-10-2025,UPI/DR/762989523472/Uber/PAYTM/uber@paytm/UPI,699981485017,630.60,,87212.61
19-10-2025,POS INDIAN OIL NAGPUR,930560770798,900.52,,86312.09
19-10-2025,UPI/DR/250634441392/Jio/PAYTM/airtel@axis/UPI,634743482844,289.00,,86023.09
20-10-2025,UPI/DR/383478714542/Varun/HDFC/6437741848@ptsbi/UPI,247480127020,"3,850.67",,82172.42
20-10-2025,UPI/DR/997049088978/Paytm/ICICI/paytm@paytm/UPI,965208097074,630.97,,81541.45
20-10-2025,UPI/DR/975218912051/Zomato/ICICI/zomato@axisbank/UPI,138719897249,"2,170.07",,79371.38
20-10-2025,UPI/CR/707117426075/Archana/BKID/6399970579@okicici/UPI,447496300596,,"9,850.71",89222.09
21-10-2025,UPI/CR/424315783123/Himanshu/SBIN/himanshu.das@axl/UPI,512029897499,,"18,050.54",107272.63
22-10-2025,UPI/DR/247072833507/Nikhil/UTIB/4309225653@ibl/UPI,854368914840,"21,850.61",,85422.02
22-10-2025,ATM-CASH-WDL/YON058823/NAGPUR,291266027203,"6,500.00",,78922.02
24-10-2025,UPI/DR/439762458241/Paytm/ICICI/paytm@paytm/UPI,887408998566,460.19,,78461.83
24-10-2025,UPI/DR/108662541783/Jio/PAYTM/airtel@axis/UPI,853496049196,219.00,,78242.83
24-10-2025,UPI/DR/224418189273/Mohan/UTIB/mohan.mishra@okicici/UPI,351463560222,"9,900.35",,68342.48
26-10-2025,UPI/DR/989310485829/Ola/ICICI/olamoney@ola/UPI,645973776961,"1,620.70",,66721.78
26-10-2025,POS RELIANCE PETROLEUM NAGPUR,887376274364,"2,950.78",,63771.00
26-10-2025,UPI/CR/215827100272/Nisha/FDRL/nisha175@ptaxis/UPI,172890963761,,"10,650.59",74421.59
26-10-2025,UPI/DR/807582489465/Practo/ICICI/practo@paytm/UPI,464426910444,949.00,,73472.59
26-10-2025,POS LIFESTYLE STORES NAGPUR,853682908124,900.43,,72572.16
26-10-2025,UPI/DR/346325292582/Blinkit/ICICI/blinkit@kotak/UPI,413526425345,800.49,,71771.67
26-10-2025,UPI/DR/365957051862/Indane/ICICI/indanegas@upi/UPI,499013870246,"1,400.28",,70371.39
27-10-2025,GST ON CHARGES,625533244665,64.80,,70306.59
27-10-2025,ACCOUNT MAINTENANCE CHARGES,809358794358,360.00,,69946.59
27-10-2025,UPI/DR/261673757503/Abhishek/FDRL/abhishek615@apl/UPI,540216901572,"14,000.15",,55946.44
28-10-2025,UPI/DR/143587832726/BSNL/ICICI/bsnlbroadband@upi/UPI,893402243712,"1,510.90",,54435.54
29-10-2025,POS RELIANCE MART NAGPUR,301850903941,400.13,,54035.41
31-10-2025,ATM-CASH-WDL/JVL846190/NAGPUR,741267181380,"2,000.00",,52035.41
31-10-2025,UPI/DR/979672873935/Zepto/ICICI/zepto@apl/UPI,962333442829,"2,230.48",,49804.93
03-11-2025,UPI/DR/392737269461/Paytm/ICICI/paytm@paytm/UPI,955063580625,"1,560.02",,48244.91
03-11-2025,UPI/DR/141433207215/Rapido/PAYTM/rapido@icici/UPI,675480628128,210.08,,48034.83
04-11-2025,ATM-CASH-WDL/SMT144409/NAGPUR,047719262523,"6,000.00",,42034.83
05-11-2025,UPI/DR/658695114072/Zomato/ICICI/zomato@axisbank/UPI,638334694019,700.19,,41334.64
05-11-2025,UPI/DR/487580488945/Rekha/PUNB/rekha.chopra@upi/UPI,923162677219,"18,600.97",,22733.67
05-11-2025,UPI/DR/724346291384/Flipkart/ICICI/flipkart@ybl/UPI,759288609834,"1,330.97",,21402.70
05-11-2025,POS MAX FASHION NAGPUR,178827968370,"2,950.80",,18451.90
06-11-2025,UPI/DR/604256923980/Ola/PAYTM/olamoney@ola/UPI,429007873233,420.84,,18031.06
06-11-2025,UPI/CR/415174172161/Kiran/BDBL/8021124913@axl/UPI,179829033441,,"12,050.82",30081.88
06-11-2025,UPI/DR/609514608890/Kunal/UCBA/kunal.chopra@ibl/UPI,531648280331,"20,150.70",,9931.18
07-11-2025,SALARY CREDIT/S4610494115047/Maruti Suzuki India,243583212695,,"128,403.74",138334.92
08-11-2025,ATM-CASH-WDL/NKP121922/NAGPUR,983582125065,"10,000.00",,128334.92
08-11-2025,UPI/DR/371028198163/Flipkart/ICICI/flipkart@ybl/UPI,379626946985,"1,890.93",,126443.99
09-11-2025,UPI/DR/171974103498/Jio/PAYTM/airtel@axis/UPI,513977996894,799.00,,125644.99
11-11-2025,NACH/MANDATE/LN130304190447/LIC Housing Finance,130056752618,"9,000.00",,116644.99
11-11-2025,UPI/DR/077372414723/Dunzo/ICICI/dunzo@razorpay/UPI,948072701188,610.89,,116034.10
12-11-2025,UPI/DR/963034269690/Zomato/ICICI/zomato@axisbank/UPI,964195808859,"1,520.29",,114513.81
12-11-2025,NACH/MANDATE/RNT6589752/RENT MANDATE,141087829479,"12,000.00",,102513.81
12-11-2025,NACH/MANDATE/SIP8725991/Mirae Asset MF,138560738998,"2,500.00",,100013.81
12-11-2025,UPI/DR/918482674476/CESC/UPIN/cescpayment@upi/UPI,896809652474,"2,350.53",,97663.28
13-11-2025,UPI/DR/425632252410/Jio/PAYTM/airtel@axis/UPI,480063856895,999.00,,96664.28
14-11-2025,UPI/DR/081884623483/Uber/PAYTM/uber@paytm/UPI,099600692269,610.83,,96053.45
14-11-2025,UPI/CR/131116693828/Abhishek/KKBK/abhishekshar84@okaxis/UPI,272421158144,,"3,000.25",99053.70
15-11-2025,UPI/CR/805778546587/Sarita/HDFC/sarita668@okaxis/UPI,558884439686,,"14,750.58",113804.28
15-11-2025,UPI/DR/441124835425/BSNL/ICICI/bsnlbroadband@upi/UPI,663043709779,650.80,,113153.48
15-11-2025,POS RELIANCE PETROLEUM NAGPUR,569381759992,"1,950.69",,111202.79
15-11-2025,POS RELIANCE MART NAGPUR,278652433958,"4,750.41",,106452.38
16-11-2025,ATM-CASH-WDL/TEC872716/NAGPUR,652513533427,"1,000.00",,105452.38
16-11-2025,UPI/DR/533897563465/Nykaa/PAYTM/nykaa@razorpay/UPI,323303715598,"3,300.02",,102152.36
17-11-2025,POS BIG BAZAAR NAGPUR,414931573970,"4,750.75",,97401.61
17-11-2025,UPI/DR/465438675709/Nykaa/PAYTM/nykaa@razorpay/UPI,907212471797,"1,800.03",,95601.58
18-11-2025,UPI/CR/839364283977/Ajay/BARB/ajay664@kotak/UPI,040828795421,,"7,750.45",103352.03
18-11-2025,POS VISHAL MEGA MART NAGPUR,085857051662,"1,200.00",,102152.03
19-11-2025,UPI/DR/246378610798/IRCTC/ICICI/irctc@upi/UPI,738547314016,399.00,,101753.03
19-11-2025,ATM-CASH-WDL/SMB073170/NAGPUR,567767886256,"4,500.00",,97253.03
20-11-2025,UPI/DR/415394875602/Maya/SBIN/maya.nambiar@ybl/UPI,542885962095,"4,200.26",,93052.77
20-11-2025,POS HP PETROL PUMP NAGPUR,983263181965,"1,400.59",,91652.18
20-11-2025,ATM-CASH-WDL/EWR979910/NAGPUR,287514511481,"9,500.00",,82152.18
20-11-2025,UPI/DR/706963247205/Zepto/ICICI/zepto@apl/UPI,416563913189,"1,420.45",,80731.73
21-11-2025,IMPS-845667332874-Sumit Pillai,600334973253,"1,900.23",,78831.50
21-11-2025,UPI/DR/054925542308/Sunita/PUNB/sunitanaik23@ptyes/UPI,588038053304,"8,950.03",,69881.47
21-11-2025,UPI/DR/033099335101/Swiggy/ICICI/swiggy@icici/UPI,676971813996,"1,560.07",,68321.40
22-11-2025,UPI/CR/533046295037/Meena/UTIB/meenaroy75@pthdfc/UPI,128212841883,,"15,950.04",84271.44
22-11-2025,UPI/DR/321528513467/Zepto/ICICI/zepto@apl/UPI,252331428467,530.16,,83741.28
22-11-2025,UPI/DR/035635047862/Meesho/PAYTM/meesho@ybl/UPI,162522023274,"1,350.12",,82391.16
23-11-2025,UPI/CR/079294954664/Brijesh/PUNB/2403147759@okaxis/UPI,852577285314,,"4,950.53",87341.69
23-11-2025,UPI/DR/481452115706/Naresh/UTIB/2239958475@axl/UPI,003444353461,"17,300.10",,70041.59
23-11-2025,UPI/CR/420688850134/Mukesh/UTIB/mukeshbose18@okaxis/UPI,872625901232,,"15,200.34",85241.93
23-11-2025,UPI/DR/867226899610/Dunzo/ICICI/dunzo@razorpay/UPI,595117821567,730.73,,84511.20
25-11-2025,UPI/DR/644281888637/Indane/ICICI/indanegas@upi/UPI,888828136268,"1,050.74",,83460.46
26-11-2025,ATM-CASH-WDL/DQC892064/NAGPUR,160356543354,"6,000.00",,77460.46
26-11-2025,GST ON CHARGES,521594588808,14.40,,77446.06
26-11-2025,ACCOUNT MAINTENANCE CHARGES,921644071763,80.00,,77366.06
26-11-2025,UPI/DR/124235894925/Tarun/BDBL/tarunchat41@kotak/UPI,363676956890,"4,250.36",,73115.70
29-11-2025,POS PANTALOONS NAGPUR,793757960941,"4,600.38",,68515.32
29-11-2025,UPI/CR/461307210562/Geeta/KKBK/geeta.jain@oksbi/UPI,935859221997,,"20,650.62",89165.94
29-11-2025,POS SHELL FUEL STATION NAGPUR,860553468450,"1,600.42",,87565.52
29-11-2025,UPI/DR/988412815419/Uber/PAYTM/uber@paytm/UPI,715600589198,630.90,,86934.62
01-12-2025,UPI/DR/280473768478/Sunil/HDFC/sunil772@okaxis/UPI,103265758231,"15,650.46",,71284.16
01-12-2025,UPI/DR/157327142690/Swiggy/ICICI/swiggy@icici/UPI,457131370923,360.06,,70924.10
02-12-2025,UPI/DR/574270189788/Babita/BDBL/babita.kulkarni@paytm/UPI,780641607312,"6,950.65",,63973.45
02-12-2025,UPI/CR/743263534396/Lata/FDRL/lata311@ptaxis/UPI,933659254160,,"1,950.03",65923.48
02-12-2025,UPI/DR/758176520104/Ola/PAYTM/olamoney@ola/UPI,239377184173,810.81,,65112.67
03-12-2025,UPI/DR/146014280427/BigBasket/ICICI/bigbasket@ybl/UPI,214530297600,"2,600.54",,62512.13
04-12-2025,UPI/DR/598162036000/Dunzo/ICICI/dunzo@razorpay/UPI,704893184488,370.39,,62141.74
04-12-2025,UPI/DR/162854120848/Rapido/PAYTM/rapido@icici/UPI,790153632840,830.36,,61311.38
05-12-2025,UPI/DR/555469575750/Paytm/ICICI/paytm@paytm/UPI,556138719979,640.42,,60670.96
05-12-2025,UPI/DR/734333218664/Jio/PAYTM/airtel@axis/UPI,164275050989,709.00,,59961.96
06-12-2025,UPI/DR/771480715660/BSNL/ICICI/bsnlbroadband@upi/UPI,973879631287,"1,390.08",,58571.88
06-12-2025,UPI/DR/734879729623/Uber/ICICI/uber@paytm/UPI,149542217444,800.22,,57771.66
06-12-2025,POS STAR BAZAAR NAGPUR,500803634328,"4,350.05",,53421.61
07-12-2025,ATM-CASH-WDL/XJT428971/NAGPUR,869172624263,"8,500.00",,44921.61
07-12-2025,UPI/CR/161583273232/Anjali/PUNB/2437442600@paytm/UPI,746489011734,,"10,500.85",55422.46
07-12-2025,SALARY CREDIT/S6692707430910/Maruti Suzuki India,556609042090,,"125,174.74",180597.20
08-12-2025,UPI/DR/940178842711/Mohan/UTIB/mohan994@ptaxis/UPI,770586136104,"19,750.32",,160846.88
08-12-2025,UPI/CR/936166073776/Isha/BARB/ishagupt21@axl/UPI,894996491329,,"13,600.67",174447.55
08-12-2025,UPI/DR/403941654723/SBI/LICI/licindia@licindia/UPI,213991252876,"2,200.00",,172247.55
09-12-2025,UPI/DR/202732849049/BSNL/ICICI/bsnlbroadband@upi/UPI,782573938267,"1,810.02",,170437.53
09-12-2025,UPI/DR/708311847900/Flipkart/ICICI/flipkart@ybl/UPI,512383085720,"2,510.52",,167927.01
09-12-2025,UPI/DR/807213793435/Rapido/PAYTM/rapido@icici/UPI,332768009573,300.88,,167626.13
09-12-2025,NACH/MANDATE/RNT2170982/RENT MANDATE,383642360660,"12,000.00",,155626.13
09-12-2025,POS MAX FASHION NAGPUR,211618689099,"5,100.38",,150525.75
09-12-2025,UPI/DR/110057577615/PhonePe/ICICI/phonepe@ybl/UPI,237196989664,"2,740.84",,147784.91
09-12-2025,UPI/DR/084083365999/Paytm/ICICI/paytm@paytm/UPI,101861166076,"1,190.87",,146594.04
10-12-2025,NACH/MANDATE/LN130304190447/LIC Housing Finance,454088226183,"9,000.00",,137594.04
11-12-2025,UPI/CR/131706041854/Sarita/UTIB/5406084362@ibl/UPI,061427153737,,"21,700.58",159294.62
11-12-2025,UPI/DR/733837717563/Brijesh/KKBK/brijesh581@apl/UPI,518655510310,"15,100.44",,144194.18
11-12-2025,UPI/CR/802971163789/Deepa/UTIB/deepa.roy@ptyes/UPI,072843567799,,"15,700.80",159894.98
12-12-2025,UPI/DR/256827713121/Arjun/SBIN/arjun.khanna@ptaxis/UPI,906761253574,"18,150.01",,141744.97
12-12-2025,UPI/DR/183118108053/Flipkart/ICICI/flipkart@ybl/UPI,279833399651,"1,760.90",,139984.07
16-12-2025,POS INDIAN OIL NAGPUR,977738562715,"3,800.35",,136183.72
16-12-2025,UPI/DR/270093747437/Jio/PAYTM/airtel@axis/UPI,267838884974,679.00,,135504.72
17-12-2025,UPI/DR/504188030510/Indane/ICICI/indanegas@upi/UPI,054604342521,"1,500.23",,134004.49
17-12-2025,UPI/DR/442516943038/Himanshu/BKID/himanshu.pillai@okaxis/UPI,008980110572,"14,250.24",,119754.25
18-12-2025,UPI/DR/647597309437/Jio/PAYTM/airtel@axis/UPI,965963705172,979.00,,118775.25
18-12-2025,UPI/DR/789551835070/Meesho/PAYTM/meesho@ybl/UPI,350956400820,"2,050.92",,116724.33
18-12-2025,POS BIG BAZAAR NAGPUR,491769170067,"1,050.93",,115673.40
18-12-2025,NACH/MANDATE/SIP3188079/Mirae Asset MF,701000868638,"2,500.00",,113173.40
18-12-2025,UPI/DR/759610373570/Apollo/ICICI/apollopharmacy@ybl/UPI,528441926333,"1,980.20",,111193.20
18-12-2025,POS BRAND FACTORY NAGPUR,236194804180,"3,250.06",,107943.14
18-12-2025,UPI/DR/040052527942/Nykaa/PAYTM/nykaa@razorpay/UPI,568953156634,"2,700.08",,105243.06
18-12-2025,UPI/DR/765330841550/BigBasket/ICICI/bigbasket@ybl/UPI,368628781720,"1,250.15",,103992.91
19-12-2025,UPI/DR/163986684453/Swiggy/ICICI/swiggy@icici/UPI,185991989727,"1,650.13",,102342.78
19-12-2025,UPI/CR/417256918511/Santosh/FDRL/santoshshar22@okicici/UPI,992917663224,,"21,600.05",123942.83
19-12-2025,UPI/CR/506907279279/Manish/KKBK/5463825782@ptsbi/UPI,381127960337,,"17,200.88",141143.71
20-12-2025,UPI/DR/232033333320/CESC/UPIN/cescpayment@upi/UPI,320805584934,"3,050.50",,138093.21
21-12-2025,UPI/CR/364468709666/Kapil/UTIB/kapil.thapar@pthdfc/UPI,570456220485,,"17,450.86",155544.07
21-12-2025,UPI/DR/418591395906/Rohit/FDRL/rohit112@upi/UPI,999848175321,"18,450.51",,137093.56
21-12-2025,UPI/DR/433501485319/BigBasket/ICICI/bigbasket@ybl/UPI,127083154508,"2,640.18",,134453.38
22-12-2025,UPI/DR/331716820257/Flipkart/ICICI/flipkart@ybl/UPI,690217236735,340.15,,134113.23
22-12-2025,UPI/DR/715500083914/Jio/PAYTM/airtel@axis/UPI,558679247173,809.00,,133304.23
23-12-2025,UPI/DR/168853142454/Renu/KKBK/6115353877@ptsbi/UPI,246924362149,"13,000.86",,120303.37
23-12-2025,UPI/DR/054585963412/Flipkart/ICICI/flipkart@ybl/UPI,087795467324,"1,610.54",,118692.83
24-12-2025,ATM-CASH-WDL/EQS859983/NAGPUR,132084037822,"3,500.00",,115192.83
25-12-2025,UPI/CR/623578632317/Brijesh/UCBA/brijesh159@upi/UPI,251903471938,,"3,400.71",118593.54
25-12-2025,UPI/DR/461933321326/Varsha/FDRL/5564564506@aubank/UPI,244409808284,"15,100.86",,103492.68
26-12-2025,UPI/DR/973569601267/Sachin/UCBA/6808400680@kotak/UPI,066314036833,"11,100.58",,92392.10
26-12-2025,ATM-CASH-WDL/KJC748077/NAGPUR,194724520025,"6,000.00",,86392.10
27-12-2025,UPI/DR/017403687311/Ola/PAYTM/olamoney@ola/UPI,115514651515,800.57,,85591.53
28-12-2025,POS D MART NAGPUR,793045812029,"6,500.57",,79090.96
28-12-2025,UPI/DR/857418821280/BSNL/RAZORPAY/broadband@paytm/UPI,604116694350,999.00,,78091.96
28-12-2025,UPI/DR/161742755635/Zomato/ICICI/zomato@axisbank/UPI,779059489602,"1,960.63",,76131.33
28-12-2025,INTEREST CREDIT,287463749560,,"1,105.99",77237.32
29-12-2025,UPI/DR/735169855408/Uber/PAYTM/uber@paytm/UPI,349706715750,720.18,,76517.14
29-12-2025,UPI/DR/033544695320/Nykaa/ICICI/nykaa@razorpay/UPI,797554947342,599.00,,75918.14
29-12-2025,POS BHARAT PETROLEUM NAGPUR,817031854129,"3,750.26",,72167.88
29-12-2025,UPI/DR/627856044363/Blinkit/ICICI/blinkit@kotak/UPI,644915717517,370.34,,71797.54
30-12-2025,UPI/DR/747276784308/Sarita/HDFC/7722948006@okaxis/UPI,554426850234,"4,900.33",,66897.21
30-12-2025,POS BIG BAZAAR NAGPUR,980656420582,"2,550.84",,64346.37
31-12-2025,UPI/DR/002698192254/Jio/ICICI/jio@paytm/UPI,212595858527,400.80,,63945.57
03-01-2026,UPI/DR/273398041085/Spotify/ICICI/spotify@icici/UPI,743690765926,399.00,,63546.57
04-01-2026,UPI/DR/860604121242/Zepto/ICICI/zepto@apl/UPI,354537411808,690.47,,62856.10
05-01-2026,UPI/DR/446728530781/Uber/PAYTM/uber@paytm/UPI,300861854737,330.21,,62525.89
05-01-2026,SALARY CREDIT/S8333064382315/Maruti Suzuki India,444840043450,,"128,643.74",191169.63
06-01-2026,UPI/DR/131754524060/Santosh/BDBL/santoshkapo68@ibl/UPI,730012189793,"11,700.79",,179468.84
06-01-2026,UPI/DR/445423180496/Flipkart/ICICI/flipkart@ybl/UPI,609062544324,940.92,,178527.92
06-01-2026,POS METRO CASH CARRY NAGPUR,434877499849,"7,150.40",,171377.52
06-01-2026,UPI/DR/553894020027/Geeta/BARB/geeta161@apl/UPI,595537988303,"14,800.85",,156576.67
07-01-2026,UPI/DR/755269109101/Vikram/UTIB/7072292199@axl/UPI,650409842276,"19,100.30",,137476.37
07-01-2026,ATM-CASH-WDL/ZFV298477/NAGPUR,692194379134,"5,000.00",,132476.37
07-01-2026,UPI/DR/442185577807/BigBasket/ICICI/bigbasket@ybl/UPI,111084748418,"1,720.97",,130755.40
07-01-2026,UPI/CR/941393033993/Shweta/HDFC/shwetanair75@ibl/UPI,393693529335,,"22,000.67",152756.07
07-01-2026,NACH/MANDATE/RNT4754436/RENT MANDATE,446827135541,"12,000.00",,140756.07
09-01-2026,NACH/MANDATE/LN130304190447/LIC Housing Finance,368674283114,"9,000.00",,131756.07
10-01-2026,UPI/CR/969196659751/Usha/FDRL/ushamukh10@ptsbi/UPI,349373849536,,"5,200.70",136956.77
11-01-2026,UPI/DR/043324494234/Rapido/PAYTM/rapido@icici/UPI,230685883108,420.37,,136536.40
11-01-2026,UPI/DR/770978708592/Vikram/SBIN/vikram.mishra@ybl/UPI,463710347097,"14,350.43",,122185.97
12-01-2026,UPI/DR/142732814144/CESC/UPIN/cescpayment@upi/UPI,422021992061,600.10,,121585.87
13-01-2026,UPI/DR/101086924987/Jio/PAYTM/airtel@axis/UPI,728794259569,959.00,,120626.87
14-01-2026,UPI/DR/850613406148/MakeMyTrip/ICICI/makemytrip@axisbank/UPI,996199875118,749.00,,119877.87
14-01-2026,ATM-CASH-WDL/GFZ471215/NAGPUR,642931750139,"9,000.00",,110877.87
14-01-2026,UPI/DR/250739039225/Kunal/BKID/kunal.dutta@kotak/UPI,987792260875,"13,150.87",,97727.00
15-01-2026,UPI/CR/615411053478/Sushma/FDRL/7793782364@ptaxis/UPI,893102092544,,"9,450.66",107177.66
16-01-2026,UPI/DR/366919591384/Jio/PAYTM/airtel@axis/UPI,988050962644,239.00,,106938.66
17-01-2026,NACH/MANDATE/SIP1952421/Mirae Asset MF,402236264099,"2,500.00",,104438.66
17-01-2026,ATM-CASH-WDL/ECC302326/NAGPUR,216091145256,"2,000.00",,102438.66
18-01-2026,POS PANTALOONS NAGPUR,590109724726,"4,900.79",,97537.87
18-01-2026,UPI/DR/393429012586/Paytm/ICICI/paytm@paytm/UPI,867933280773,860.66,,96677.21
19-01-2026,POS D MART NAGPUR,826307421519,"2,550.76",,94126.45
19-01-2026,ATM-CASH-WDL/QQK889226/NAGPUR,375679130482,"9,000.00",,85126.45
19-01-2026,POS PANTALOONS NAGPUR,448848582179,"6,450.57",,78675.88
20-01-2026,UPI/CR/987885665371/Manoj/FDRL/manoj102@kotak/UPI,060992149150,,"14,500.54",93176.42
20-01-2026,UPI/DR/232525156245/Divya/PUNB/2534778427@okaxis/UPI,452027479381,"3,450.88",,89725.54
20-01-2026,UPI/DR/142138442046/Blinkit/ICICI/blinkit@kotak/UPI,960714332134,"2,570.04",,87155.50
21-01-2026,UPI/CR/110202370604/Kiran/HDFC/kiran.pillai@okaxis/UPI,035806288286,,"5,650.13",92805.63
21-01-2026,UPI/DR/762870685155/Vijay/SBIN/vijaykhan42@ptaxis/UPI,935589375211,200.21,,92605.42
21-01-2026,POS HP PETROL PUMP NAGPUR,974771835460,"2,100.30",,90505.12
22-01-2026,UPI/DR/708726835121/Zomato/ICICI/zomato@axisbank/UPI,378956726101,"2,520.52",,87984.60
23-01-2026,UPI/DR/072953133289/Flipkart/PAYTM/flipkart@ybl/UPI,817234723644,"2,050.32",,85934.28
24-01-2026,UPI/DR/050552224861/Ola/ICICI/olamoney@ola/UPI,900853262326,620.28,,85314.00
25-01-2026,UPI/DR/699363933131/Paytm/ICICI/paytm@paytm/UPI,886934151590,"1,010.95",,84303.05
25-01-2026,UPI/DR/561900050924/Zepto/ICICI/zepto@apl/UPI,619672665858,"1,900.14",,82402.91
25-01-2026,UPI/DR/029810934456/Swiggy/ICICI/swiggy@icici/UPI,307729543538,"1,940.93",,80461.98
25-01-2026,UPI/DR/101416012629/Uber/PAYTM/uber@paytm/UPI,303525918985,610.36,,79851.62
26-01-2026,UPI/DR/299566440335/BSNL/RAZORPAY/broadband@paytm/UPI,530206152137,949.00,,78902.62
26-01-2026,UPI/DR/484119947730/Ola/PAYTM/olamoney@ola/UPI,555880072740,790.65,,78111.97
26-01-2026,UPI/DR/306291721323/Indane/ICICI/indanegas@upi/UPI,188903380495,"2,400.76",,75711.21
28-01-2026,UPI/DR/578920196009/Jio/PAYTM/airtel@axis/UPI,369564168562,559.00,,75152.21
28-01-2026,UPI/DR/589928461624/Uber/PAYTM/uber@paytm/UPI,892399266234,90.30,,75061.91
28-01-2026,UPI/DR/532676660278/Uber/PAYTM/uber@paytm/UPI,900636348160,100.87,,74961.04
30-01-2026,POS SHELL FUEL STATION NAGPUR,184925145299,"1,100.13",,73860.91
31-01-2026,UPI/CR/514987170382/Seema/BDBL/2655932267@aubank/UPI,475577945716,,"14,200.48",88061.39
31-01-2026,ATM-CASH-WDL/VNM181793/NAGPUR,718947811835,"9,000.00",,79061.39
02-02-2026,UPI/DR/272855946845/Flipkart/PAYTM/flipkart@ybl/UPI,132017283813,"5,300.90",,73760.49
02-02-2026,ATM-CASH-WDL/JAS319724/NAGPUR,775710440898,"9,500.00",,64260.49
02-02-2026,POS BHARAT PETROLEUM NAGPUR,691680811055,"2,400.68",,61859.81
02-02-2026,UPI/DR/044662899930/Ola/ICICI/olamoney@ola/UPI,201565856804,"1,510.82",,60348.99
03-02-2026,UPI/DR/515935518519/Amazon/ICICI/amazon@apl/UPI,852614262309,"1,830.98",,58518.01
03-02-2026,UPI/DR/455231545509/Meesho/PAYTM/meesho@ybl/UPI,137464093581,"4,900.65",,53617.36
03-02-2026,POS D MART NAGPUR,243605384802,"5,250.04",,48367.32
05-02-2026,SALARY CREDIT/S9927041227887/Maruti Suzuki India,050788621556,,"130,085.74",178453.06
06-02-2026,UPI/DR/498675519341/Jio/PAYTM/airtel@axis/UPI,601718251284,849.00,,177604.06
06-02-2026,UPI/DR/809192417281/Vikas/BDBL/1176828316@ptaxis/UPI,142569027097,"8,200.75",,169403.31
06-02-2026,UPI/DR/451256402183/Kapil/HDFC/2490927467@axl/UPI,492053634441,"21,650.51",,147752.80
06-02-2026,UPI/CR/517731543208/Kiran/KKBK/kiraniyer90@kotak/UPI,901396191855,,"9,700.39",157453.19
07-02-2026,POS STAR BAZAAR NAGPUR,516246780296,"1,600.45",,155852.74
07-02-2026,UPI/CR/252654982269/Nisha/BKID/nishagupt96@paytm/UPI,284435609990,,650.10,156502.84
07-02-2026,UPI/DR/892227552842/Blinkit/ICICI/blinkit@kotak/UPI,396607815876,560.68,,155942.16
08-02-2026,ATM-CASH-WDL/PIW509683/NAGPUR,981729635360,"3,000.00",,152942.16
08-02-2026,NEFT/N6741827309027/Bajaj Finserv Ltd,358964720792,,"22,500.11",175442.27
08-02-2026,UPI/DR/201943374528/Jio/PAYTM/airtel@axis/UPI,811759789172,859.00,,174583.27
09-02-2026,NACH/MANDATE/LN130304190447/LIC Housing Finance,623456631220,"9,000.00",,165583.27
10-02-2026,UPI/CR/358887397917/Suresh/UCBA/suresh895@pthdfc/UPI,688142554153,,"3,700.94",169284.21
10-02-2026,UPI/CR/378903972323/Anil/KKBK/anil502@ptaxis/UPI,029104435603,,"15,500.47",184784.68
10-02-2026,NACH/MANDATE/RNT0698626/RENT MANDATE,663470857713,"12,000.00",,172784.68
11-02-2026,UPI/DR/945093839370/CESC/UPIN/cescpayment@upi/UPI,081537631070,"4,150.74",,168633.94
11-02-2026,UPI/DR/904156721332/Seema/SBIN/0723350038@okaxis/UPI,463998945108,"18,400.39",,150233.55
11-02-2026,UPI/DR/622918337851/PhonePe/ICICI/phonepe@ybl/UPI,716641982317,"2,290.24",,147943.31
11-02-2026,UPI/DR/003710405795/Uber/PAYTM/uber@paytm/UPI,572386776204,650.14,,147293.17
11-02-2026,ATM-CASH-WDL/ODI364114/NAGPUR,075871881627,"7,000.00",,140293.17
12-02-2026,UPI/DR/122179722278/BSNL/ICICI/bsnlbroadband@upi/UPI,387937895876,"1,020.07",,139273.10
12-02-2026,UPI/DR/342502806638/Amazon/ICICI/amazon@apl/UPI,257656266551,950.07,,138323.03
13-02-2026,UPI/DR/544058942696/Blinkit/ICICI/blinkit@kotak/UPI,262845812843,"1,270.67",,137052.36
13-02-2026,UPI/DR/549025130541/PhonePe/ICICI/phonepe@ybl/UPI,014370198942,"1,460.36",,135592.00
13-02-2026,UPI/DR/976161365036/Uber/PAYTM/uber@paytm/UPI,622132572916,780.65,,134811.35
14-02-2026,UPI/DR/074730925871/Nykaa/PAYTM/nykaa@razorpay/UPI,867292850972,"1,950.56",,132860.79
14-02-2026,UPI/DR/451260120109/Zepto/ICICI/zepto@apl/UPI,765751484537,"2,300.65",,130560.14
14-02-2026,IMPS-392029429529-Arjun Tiwari,718694877832,"22,500.33",,108059.81
15-02-2026,UPI/DR/486882481968/Manoj/SBIN/1333307273@ibl/UPI,436852948920,"12,150.43",,95909.38
16-02-2026,NACH/MANDATE/SIP6320393/Mirae Asset MF,932201592924,"2,500.00",,93409.38
16-02-2026,UPI/DR/645443517445/BigBasket/ICICI/bigbasket@ybl/UPI,290770961164,"1,050.73",,92358.65
16-02-2026,UPI/DR/502232201353/Mohan/SBIN/5909605179@ptyes/UPI,059882653468,"10,650.65",,81708.00
17-02-2026,UPI/DR/810081103388/Blinkit/ICICI/blinkit@kotak/UPI,092594899101,"1,220.38",,80487.62
17-02-2026,UPI/DR/026913042699/Ola/PAYTM/olamoney@ola/UPI,518365634227,510.30,,79977.32
17-02-2026,UPI/DR/512827577448/Himanshu/HDFC/himanshukhan14@oksbi/UPI,967690042995,"11,050.72",,68926.60
18-02-2026,UPI/CR/412600072545/Naresh/SBIN/naresh.nair@upi/UPI,622947236422,,"7,850.72",76777.32
19-02-2026,UPI/DR/138871906079/Indane/ICICI/indanegas@upi/UPI,686558979764,950.11,,75827.21
20-02-2026,UPI/DR/979419835808/Rapido/PAYTM/rapido@icici/UPI,959041406371,430.43,,75396.78
21-02-2026,POS HP PETROL PUMP NAGPUR,054034662940,"3,300.01",,72096.77
22-02-2026,UPI/DR/150482232908/Paytm/ICICI/paytm@paytm/UPI,193750469698,860.05,,71236.72
22-02-2026,UPI/DR/360687617729/Manish/UCBA/manish215@paytm/UPI,025318455714,"11,100.47",,60136.25
23-02-2026,UPI/DR/097541693414/Rapido/PAYTM/rapido@icici/UPI,988398527230,570.01,,59566.24
24-02-2026,UPI/DR/959083969582/Flipkart/ICICI/flipkart@ybl/UPI,101915767040,"1,790.87",,57775.37
25-02-2026,UPI/DR/663278987842/Kavya/HDFC/2866587914@aubank/UPI,240721783365,"11,100.26",,46675.11
25-02-2026,UPI/CR/392609539004/Shreya/SBIN/shreyachop35@pthdfc/UPI,774270940890,,"6,900.62",53575.73
26-02-2026,ATM-CASH-WDL/DZM061314/NAGPUR,958835254525,"2,500.00",,51075.73
27-02-2026,UPI/DR/099453362497/Dunzo/ICICI/dunzo@razorpay/UPI,113423310434,"2,400.02",,48675.71
27-02-2026,UPI/DR/144980259675/Nisha/UCBA/nisha197@ptaxis/UPI,773264279989,"3,300.17",,45375.54
28-02-2026,POS D MART NAGPUR,848385521996,"7,600.39",,37775.15
28-02-2026,ATM-CASH-WDL/UIP496524/NAGPUR,290577028801,"1,000.00",,36775.15
01-03-2026,UPI/DR/557472260200/Girish/BKID/girish629@ibl/UPI,825645475548,"6,600.07",,30175.08
01-03-2026,UPI/CR/162849263693/Radha/UTIB/4458089417@paytm/UPI,745824792964,,"11,150.53",41325.61
01-03-2026,UPI/DR/310677061976/Mukesh/FDRL/mukeshmeht34@oksbi/UPI,060237476205,"8,200.42",,33125.19
01-03-2026,UPI/DR/205166184361/PhonePe/ICICI/phonepe@ybl/UPI,204786037243,290.43,,32834.76
02-03-2026,UPI/DR/821436294944/Jio/ICICI/jio@paytm/UPI,520916522217,"1,920.30",,30914.46
02-03-2026,POS INDIAN OIL NAGPUR,961033712855,"4,250.34",,26664.12
02-03-2026,UPI/DR/515509031816/Jio/ICICI/jio@paytm/UPI,875764588660,750.78,,25913.34
02-03-2026,UPI/DR/121765642398/Swiggy/ICICI/swiggy@icici/UPI,750677595595,"2,630.46",,23282.88
02-03-2026,UPI/CR/306098270280/Vijay/FDRL/vijaychop80@axl/UPI,634868277912,,"8,250.94",31533.82
03-03-2026,UPI/CR/169472751003/Vikram/HDFC/5236620545@ybl/UPI,216927349373,,"5,000.16",36533.98
03-03-2026,UPI/CR/150196451750/Archana/PUNB/archana963@ptaxis/UPI,759698406973,,"12,500.46",49034.44
03-03-2026,UPI/DR/985767301340/Paytm/ICICI/paytm@paytm/UPI,338203122060,"1,120.66",,47913.78
04-03-2026,UPI/CR/386160867017/Isha/HDFC/isha834@axl/UPI,466505209234,,"17,700.99",65614.77
04-03-2026,SALARY CREDIT/S7253148438249/Maruti Suzuki India,666759105390,,"129,177.74",194792.51
04-03-2026,UPI/DR/181755847677/Renu/KKBK/8679156044@okhdfcbank/UPI,149016667097,"7,500.66",,187291.85
07-03-2026,NACH/MANDATE/LN130304190447/LIC Housing Finance,493749531624,"9,000.00",,178291.85
07-03-2026,UPI/DR/305297165731/Ola/PAYTM/olamoney@ola/UPI,964174943137,560.16,,177731.69
09-03-2026,UPI/DR/775256472269/BigBasket/ICICI/bigbasket@ybl/UPI,718431362834,"2,040.20",,175691.49
09-03-2026,UPI/DR/548340850345/Priya/BARB/priya755@okicici/UPI,863482110079,"6,250.82",,169440.67
09-03-2026,NACH/MANDATE/RNT8250270/RENT MANDATE,734266924893,"12,000.00",,157440.67
09-03-2026,UPI/DR/745660635710/Zepto/ICICI/zepto@apl/UPI,019002481031,"1,010.55",,156430.12
10-03-2026,UPI/DR/250335042042/Flipkart/ICICI/flipkart@ybl/UPI,575217172291,"1,150.03",,155280.09
11-03-2026,NEFT/N5289276164454/Bharti Airtel Ltd,790285594886,,"10,000.13",165280.22
11-03-2026,ATM-CASH-WDL/RPD861605/NAGPUR,505506710295,"8,000.00",,157280.22
11-03-2026,UPI/DR/185624461626/Uber/ICICI/uber@paytm/UPI,775376434480,"2,220.17",,155060.05
11-03-2026,UPI/DR/229045496683/Jio/PAYTM/airtel@axis/UPI,957305850818,779.00,,154281.05
12-03-2026,UPI/DR/640939078826/SBI/LICI/licindia@licindia/UPI,946173592805,"2,200.00",,152081.05
12-03-2026,POS CENTRAL MALL NAGPUR,015536469516,"1,750.44",,150330.61
12-03-2026,NACH/MANDATE/SIP1665474/Mirae Asset MF,367022070541,"2,500.00",,147830.61
12-03-2026,UPI/DR/717593271217/Uber/PAYTM/uber@paytm/UPI,246879521635,160.58,,147670.03
13-03-2026,UPI/DR/704375132373/Jio/PAYTM/airtel@axis/UPI,757571942116,409.00,,147261.03
13-03-2026,UPI/DR/335733289477/Zepto/ICICI/zepto@apl/UPI,244775702194,"2,040.64",,145220.39
13-03-2026,UPI/DR/095102130580/Krishna/SBIN/krishnaseth38@okicici/UPI,846299335008,"15,200.73",,130019.66
13-03-2026,UPI/DR/271799064928/Ola/PAYTM/olamoney@ola/UPI,844808668895,830.04,,129189.62
14-03-2026,UPI/CR/414448548422/Krishna/UCBA/krishna.srivastava@pthdfc/UPI,109118096109,,"8,050.60",137240.22
15-03-2026,UPI/DR/830706479059/Prashant/BKID/9053194152@aubank/UPI,709736402377,"8,550.28",,128689.94
16-03-2026,UPI/DR/464332536922/BSNL/RAZORPAY/broadband@paytm/UPI,284871846945,699.00,,127990.94
16-03-2026,UPI/CR/426647572814/Ajay/KKBK/ajay892@pthdfc/UPI,441632588991,,"3,250.55",131241.49
17-03-2026,UPI/DR/945990071854/Blinkit/ICICI/blinkit@kotak/UPI,269110241713,610.03,,130631.46
17-03-2026,POS V MART NAGPUR,458999043572,500.10,,130131.36
17-03-2026,UPI/CR/795522908757/Mohan/FDRL/mohangupt98@okicici/UPI,646487091687,,"7,500.81",137632.17
18-03-2026,UPI/DR/441813743943/Swiggy/ICICI/swiggy@icici/UPI,819741179031,"2,670.27",,134961.90
19-03-2026,UPI/DR/521265901051/CESC/UPIN/cescpayment@upi/UPI,900203643153,"3,800.12",,131161.78
20-03-2026,UPI/DR/282994748518/Rapido/PAYTM/rapido@icici/UPI,709271338316,680.85,,130480.93
20-03-2026,UPI/DR/204848848506/Prashant/SBIN/prashantpill52@oksbi/UPI,867175299629,"6,000.41",,124480.52
20-03-2026,IMPS-088719855329-Isha Kumar,372854196812,"28,000.16",,96480.36
20-03-2026,POS D MART NAGPUR,910473165106,"6,900.13",,89580.23
20-03-2026,UPI/DR/997997808249/Rapido/PAYTM/rapido@icici/UPI,879283108088,620.00,,88960.23
20-03-2026,POS BHARAT PETROLEUM NAGPUR,575502506570,"4,050.10",,84910.13
20-03-2026,POS RELIANCE PETROLEUM NAGPUR,781969029223,"4,450.63",,80459.50
21-03-2026,UPI/DR/858124496939/BigBasket/ICICI/bigbasket@ybl/UPI,940081872535,"2,720.37",,77739.13
21-03-2026,UPI/DR/601858418312/Mamta/KKBK/2683289931@axl/UPI,394394414063,"3,450.38",,74288.75
21-03-2026,UPI/DR/798746492627/Ola/PAYTM/olamoney@ola/UPI,355357988004,650.74,,73638.01
21-03-2026,UPI/DR/354397240825/Zepto/ICICI/zepto@apl/UPI,023877693601,"2,710.88",,70927.13
22-03-2026,UPI/CR/792798487044/Lata/PUNB/lata672@okhdfcbank/UPI,202491411249,,950.29,71877.42
23-03-2026,POS V MART NAGPUR,362020222452,400.84,,71476.58
23-03-2026,UPI/DR/897173508276/Indane/ICICI/indanegas@upi/UPI,126410420239,"2,550.51",,68926.07
23-03-2026,UPI/CR/481488737845/Deepa/BARB/deepa811@upi/UPI,975293426275,,"1,950.04",70876.11
24-03-2026,UPI/CR/872302224638/Yogesh/HDFC/yogeshsriv25@kotak/UPI,579380014017,,"10,050.94",80927.05
25-03-2026,INTEREST CREDIT,559706156709,,605.01,81532.06
25-03-2026,ATM-CASH-WDL/DZT424701/NAGPUR,155144471251,"5,500.00",,76032.06
26-03-2026,UPI/CR/059522052882/Sunil/UTIB/suniljain29@ptyes/UPI,346262015378,,"13,950.74",89982.80
27-03-2026,UPI/DR/598102399892/Prashant/UTIB/prashant842@axl/UPI,105275676887,"1,350.41",,88632.39
27-03-2026,UPI/DR/417212982636/Uber/ICICI/uber@paytm/UPI,637494656045,730.03,,87902.36
28-03-2026,UPI/DR/312904755778/BSNL/ICICI/bsnlbroadband@upi/UPI,092559501734,"1,310.80",,86591.56
28-03-2026,UPI/DR/456227013222/BSNL/ICICI/bsnlbroadband@upi/UPI,838032162409,140.75,,86450.81
29-03-2026,UPI/DR/293266085155/Nykaa/PAYTM/nykaa@razorpay/UPI,890381018421,"3,850.22",,82600.59
29-03-2026,UPI/CR/010295066771/Sapna/SBIN/sapnabaja60@paytm/UPI,609091139341,,"10,050.79",92651.38
29-03-2026,ATM-CASH-WDL/CHR889548/NAGPUR,841896107193,"9,500.00",,83151.38
29-03-2026,UPI/CR/286554949412/Gopal/FDRL/gopal.pillai@ptyes/UPI,237219733288,,"17,900.36",101051.74
29-03-2026,UPI/DR/191517711963/Sushma/UCBA/9422632288@pthdfc/UPI,739982955385,"4,900.37",,96151.37
29-03-2026,UPI/DR/455901947569/BigBasket/ICICI/bigbasket@ybl/UPI,756251374028,"2,130.58",,94020.79
30-03-2026,UPI/DR/415348998239/Uber/ICICI/uber@paytm/UPI,117104481833,"1,690.67",,92330.12
30-03-2026,POS RELIANCE MART NAGPUR,127966526501,"1,450.80",,90879.32
30-03-2026,UPI/CR/843878537198/Shreya/UTIB/1879839199@okaxis/UPI,065430040655,,"1,400.37",92279.69
31-03-2026,POS VISHAL MEGA MART NAGPUR,111408494758,"2,950.71",,89328.98
01-04-2026,ATM-CASH-WDL/JLJ690640/NAGPUR,676859956005,"10,000.00",,79328.98
02-04-2026,UPI/DR/876537020221/Vikram/BARB/vikramrao83@ibl/UPI,985753430120,"7,400.39",,71928.59
03-04-2026,UPI/DR/250677543664/Vivek/HDFC/vivek.sharma@aubank/UPI,523312495911,"17,800.53",,54128.06
03-04-2026,POS HP PETROL PUMP NAGPUR,127732522911,900.17,,53227.89
04-04-2026,UPI/DR/383149243319/Amazon/ICICI/amazon@apl/UPI,843881391490,"1,180.95",,52046.94
04-04-2026,UPI/DR/978036115542/Sunil/SBIN/sunilroy77@ibl/UPI,072567951549,"19,100.82",,32946.12
06-04-2026,UPI/DR/520082065238/BSNL/RAZORPAY/broadband@paytm/UPI,310051301517,999.00,,31947.12
07-04-2026,SALARY CREDIT/S6011302754151/Maruti Suzuki India,447619950667,,"125,235.74",157182.86
07-04-2026,UPI/DR/990056290100/Uber/PAYTM/uber@paytm/UPI,448536946489,880.74,,156302.12
07-04-2026,UPI/CR/274140721943/Krishna/SBIN/krishnanamb51@axl/UPI,987009981070,,"10,900.39",167202.51
07-04-2026,UPI/DR/587198246918/Zepto/ICICI/zepto@apl/UPI,207325937114,"1,550.89",,165651.62
08-04-2026,UPI/DR/853451031325/Myntra/PAYTM/myntra@ybl/UPI,082456576250,"3,300.35",,162351.27
09-04-2026,UPI/CR/754971291045/Sanjay/BDBL/sanjaypate48@paytm/UPI,894539298904,,"21,500.99",183852.26
09-04-2026,UPI/DR/157413980771/Nykaa/ICICI/nykaa@razorpay/UPI,061915325259,699.00,,183153.26
10-04-2026,NACH/MANDATE/LN130304190447/LIC Housing Finance,158865618553,"9,000.00",,174153.26
10-04-2026,UPI/DR/648494374262/Babita/HDFC/babita530@ptsbi/UPI,106196693157,"7,450.23",,166703.03
10-04-2026,UPI/CR/150886970313/Gaurav/FDRL/gaurav198@apl/UPI,241768367858,,"11,250.53",177953.56
11-04-2026,NACH/MANDATE/RNT2232981/RENT MANDATE,715506296322,"12,000.00",,165953.56
11-04-2026,UPI/DR/031243896416/Suresh/KKBK/suresh.singh@kotak/UPI,584580927713,"7,000.64",,158952.92
11-04-2026,UPI/DR/225639840278/Ola/PAYTM/olamoney@ola/UPI,636666780231,690.78,,158262.14
11-04-2026,UPI/DR/418709138183/Indane/ICICI/indanegas@upi/UPI,931689151966,"2,150.52",,156111.62
11-04-2026,UPI/CR/025651012220/Vikram/UCBA/vikram377@kotak/UPI,172049594513,,"12,350.22",168461.84
12-04-2026,NEFT/N7763667553332/Infosys BPO Pvt Ltd,980226087531,,"7,500.92",175962.76
12-04-2026,POS VISHAL MEGA MART NAGPUR,490752951906,"1,650.27",,174312.49
12-04-2026,UPI/DR/024229741165/Uber/PAYTM/uber@paytm/UPI,475136645992,120.51,,174191.98
13-04-2026,UPI/DR/172323255894/CESC/UPIN/cescpayment@upi/UPI,833919987551,"3,500.58",,170691.40
13-04-2026,UPI/DR/393505444126/Radha/UCBA/radhameno43@oksbi/UPI,523948587962,"1,100.15",,169591.25
13-04-2026,UPI/DR/545643718735/Meesho/PAYTM/meesho@ybl/UPI,319543249844,"1,600.67",,167990.58
13-04-2026,UPI/DR/339432326687/Uber/ICICI/uber@paytm/UPI,159055786394,"1,760.71",,166229.87
14-04-2026,UPI/DR/600423072673/Jio/ICICI/jio@paytm/UPI,157674754282,910.25,,165319.62
15-04-2026,UPI/DR/274594206493/Jio/PAYTM/airtel@axis/UPI,883141023383,589.00,,164730.62
16-04-2026,UPI/DR/626990252526/Jio/ICICI/jio@paytm/UPI,267562314613,610.79,,164119.83
16-04-2026,POS LIFESTYLE STORES NAGPUR,861342489727,"8,050.82",,156069.01
16-04-2026,UPI/DR/164527312045/Jio/ICICI/jio@paytm/UPI,550092765537,"1,450.82",,154618.19
16-04-2026,UPI/CR/226787688866/Rekha/UCBA/rekha.shah@ibl/UPI,895212934805,,"9,800.10",164418.29
17-04-2026,POS RELIANCE MART NAGPUR,855533484544,"3,850.89",,160567.40
17-04-2026,UPI/DR/383335412180/Ola/ICICI/olamoney@ola/UPI,778539870695,"2,440.47",,158126.93
17-04-2026,UPI/CR/989209007640/Rohit/FDRL/rohit153@okaxis/UPI,432594639225,,"15,450.21",173577.14
17-04-2026,NACH/MANDATE/SIP1339063/Mirae Asset MF,243638551653,"2,500.00",,171077.14
18-04-2026,UPI/DR/713559957609/Flipkart/ICICI/flipkart@ybl/UPI,859417820092,"1,140.33",,169936.81
18-04-2026,POS D MART NAGPUR,105967805823,"3,900.33",,166036.48
19-04-2026,UPI/DR/748487415885/Ola/ICICI/olamoney@ola/UPI,771838362903,550.53,,165485.95
20-04-2026,UPI/DR/385664666114/Amazon/PAYTM/amazon@apl/UPI,796971104338,"3,900.15",,161585.80
20-04-2026,UPI/CR/295627623277/Santosh/HDFC/7621353955@paytm/UPI,704704152867,,"8,650.47",170236.27
21-04-2026,UPI/CR/914699832876/Geeta/BKID/geeta807@oksbi/UPI,197067474208,,"12,000.84",182237.11
21-04-2026,UPI/DR/060939611558/Paytm/ICICI/paytm@paytm/UPI,593214797704,"1,020.01",,181217.10
22-04-2026,POS SHOPPERS STOP NAGPUR,308580894168,"2,650.01",,178567.09
24-04-2026,UPI/DR/824826353992/Ola/ICICI/olamoney@ola/UPI,010333029813,920.98,,177646.11
25-04-2026,UPI/DR/390976473633/Sarita/UCBA/sarita.banerjee@pthdfc/UPI,870780146360,"13,750.57",,163895.54
25-04-2026,UPI/DR/908009211855/Uber/ICICI/uber@paytm/UPI,468234508719,"2,740.12",,161155.42
26-04-2026,UPI/DR/942413008452/Zomato/ICICI/zomato@axisbank/UPI,380234230710,610.80,,160544.62
26-04-2026,UPI/DR/854680508296/Jio/PAYTM/airtel@axis/UPI,698349143798,479.00,,160065.62
26-04-2026,UPI/DR/534640304152/BigBasket/ICICI/bigbasket@ybl/UPI,348080181820,"2,510.76",,157554.86
27-04-2026,UPI/DR/473641116819/Uber/PAYTM/uber@paytm/UPI,373375960198,510.80,,157044.06
27-04-2026,UPI/CR/281094392811/Preeti/BKID/preeti.patil@okicici/UPI,904556208551,,"8,000.32",165044.38
28-04-2026,ATM-CASH-WDL/FFN203433/NAGPUR,848557059863,"2,500.00",,162544.38
28-04-2026,UPI/DR/656529106383/Flipkart/ICICI/flipkart@ybl/UPI,229203873124,280.31,,162264.07
28-04-2026,UPI/CR/789770963881/Vijay/KKBK/8842549735@ptyes/UPI,241141288093,,"10,650.03",172914.10
28-04-2026,UPI/DR/189197629612/1mg/ICICI/tatahealth@icici/UPI,007419576173,"1,140.07",,171774.03
29-04-2026,UPI/DR/286486862325/Flipkart/ICICI/flipkart@ybl/UPI,796348432267,"1,830.99",,169943.04
29-04-2026,POS BHARAT PETROLEUM NAGPUR,567183255923,"4,500.40",,165442.64
29-04-2026,UPI/DR/882598605749/Zepto/ICICI/zepto@apl/UPI,748312883135,"1,310.83",,164131.81
29-04-2026,IMPS-053624256836-Vishal Agarwal,919679454090,"42,600.26",,121531.55
30-04-2026,ACCOUNT MAINTENANCE CHARGES,324015481320,400.00,,121131.55
30-04-2026,GST ON CHARGES,907057339187,72.00,,121059.55
01-05-2026,POS LIFESTYLE STORES NAGPUR,929618018579,"4,550.20",,116509.35
02-05-2026,POS LIFESTYLE STORES NAGPUR,063574101035,"6,250.08",,110259.27
02-05-2026,POS BHARAT PETROLEUM NAGPUR,125942889558,"2,550.89",,107708.38
02-05-2026,UPI/DR/217626467456/Amazon/PAYTM/amazon@apl/UPI,637900714532,"2,700.59",,105007.79
03-05-2026,UPI/DR/252305985999/Jio/ICICI/jio@paytm/UPI,565799482440,"2,650.69",,102357.10
03-05-2026,IMPS-865577295013-Nikhil Dutta,483758671282,"27,200.36",,75156.74
06-05-2026,UPI/CR/680471656081/Brijesh/PUNB/brijesh451@pthdfc/UPI,567954377276,,"18,700.49",93857.23
06-05-2026,ATM-CASH-WDL/BEL612534/NAGPUR,326014098880,"1,000.00",,92857.23
06-05-2026,UPI/CR/057439739324/Kamal/UCBA/6694801004@okicici/UPI,101205908774,,"9,050.81",101908.04
07-05-2026,ATM-CASH-WDL/NFG432315/NAGPUR,079243056149,"6,500.00",,95408.04
07-05-2026,SALARY CREDIT/S1484494617732/Maruti Suzuki India,173632754636,,"127,452.74",222860.78
07-05-2026,UPI/DR/998879842092/Myntra/PAYTM/myntra@ybl/UPI,680419515546,"5,350.67",,217510.11
08-05-2026,UPI/DR/733740888116/Apollo/ICICI/apollopharmacy@ybl/UPI,636070138768,549.00,,216961.11
08-05-2026,UPI/DR/570860216723/Radha/UCBA/radhashuk83@kotak/UPI,314162128217,"14,700.41",,202260.70
08-05-2026,UPI/CR/672593805587/Arun/HDFC/arun.bajaj@kotak/UPI,815514695449,,"12,300.07",214560.77
08-05-2026,NACH/MANDATE/RNT9597671/RENT MANDATE,408409076662,"12,000.00",,202560.77
09-05-2026,NACH/MANDATE/LN130304190447/LIC Housing Finance,741353501547,"9,000.00",,193560.77
09-05-2026,UPI/DR/382831551236/Manish/FDRL/manish.kulkarni@pthdfc/UPI,003196077814,"21,350.31",,172210.46
