Bank Name,BANK OF INDIA
Account Number,9233632350372247
Account Holder Name,SHWETA THAPAR
Branch,HAZRATGANJ
IFSC Code,BKID0856865
Statement Period,01-12-2024 To 09-05-2026

Date,Description,Ref/ChequeNo,Debit,Credit,Balance
01-12-2024,UPI/DR/088123297368/Shweta/HDFC/shweta415@paytm/UPI,349097720034,"2,050.98",,743450.16
01-12-2024,POS LIFESTYLE STORES VADODARA,989266701449,350.46,,743099.70
01-12-2024,UPI/DR/955667495717/Divya/HDFC/divyadutt83@apl/UPI,884958754867,"2,650.19",,740449.51
02-12-2024,UPI/DR/809552176256/Amazon/ICICI/amazon@apl/UPI,906816128090,"1,150.98",,739298.53
02-12-2024,SALARY CREDIT/S2510945487610/Bajaj Finserv Ltd,832699311103,,"122,190.42",861488.95
03-12-2024,POS VISHAL MEGA MART VADODARA,276709996233,"2,900.24",,858588.71
03-12-2024,NACH/MANDATE/RNT3248963/RENT MANDATE,826279817702,"11,500.00",,847088.71
04-12-2024,UPI/DR/268071054959/Lata/BARB/lata992@kotak/UPI,061505812462,"20,100.55",,826988.16
04-12-2024,UPI/DR/574229861155/BSNL/ICICI/bsnlbroadband@upi/UPI,116223896088,"1,930.58",,825057.58
05-12-2024,UPI/DR/784326545382/Harish/HDFC/harishkulk21@okicici/UPI,518909482874,"6,200.15",,818857.43
06-12-2024,UPI/DR/038369671012/Suresh/UTIB/0929732474@ptaxis/UPI,183928413547,"19,300.48",,799556.95
06-12-2024,UPI/CR/677698208882/Naveen/KKBK/naveenyada87@apl/UPI,969849395000,,"20,750.95",820307.90
07-12-2024,UPI/DR/519536543299/Flipkart/ICICI/flipkart@ybl/UPI,597102321992,"2,340.17",,817967.73
07-12-2024,UPI/DR/915359076193/Jio/PAYTM/vi@airtelaxis/UPI,836877778285,829.00,,817138.73
08-12-2024,ATM CASH WITHDRAWAL/30781/VADODARA,334602665267,"10,000.00",,807138.73
08-12-2024,UPI/DR/290267204898/Myntra/PAYTM/myntra@ybl/UPI,483910531287,"2,750.71",,804388.02
08-12-2024,UPI/DR/483279605965/BSNL/ICICI/bsnlbroadband@upi/UPI,540655734737,810.98,,803577.04
09-12-2024,UPI/DR/096876535255/BSNL/RAZORPAY/broadband@paytm/UPI,136532102197,349.00,,803228.04
09-12-2024,UPI/DR/953896285995/Zepto/ICICI/zepto@apl/UPI,855056809826,"2,540.86",,800687.18
09-12-2024,UPI/DR/168182707788/BSNL/ICICI/bsnlbroadband@upi/UPI,601093420479,"2,160.18",,798527.00
10-12-2024,ATM CASH WITHDRAWAL/30300/VADODARA,910876175713,"7,500.00",,791027.00
10-12-2024,UPI/DR/392361615667/HDFC/LICI/licindia@licindia/UPI,512833422536,"5,300.00",,785727.00
12-12-2024,UPI/CR/301305045039/Sunita/FDRL/sunita.reddy@ybl/UPI,403853189265,,"20,000.24",805727.24
12-12-2024,IMPS-255271022577-Yogesh Reddy,226200454529,"7,500.39",,798226.85
12-12-2024,UPI/CR/778128672282/Siddharth/UTIB/siddharth440@ybl/UPI,158667815069,,"1,950.77",800177.62
13-12-2024,UPI/DR/745109390821/Uber/PAYTM/uber@paytm/UPI,828580686124,80.96,,800096.66
14-12-2024,UPI/CR/701933623995/Mohit/UCBA/mohitshah20@paytm/UPI,642162307816,,"10,350.05",810446.71
14-12-2024,UPI/DR/630867348030/Netmeds/ICICI/netmeds@paytm/UPI,918703824874,880.32,,809566.39
14-12-2024,POS METRO CASH CARRY VADODARA,316686815488,"4,150.68",,805415.71
15-12-2024,UPI/DR/379574711147/BESCOM/UPIN/bescompayment@upi/UPI,557406594465,"1,900.30",,803515.41
15-12-2024,UPI/DR/570847453065/BSNL/ICICI/bsnlbroadband@upi/UPI,835090880338,540.49,,802974.92
16-12-2024,NACH/MANDATE/SIP7983923/Axis Mutual Fund,964172093168,"9,500.00",,793474.92
16-12-2024,ATM CASH WITHDRAWAL/39041/VADODARA,064480561461,"5,000.00",,788474.92
16-12-2024,UPI/DR/980886295520/Ritu/KKBK/ritu.chaudhary@oksbi/UPI,864737024784,"21,150.10",,767324.82
17-12-2024,UPI/DR/429161697327/Priya/PUNB/priyapill96@ptaxis/UPI,225470492122,"21,700.23",,745624.59
17-12-2024,UPI/DR/780622309906/BSNL/ICICI/bsnlbroadband@upi/UPI,463355947600,340.02,,745284.57
17-12-2024,UPI/DR/023638997901/Uber/PAYTM/uber@paytm/UPI,851176628736,320.98,,744963.59
17-12-2024,UPI/DR/877710837509/Amazon/PAYTM/amazon@apl/UPI,543150931619,"4,800.16",,740163.43
18-12-2024,UPI/CR/150391673607/Amit/HDFC/amit956@ptsbi/UPI,143090197764,,"1,800.27",741963.70
18-12-2024,UPI/DR/370647196315/Swiggy/ICICI/swiggy@icici/UPI,828820153463,"2,010.14",,739953.56
19-12-2024,UPI/DR/960047996959/Indane/ICICI/indanegas@upi/UPI,091607356639,"2,650.28",,737303.28
19-12-2024,POS BHARAT PETROLEUM VADODARA,061373312787,"1,650.67",,735652.61
19-12-2024,UPI/DR/885679958289/Blinkit/ICICI/blinkit@kotak/UPI,503909605324,"2,010.08",,733642.53
19-12-2024,UPI/DR/456658472666/Myntra/PAYTM/myntra@ybl/UPI,554432501639,"2,750.17",,730892.36
21-12-2024,UPI/DR/300413216628/Swiggy/ICICI/swiggy@icici/UPI,885027121296,"1,440.09",,729452.27
21-12-2024,UPI/DR/415378615728/Jio/PAYTM/vi@airtelaxis/UPI,768317226972,999.00,,728453.27
21-12-2024,UPI/DR/161770310535/Uber/ICICI/uber@paytm/UPI,653177453445,760.03,,727693.24
21-12-2024,IMPS-395390814798-Ramesh Shah,984311580077,"44,500.85",,683192.39
21-12-2024,UPI/CR/890332008159/Archana/UCBA/archanaghos11@ptaxis/UPI,555066914564,,"8,850.61",692043.00
22-12-2024,UPI/DR/260393565355/Uber/PAYTM/uber@paytm/UPI,901590749667,730.53,,691312.47
23-12-2024,POS BRAND FACTORY VADODARA,004992570561,"1,650.67",,689661.80
24-12-2024,POS SHOPPERS STOP VADODARA,546874770672,"1,900.94",,687760.86
25-12-2024,UPI/CR/688942299680/Nisha/PUNB/nishayada57@aubank/UPI,890908238591,,"17,200.05",704960.91
25-12-2024,UPI/DR/276401241439/Jio/PAYTM/vi@airtelaxis/UPI,232178482143,769.00,,704191.91
25-12-2024,POS METRO CASH CARRY VADODARA,398904327480,"3,950.65",,700241.26
25-12-2024,UPI/DR/201757297730/Ola/PAYTM/olamoney@ola/UPI,518410521173,750.75,,699490.51
25-12-2024,UPI/DR/980596376539/Jio/PAYTM/vi@airtelaxis/UPI,136931878213,789.00,,698701.51
26-12-2024,SERVICE CHARGES,246553475652,410.00,,698291.51
26-12-2024,GST ON CHARGES,978414600915,73.80,,698217.71
26-12-2024,INTEREST CREDIT,070389938288,,380.67,698598.38
26-12-2024,UPI/DR/519871651854/Kiran/FDRL/kiran.khanna@upi/UPI,021816247051,"7,050.19",,691548.19
27-12-2024,UPI/DR/566165280386/Lalit/UCBA/lalitpate18@ybl/UPI,959912585805,"13,600.07",,677948.12
27-12-2024,UPI/DR/234198389297/Ola/ICICI/olamoney@ola/UPI,558998528874,"2,040.27",,675907.85
28-12-2024,UPI/DR/427070015128/Jio/ICICI/jio@paytm/UPI,256926293621,"2,080.47",,673827.38
28-12-2024,UPI/DR/332617525852/Jio/PAYTM/vi@airtelaxis/UPI,525357290252,449.00,,673378.38
29-12-2024,POS SHELL FUEL STATION VADODARA,284643699426,900.45,,672477.93
29-12-2024,UPI/DR/456439617726/Siddharth/BKID/siddharthkuma86@upi/UPI,879276487938,"8,950.43",,663527.50
30-12-2024,UPI/DR/009022409579/Nisha/UTIB/nisharedd43@kotak/UPI,424346600444,"13,150.44",,650377.06
30-12-2024,POS INDIAN OIL VADODARA,332121615253,"3,550.01",,646827.05
30-12-2024,UPI/CR/589855996321/Varun/HDFC/1798473023@oksbi/UPI,840159889973,,"5,700.18",652527.23
31-12-2024,UPI/DR/926677908632/Jio/ICICI/jio@paytm/UPI,699640554570,"1,580.77",,650946.46
31-12-2024,UPI/DR/662226647481/Uber/ICICI/uber@paytm/UPI,704520314782,"2,120.16",,648826.30
01-01-2025,IMPS-997768729269-Akash Sharma,978493447889,"40,300.03",,608526.27
01-01-2025,SALARY CREDIT/S5557586081461/Bajaj Finserv Ltd,226822207287,,"121,167.42",729693.69
01-01-2025,UPI/CR/288092536650/Akash/FDRL/akash.menon@pthdfc/UPI,226094280912,,"4,550.76",734244.45
01-01-2025,UPI/DR/539700477334/Deepa/BKID/deepa.joshi@ptsbi/UPI,400341413914,"12,550.94",,721693.51
03-01-2025,POS LIFESTYLE STORES VADODARA,388586986389,"2,250.92",,719442.59
03-01-2025,UPI/CR/831026312570/Asha/KKBK/ashakuma64@ibl/UPI,981983257367,,"20,450.25",739892.84
04-01-2025,UPI/DR/240253446205/Meesho/PAYTM/meesho@ybl/UPI,832972531683,"4,650.82",,735242.02
05-01-2025,POS INDIAN OIL VADODARA,636312501911,"2,150.33",,733091.69
06-01-2025,NACH/MANDATE/RNT5201899/RENT MANDATE,863246366402,"11,500.00",,721591.69
06-01-2025,UPI/DR/183063785871/Sumit/FDRL/sumitnair85@okhdfcbank/UPI,935735171974,"17,900.79",,703690.90
07-01-2025,POS HP PETROL PUMP VADODARA,531219312527,"3,750.29",,699940.61
09-01-2025,UPI/DR/907429266000/Jio/PAYTM/vi@airtelaxis/UPI,184128692188,369.00,,699571.61
09-01-2025,UPI/DR/179360555414/BSNL/RAZORPAY/broadband@paytm/UPI,158930469062,599.00,,698972.61
09-01-2025,UPI/DR/728970073467/Amazon/ICICI/amazon@apl/UPI,637486351512,"2,660.34",,696312.27
09-01-2025,UPI/CR/338795981043/Poonam/HDFC/poonamnair95@ptaxis/UPI,290053302398,,"1,100.67",697412.94
09-01-2025,UPI/DR/061974666679/Ola/PAYTM/olamoney@ola/UPI,164770047620,360.87,,697052.07
10-01-2025,UPI/DR/674653170117/Nikhil/BKID/nikhildesa36@ptaxis/UPI,938436583715,"17,600.81",,679451.26
11-01-2025,UPI/DR/159441141381/HDFC/LICI/licindia@licindia/UPI,451549161707,"5,300.00",,674151.26
11-01-2025,NACH/MANDATE/SIP4788989/Axis Mutual Fund,716589907523,"9,500.00",,664651.26
11-01-2025,UPI/DR/489242300586/Amazon/PAYTM/amazon@apl/UPI,940173043240,"4,950.77",,659700.49
11-01-2025,UPI/DR/209689844945/BESCOM/UPIN/bescompayment@upi/UPI,429673291030,"2,550.19",,657150.30
11-01-2025,UPI/DR/908103551408/Sarita/PUNB/sarita312@ptsbi/UPI,416836638925,"21,150.27",,636000.03
12-01-2025,UPI/DR/665388482013/Meesho/PAYTM/meesho@ybl/UPI,228516797040,600.92,,635399.11
12-01-2025,POS INDIAN OIL VADODARA,417986149071,"1,550.36",,633848.75
13-01-2025,UPI/DR/032811139008/Krishna/SBIN/8777346817@ptyes/UPI,152501173299,"7,800.43",,626048.32
13-01-2025,UPI/DR/342497397860/Ola/PAYTM/olamoney@ola/UPI,914109332015,150.55,,625897.77
13-01-2025,ATM CASH WITHDRAWAL/65541/VADODARA,079884425919,"3,500.00",,622397.77
13-01-2025,UPI/CR/154507219041/Lalit/SBIN/0084137195@ptyes/UPI,977576129310,,"3,250.42",625648.19
14-01-2025,POS BIG BAZAAR VADODARA,077968872129,300.05,,625348.14
14-01-2025,UPI/DR/328242029907/Ramesh/BARB/ramesh.sen@aubank/UPI,373039236236,"15,600.98",,609747.16
14-01-2025,UPI/DR/675771068776/Swati/PUNB/swati450@ptaxis/UPI,735439062174,"5,300.23",,604446.93
16-01-2025,UPI/DR/598109498739/Jio/ICICI/jio@paytm/UPI,966236604300,"1,110.62",,603336.31
17-01-2025,UPI/DR/809199308871/Nykaa/ICICI/nykaa@razorpay/UPI,359051667263,149.00,,603187.31
17-01-2025,POS V MART VADODARA,471678978773,"4,350.94",,598836.37
20-01-2025,UPI/DR/543819206514/Uber/PAYTM/uber@paytm/UPI,975181684168,770.47,,598065.90
20-01-2025,UPI/DR/814352414125/Flipkart/ICICI/flipkart@ybl/UPI,324965884228,"1,670.65",,596395.25
21-01-2025,UPI/DR/472109736638/Amazon/ICICI/amazon@apl/UPI,185734617546,"1,140.35",,595254.90
21-01-2025,UPI/DR/825747053739/Amazon/ICICI/amazon@apl/UPI,402944470056,920.61,,594334.29
21-01-2025,UPI/DR/290183624687/Zomato/ICICI/zomato@axisbank/UPI,872951281191,"1,920.33",,592413.96
22-01-2025,UPI/DR/700336317201/Rapido/PAYTM/rapido@icici/UPI,904931211866,300.59,,592113.37
22-01-2025,UPI/DR/074586188134/Sushma/FDRL/sushmaghos76@ptsbi/UPI,164658682657,"9,150.27",,582963.10
22-01-2025,UPI/DR/514543839660/Jio/PAYTM/vi@airtelaxis/UPI,565850765495,989.00,,581974.10
23-01-2025,UPI/CR/063404264039/Meena/FDRL/8191925471@pthdfc/UPI,848568016367,,"14,350.60",596324.70
23-01-2025,UPI/DR/642291704003/BSNL/ICICI/bsnlbroadband@upi/UPI,965005691000,"1,560.68",,594764.02
24-01-2025,ATM CASH WITHDRAWAL/50319/VADODARA,925792904737,"8,500.00",,586264.02
24-01-2025,UPI/DR/532061353436/Jio/PAYTM/vi@airtelaxis/UPI,823589610425,519.00,,585745.02
25-01-2025,POS SHOPPERS STOP VADODARA,610384379649,"7,200.81",,578544.21
26-01-2025,UPI/DR/302545602589/Indane/ICICI/indanegas@upi/UPI,446318080365,"1,400.88",,577143.33
27-01-2025,UPI/DR/485204581929/Practo/ICICI/practo@paytm/UPI,207131453802,299.00,,576844.33
28-01-2025,UPI/DR/337131460799/Saurabh/HDFC/8432854395@ptaxis/UPI,839502743701,"3,200.43",,573643.90
28-01-2025,POS SHELL FUEL STATION VADODARA,092330883860,"1,600.15",,572043.75
29-01-2025,UPI/DR/226418280737/Rapido/PAYTM/rapido@icici/UPI,466568993159,190.06,,571853.69
30-01-2025,GST ON CHARGES,221240410905,79.20,,571774.49
30-01-2025,SERVICE CHARGES,889439133804,440.00,,571334.49
31-01-2025,UPI/CR/462625621414/Pooja/PUNB/pooja.roy@okaxis/UPI,772841250247,,"12,950.85",584285.34
31-01-2025,UPI/DR/922702560118/Amazon/ICICI/amazon@apl/UPI,770507463934,690.73,,583594.61
01-02-2025,UPI/CR/495496255055/Seema/UTIB/seema.patel@pthdfc/UPI,836125509831,,"10,250.08",593844.69
01-02-2025,POS MAX FASHION VADODARA,664058752721,"5,750.11",,588094.58
01-02-2025,ATM CASH WITHDRAWAL/08904/VADODARA,973280009259,"6,500.00",,581594.58
01-02-2025,UPI/DR/471916370054/Uber/PAYTM/uber@paytm/UPI,367300933362,480.50,,581114.08
01-02-2025,POS BRAND FACTORY VADODARA,895162973164,"4,600.26",,576513.82
02-02-2025,SALARY CREDIT/S1497316690824/Bajaj Finserv Ltd,394321122772,,"121,885.42",698399.24
02-02-2025,POS SHOPPERS STOP VADODARA,394839038242,"6,750.41",,691648.83
02-02-2025,UPI/CR/914001616576/Archana/KKBK/archana.rao@kotak/UPI,123147515449,,"13,250.59",704899.42
02-02-2025,UPI/DR/574138391832/Flipkart/ICICI/flipkart@ybl/UPI,562116445883,"2,130.44",,702768.98
02-02-2025,UPI/CR/732176429634/Sangita/UTIB/sangita.shah@kotak/UPI,220600789887,,"11,150.26",713919.24
02-02-2025,POS HP PETROL PUMP VADODARA,117811673657,"2,550.69",,711368.55
03-02-2025,POS SHELL FUEL STATION VADODARA,045583540870,"2,650.40",,708718.15
03-02-2025,UPI/DR/812191361784/Flipkart/PAYTM/flipkart@ybl/UPI,402339244064,"1,250.29",,707467.86
04-02-2025,UPI/CR/719664675256/Pankaj/FDRL/pankaj212@ptaxis/UPI,128430491226,,"21,150.40",728618.26
04-02-2025,UPI/DR/993933841451/Swiggy/ICICI/swiggy@icici/UPI,772582224532,"1,970.29",,726647.97
05-02-2025,IMPS-439447592808-Usha Kulkarni,268699128314,"32,800.98",,693846.99
06-02-2025,POS METRO CASH CARRY VADODARA,778092879510,"5,650.95",,688196.04
06-02-2025,NACH/MANDATE/RNT9829627/RENT MANDATE,406035928651,"11,500.00",,676696.04
06-02-2025,UPI/DR/419370830861/Meesho/PAYTM/meesho@ybl/UPI,457307867089,"5,950.93",,670745.11
07-02-2025,ATM CASH WITHDRAWAL/59099/VADODARA,926564195393,"3,500.00",,667245.11
07-02-2025,UPI/DR/994507410854/Brijesh/BDBL/7333532942@ibl/UPI,411890903796,"6,300.61",,660944.50
07-02-2025,UPI/DR/840522854049/Uber/PAYTM/uber@paytm/UPI,476588069036,840.01,,660104.49
07-02-2025,UPI/DR/729285767427/Swiggy/ICICI/swiggy@icici/UPI,586507919047,"2,380.80",,657723.69
08-02-2025,UPI/CR/459286728852/Girish/PUNB/girishdas26@paytm/UPI,925222873973,,"3,050.71",660774.40
08-02-2025,UPI/DR/943091340853/Amazon/ICICI/amazon@apl/UPI,006991384835,310.48,,660463.92
09-02-2025,UPI/DR/589814780623/PhonePe/ICICI/phonepe@ybl/UPI,778031352816,920.99,,659542.93
09-02-2025,UPI/DR/457504032225/BESCOM/UPIN/bescompayment@upi/UPI,377029599541,"3,400.02",,656142.91
09-02-2025,UPI/DR/619053827955/Zomato/ICICI/zomato@axisbank/UPI,182305026498,720.91,,655422.00
10-02-2025,POS METRO CASH CARRY VADODARA,555248017233,"2,050.40",,653371.60
10-02-2025,UPI/DR/230247039290/BSNL/RAZORPAY/broadband@paytm/UPI,078248216834,999.00,,652372.60
10-02-2025,UPI/DR/543302585029/HDFC/LICI/licindia@licindia/UPI,873682289448,"5,300.00",,647072.60
11-02-2025,UPI/DR/278135663178/BSNL/ICICI/bsnlbroadband@upi/UPI,694503736615,680.21,,646392.39
11-02-2025,UPI/DR/436972552771/Uber/PAYTM/uber@paytm/UPI,371142704516,810.75,,645581.64
13-02-2025,UPI/DR/349432807081/Mina/BARB/mina561@apl/UPI,969579876384,"1,700.26",,643881.38
14-02-2025,UPI/DR/367244590106/Indane/ICICI/indanegas@upi/UPI,228212033884,"1,450.57",,642430.81
14-02-2025,UPI/DR/560391689144/Ola/PAYTM/olamoney@ola/UPI,575249302727,380.45,,642050.36
15-02-2025,ATM CASH WITHDRAWAL/81452/VADODARA,125036080349,"8,000.00",,634050.36
15-02-2025,UPI/DR/004899151918/Jio/PAYTM/vi@airtelaxis/UPI,839038694363,799.00,,633251.36
15-02-2025,ATM CASH WITHDRAWAL/90119/VADODARA,049326711373,"7,500.00",,625751.36
15-02-2025,NACH/MANDATE/SIP4227981/Axis Mutual Fund,720479922510,"9,500.00",,616251.36
16-02-2025,ATM CASH WITHDRAWAL/21645/VADODARA,465079608597,"7,000.00",,609251.36
16-02-2025,UPI/CR/387891445636/Nikhil/BKID/nikhil172@ptsbi/UPI,721616436607,,"2,000.76",611252.12
16-02-2025,POS HP PETROL PUMP VADODARA,065427054988,"2,250.94",,609001.18
17-02-2025,UPI/DR/382402750971/Dunzo/ICICI/dunzo@razorpay/UPI,636096083583,510.09,,608491.09
18-02-2025,UPI/DR/750248344076/Zomato/ICICI/zomato@axisbank/UPI,462411702153,"1,550.54",,606940.55
18-02-2025,UPI/DR/431090809203/Nykaa/PAYTM/nykaa@razorpay/UPI,590646615082,550.39,,606390.16
18-02-2025,UPI/CR/876444408447/Saurabh/SBIN/1117972643@apl/UPI,098812731501,,"20,000.90",626391.06
19-02-2025,UPI/DR/157016055643/Jio/PAYTM/vi@airtelaxis/UPI,355864285873,729.00,,625662.06
20-02-2025,POS METRO CASH CARRY VADODARA,622561532916,"2,800.68",,622861.38
20-02-2025,UPI/DR/718458957176/Blinkit/ICICI/blinkit@kotak/UPI,926328356673,"1,950.52",,620910.86
20-02-2025,UPI/DR/084703241174/BigBasket/ICICI/bigbasket@ybl/UPI,569337434222,"1,960.72",,618950.14
21-02-2025,UPI/DR/745046355192/Vishal/HDFC/1718107167@ptyes/UPI,698796265588,900.78,,618049.36
21-02-2025,UPI/DR/904679779752/Jio/PAYTM/vi@airtelaxis/UPI,364671220127,989.00,,617060.36
21-02-2025,POS STAR BAZAAR VADODARA,603940284517,450.91,,616609.45
21-02-2025,UPI/DR/974624794871/PhonePe/ICICI/phonepe@ybl/UPI,396359602458,"2,080.04",,614529.41
22-02-2025,UPI/DR/424895264318/BSNL/ICICI/bsnlbroadband@upi/UPI,425594736254,460.93,,614068.48
22-02-2025,UPI/CR/139830784471/Kapil/BDBL/3071153682@kotak/UPI,713874352741,,"2,750.76",616819.24
23-02-2025,UPI/DR/656270362880/Ola/PAYTM/olamoney@ola/UPI,961514598297,280.52,,616538.72
24-02-2025,UPI/DR/909694294977/Flipkart/ICICI/flipkart@ybl/UPI,196395160112,720.88,,615817.84
24-02-2025,UPI/DR/721926055049/BigBasket/ICICI/bigbasket@ybl/UPI,601908259372,"1,070.12",,614747.72
25-02-2025,UPI/DR/157227834558/Babita/BARB/babitaiyer34@ybl/UPI,848307381118,"19,900.14",,594847.58
25-02-2025,UPI/CR/211458832271/Pooja/UTIB/pooja308@ptsbi/UPI,252514021206,,"7,550.61",602398.19
26-02-2025,UPI/DR/045285935407/Zomato/ICICI/zomato@axisbank/UPI,247563608305,"1,960.00",,600438.19
27-02-2025,ATM CASH WITHDRAWAL/24418/VADODARA,161728079763,"2,500.00",,597938.19
28-02-2025,UPI/DR/841919612009/Jio/PAYTM/vi@airtelaxis/UPI,412460775890,869.00,,597069.19
28-02-2025,UPI/DR/587114756334/Paytm/ICICI/paytm@paytm/UPI,034579801962,"1,310.96",,595758.23
01-03-2025,UPI/DR/699669742469/Dunzo/ICICI/dunzo@razorpay/UPI,601289051934,"1,240.84",,594517.39
01-03-2025,UPI/DR/463803080332/Rapido/PAYTM/rapido@icici/UPI,500489843342,850.16,,593667.23
01-03-2025,SALARY CREDIT/S9680592942772/Bajaj Finserv Ltd,855590079980,,"123,201.42",716868.65
01-03-2025,UPI/DR/348736612952/Uber/ICICI/uber@paytm/UPI,530103537332,"1,120.28",,715748.37
02-03-2025,NACH/MANDATE/RNT6846019/RENT MANDATE,246057981398,"11,500.00",,704248.37
02-03-2025,SERVICE CHARGES,642981454971,380.00,,703868.37
02-03-2025,GST ON CHARGES,473180711166,68.40,,703799.97
03-03-2025,UPI/DR/874474684767/Blinkit/ICICI/blinkit@kotak/UPI,103514143276,490.03,,703309.94
03-03-2025,UPI/DR/919715547954/Sapna/BKID/sapnakuma40@oksbi/UPI,788842105867,"17,300.04",,686009.90
03-03-2025,UPI/DR/602503090459/Ola/ICICI/olamoney@ola/UPI,373596266655,"2,010.20",,683999.70
03-03-2025,POS D MART VADODARA,176112493182,"6,100.38",,677899.32
03-03-2025,UPI/DR/333271710710/Kiran/BKID/4964319943@ptsbi/UPI,057995551307,"7,850.34",,670048.98
04-03-2025,UPI/DR/683467024538/Jio/PAYTM/vi@airtelaxis/UPI,602397573129,329.00,,669719.98
04-03-2025,POS SHOPPERS STOP VADODARA,177954365771,"2,150.82",,667569.16
05-03-2025,UPI/CR/735888303343/Ritu/BARB/ritu.chatterjee@ptsbi/UPI,747005169395,,"8,600.36",676169.52
05-03-2025,UPI/DR/737466252814/Flipkart/ICICI/flipkart@ybl/UPI,562789149114,"2,410.69",,673758.83
05-03-2025,UPI/DR/590981318214/Flipkart/PAYTM/flipkart@ybl/UPI,049873789983,"3,650.03",,670108.80
05-03-2025,POS HP PETROL PUMP VADODARA,204083614870,"3,050.29",,667058.51
06-03-2025,ATM CASH WITHDRAWAL/39855/VADODARA,368342400235,"3,000.00",,664058.51
06-03-2025,UPI/DR/658795679852/BigBasket/ICICI/bigbasket@ybl/UPI,078997710103,"2,100.55",,661957.96
06-03-2025,UPI/DR/684763464845/Amazon/ICICI/amazon@apl/UPI,152226965415,"2,750.84",,659207.12
07-03-2025,UPI/DR/316970525410/Flipkart/ICICI/flipkart@ybl/UPI,878774219894,"2,690.13",,656516.99
07-03-2025,UPI/DR/267793409575/Dunzo/ICICI/dunzo@razorpay/UPI,130617139918,"1,420.04",,655096.95
07-03-2025,POS SHOPPERS STOP VADODARA,711901876005,"6,950.69",,648146.26
10-03-2025,POS SHOPPERS STOP VADODARA,611579933219,"6,400.49",,641745.77
10-03-2025,UPI/DR/425348291577/Rajan/BKID/1983489685@aubank/UPI,356326074548,"5,050.39",,636695.38
10-03-2025,UPI/DR/928983343590/IRCTC/ICICI/irctc@upi/UPI,094402785709,499.00,,636196.38
10-03-2025,UPI/DR/277097176417/Meena/HDFC/meena.chaudhary@kotak/UPI,590132342558,"11,600.00",,624596.38
10-03-2025,UPI/DR/219780644860/Paytm/ICICI/paytm@paytm/UPI,345023996249,"2,650.20",,621946.18
11-03-2025,UPI/DR/910537014520/Asha/UTIB/ashakuma35@kotak/UPI,763224718433,"7,550.31",,614395.87
11-03-2025,UPI/DR/313213711985/Jio/PAYTM/vi@airtelaxis/UPI,794308752005,989.00,,613406.87
11-03-2025,UPI/DR/398937358906/Jio/ICICI/jio@paytm/UPI,573370336512,560.75,,612846.12
11-03-2025,POS RELIANCE MART VADODARA,142845798306,"6,200.48",,606645.64
12-03-2025,UPI/DR/965151445205/HDFC/LICI/licindia@licindia/UPI,672050456103,"5,300.00",,601345.64
12-03-2025,UPI/CR/423257792112/Shreya/KKBK/8220425528@okaxis/UPI,435429734167,,"16,750.59",618096.23
12-03-2025,NACH/MANDATE/SIP8005471/Axis Mutual Fund,204800522315,"9,500.00",,608596.23
13-03-2025,UPI/DR/919424429782/Ola/ICICI/olamoney@ola/UPI,918350445438,"1,960.79",,606635.44
13-03-2025,UPI/DR/364649938176/Zomato/ICICI/zomato@axisbank/UPI,088692202078,"1,810.84",,604824.60
13-03-2025,UPI/DR/141184018890/BESCOM/UPIN/bescompayment@upi/UPI,946428024954,"2,400.45",,602424.15
13-03-2025,POS HP PETROL PUMP VADODARA,545719403602,"3,200.01",,599224.14
13-03-2025,UPI/DR/949759796664/Jio/ICICI/jio@paytm/UPI,193733981292,330.01,,598894.13
13-03-2025,UPI/CR/136632617651/Himanshu/FDRL/himanshukhan14@ibl/UPI,606325095178,,"7,050.75",605944.88
14-03-2025,UPI/DR/248513342380/Rapido/PAYTM/rapido@icici/UPI,690554726345,80.28,,605864.60
14-03-2025,UPI/DR/493128305833/Blinkit/ICICI/blinkit@kotak/UPI,335460537085,310.63,,605553.97
14-03-2025,ATM CASH WITHDRAWAL/94496/VADODARA,334006324315,"4,000.00",,601553.97
14-03-2025,UPI/DR/582736758348/Jio/PAYTM/vi@airtelaxis/UPI,521318475116,549.00,,601004.97
15-03-2025,UPI/DR/114466151570/Nykaa/PAYTM/nykaa@razorpay/UPI,092610970016,"4,950.45",,596054.52
17-03-2025,UPI/DR/288136396906/Ola/ICICI/olamoney@ola/UPI,268531644883,860.95,,595193.57
17-03-2025,UPI/DR/446077017482/Nykaa/PAYTM/nykaa@razorpay/UPI,725358658041,"2,700.47",,592493.10
18-03-2025,UPI/CR/267808931368/Varsha/HDFC/varshaverm43@pthdfc/UPI,718435336805,,"20,450.70",612943.80
19-03-2025,UPI/DR/203257258328/Uber/PAYTM/uber@paytm/UPI,115867145350,160.84,,612782.96
19-03-2025,UPI/DR/793793568229/Swiggy/ICICI/swiggy@icici/UPI,035614525608,"2,720.72",,610062.24
20-03-2025,POS LIFESTYLE STORES VADODARA,771576274088,"4,750.12",,605312.12
21-03-2025,UPI/DR/902094114645/Indane/ICICI/indanegas@upi/UPI,192694808635,"1,900.46",,603411.66
22-03-2025,ATM CASH WITHDRAWAL/40520/VADODARA,008292958492,"6,500.00",,596911.66
23-03-2025,UPI/CR/117862894785/Mamta/KKBK/mamtapand49@okicici/UPI,398661544944,,"13,900.20",610811.86
23-03-2025,UPI/DR/951365857818/BSNL/RAZORPAY/broadband@paytm/UPI,545501836838,849.00,,609962.86
23-03-2025,UPI/DR/045579531349/BigBasket/ICICI/bigbasket@ybl/UPI,473322839416,350.69,,609612.17
24-03-2025,POS MORE SUPER MARKET VADODARA,314023421622,850.24,,608761.93
25-03-2025,IMPS-421856479384-Abhishek Kumar,710089428757,"20,200.92",,588561.01
25-03-2025,UPI/DR/296134802607/Ashish/FDRL/ashishdube81@ptsbi/UPI,404073258484,"10,250.74",,578310.27
25-03-2025,UPI/CR/292724895754/Sunil/HDFC/5166519401@pthdfc/UPI,301006596096,,"8,000.94",586311.21
26-03-2025,POS D MART VADODARA,976000662320,"4,850.87",,581460.34
26-03-2025,UPI/DR/525908564380/Jio/PAYTM/vi@airtelaxis/UPI,516843975572,759.00,,580701.34
28-03-2025,INTEREST CREDIT,822843810950,,720.76,581422.10
28-03-2025,UPI/DR/740347694866/Uber/PAYTM/uber@paytm/UPI,811673161942,340.23,,581081.87
28-03-2025,UPI/DR/367771879494/Ola/PAYTM/olamoney@ola/UPI,245212722488,90.40,,580991.47
29-03-2025,UPI/CR/649383493055/Tarun/BDBL/tarun.pillai@ptaxis/UPI,015836973241,,"13,550.35",594541.82
29-03-2025,UPI/DR/660957558724/Zepto/ICICI/zepto@apl/UPI,028994807680,740.54,,593801.28
29-03-2025,UPI/DR/450939985641/Santosh/BARB/santoshdesa84@ptsbi/UPI,007670675669,"20,300.05",,573501.23
29-03-2025,UPI/DR/446819109890/Ajay/HDFC/ajaychau41@ibl/UPI,413595629898,"11,050.00",,562451.23
31-03-2025,UPI/DR/759142048016/Rohit/SBIN/rohitmukh17@oksbi/UPI,891868147618,"1,950.88",,560500.35
31-03-2025,POS VISHAL MEGA MART VADODARA,878399539012,"6,200.01",,554300.34
01-04-2025,UPI/DR/823283480932/Isha/KKBK/2569077845@aubank/UPI,708492188638,"21,100.08",,533200.26
01-04-2025,UPI/DR/952353902615/PhonePe/ICICI/phonepe@ybl/UPI,249747265463,280.36,,532919.90
02-04-2025,UPI/DR/265705314407/Rapido/PAYTM/rapido@icici/UPI,051334033469,590.36,,532329.54
02-04-2025,UPI/DR/441883243862/Paytm/ICICI/paytm@paytm/UPI,957544968260,200.46,,532129.08
03-04-2025,UPI/DR/167052534381/Jio/PAYTM/vi@airtelaxis/UPI,650799150609,319.00,,531810.08
03-04-2025,UPI/DR/730943109143/BSNL/RAZORPAY/broadband@paytm/UPI,483434321467,"1,049.00",,530761.08
03-04-2025,SALARY CREDIT/S8699131178380/Bajaj Finserv Ltd,055873161922,,"124,888.42",655649.50
04-04-2025,UPI/DR/343251666835/HDFC/LICI/licindia@licindia/UPI,516563060659,"5,300.00",,650349.50
04-04-2025,UPI/DR/284972943749/Myntra/PAYTM/myntra@ybl/UPI,800911204331,"3,650.83",,646698.67
04-04-2025,UPI/DR/242266763533/BigBasket/ICICI/bigbasket@ybl/UPI,758717544253,410.89,,646287.78
04-04-2025,UPI/DR/700784629371/PhonePe/ICICI/phonepe@ybl/UPI,605341650105,970.75,,645317.03
05-04-2025,UPI/DR/797414919591/Kavita/SBIN/kavitanair43@ptyes/UPI,922191959694,"11,700.00",,633617.03
05-04-2025,UPI/DR/199724225779/Anita/BARB/anita.dubey@upi/UPI,299113429764,"5,750.27",,627866.76
05-04-2025,UPI/DR/448275849324/Swiggy/ICICI/swiggy@icici/UPI,798900048932,"1,900.07",,625966.69
06-04-2025,UPI/CR/614810117241/Sanjay/SBIN/sanjay327@oksbi/UPI,695267660473,,"9,200.74",635167.43
06-04-2025,NACH/MANDATE/RNT3285966/RENT MANDATE,088972173245,"11,500.00",,623667.43
06-04-2025,ATM CASH WITHDRAWAL/25258/VADODARA,268732363258,"9,500.00",,614167.43
06-04-2025,UPI/DR/592329577492/Sangita/BDBL/sangitaghos81@apl/UPI,525578935183,"17,500.61",,596666.82
06-04-2025,UPI/DR/343419247292/Rapido/PAYTM/rapido@icici/UPI,081502680408,100.05,,596566.77
07-04-2025,UPI/DR/087977368315/Myntra/PAYTM/myntra@ybl/UPI,179272217865,400.20,,596166.57
08-04-2025,NEFT/N3607231934107/Raymond Ltd,067099900776,,"36,500.90",632667.47
08-04-2025,UPI/DR/986249446320/Blinkit/ICICI/blinkit@kotak/UPI,313570141753,120.69,,632546.78
09-04-2025,ATM CASH WITHDRAWAL/94171/VADODARA,912710308360,"1,500.00",,631046.78
11-04-2025,UPI/DR/242374487872/Himanshu/UCBA/himanshu793@ybl/UPI,656602287697,"8,350.24",,622696.54
12-04-2025,UPI/DR/243211787967/Zepto/ICICI/zepto@apl/UPI,691801534739,900.71,,621795.83
13-04-2025,NACH/MANDATE/SIP3398741/Axis Mutual Fund,384931299415,"9,500.00",,612295.83
14-04-2025,UPI/DR/366986682685/BSNL/ICICI/bsnlbroadband@upi/UPI,231698671033,120.71,,612175.12
14-04-2025,POS SHOPPERS STOP VADODARA,891299304474,"4,150.60",,608024.52
15-04-2025,IMPS-584665985188-Yogesh Sen,127296794355,"33,400.67",,574623.85
15-04-2025,UPI/DR/231192076022/Jio/PAYTM/vi@airtelaxis/UPI,983715785538,289.00,,574334.85
16-04-2025,UPI/DR/459840173537/MakeMyTrip/ICICI/makemytrip@axisbank/UPI,352554447065,849.00,,573485.85
16-04-2025,UPI/DR/539540837103/Jio/PAYTM/vi@airtelaxis/UPI,807027687758,299.00,,573186.85
17-04-2025,UPI/DR/591500813326/Kavya/BDBL/kavyamalh76@ptaxis/UPI,463989180941,950.82,,572236.03
17-04-2025,UPI/DR/588126391401/Geeta/FDRL/geetashuk26@okhdfcbank/UPI,964566621706,"15,550.00",,556686.03
18-04-2025,UPI/DR/166479008237/Indane/ICICI/indanegas@upi/UPI,997941262410,"1,650.74",,555035.29
19-04-2025,UPI/DR/807547625930/Ola/PAYTM/olamoney@ola/UPI,218221391442,100.94,,554934.35
19-04-2025,POS LIFESTYLE STORES VADODARA,097396347533,"6,450.01",,548484.34
19-04-2025,POS RELIANCE MART VADODARA,588691494559,"4,450.16",,544034.18
20-04-2025,ATM CASH WITHDRAWAL/38076/VADODARA,099268886172,"6,500.00",,537534.18
21-04-2025,UPI/DR/166828540291/Jio/ICICI/jio@paytm/UPI,479198888905,"2,480.44",,535053.74
21-04-2025,UPI/DR/022204887778/BESCOM/UPIN/bescompayment@upi/UPI,331782968244,"3,900.19",,531153.55
22-04-2025,UPI/DR/127249829222/Jio/PAYTM/vi@airtelaxis/UPI,196233179422,199.00,,530954.55
22-04-2025,UPI/DR/787823908067/Amazon/PAYTM/amazon@apl/UPI,777351056263,"2,300.61",,528653.94
22-04-2025,UPI/DR/531606637643/1mg/ICICI/tatahealth@icici/UPI,560070377712,550.59,,528103.35
23-04-2025,UPI/DR/126969941655/Rapido/PAYTM/rapido@icici/UPI,841719969364,130.39,,527972.96
23-04-2025,UPI/DR/305482325227/Naveen/FDRL/naveensing95@ptyes/UPI,150578456367,"8,200.55",,519772.41
23-04-2025,UPI/CR/095169028641/Sushma/SBIN/4381336500@pthdfc/UPI,586856028197,,"17,550.80",537323.21
24-04-2025,POS D MART VADODARA,159481577774,"6,750.66",,530572.55
24-04-2025,POS INDIAN OIL VADODARA,371350441086,"1,600.94",,528971.61
24-04-2025,UPI/DR/669957182051/PhonePe/ICICI/phonepe@ybl/UPI,634184041487,950.11,,528021.50
25-04-2025,UPI/DR/154180639713/Sushma/HDFC/sushmaahuj22@ptsbi/UPI,833971460468,"12,250.97",,515770.53
26-04-2025,POS HP PETROL PUMP VADODARA,361276672700,"4,100.04",,511670.49
26-04-2025,UPI/DR/751976675610/Uber/PAYTM/uber@paytm/UPI,985155348792,320.02,,511350.47
27-04-2025,UPI/DR/312504856786/Sapna/BKID/5956553918@ptaxis/UPI,069342624518,"19,050.53",,492299.94
28-04-2025,SERVICE CHARGES,151093159159,250.00,,492049.94
28-04-2025,GST ON CHARGES,518936071346,45.00,,492004.94
28-04-2025,UPI/DR/689612203777/Practo/ICICI/practo@paytm/UPI,022800290154,749.00,,491255.94
28-04-2025,UPI/DR/692538525351/Prashant/UCBA/prashantpill89@ibl/UPI,820210713968,"4,450.16",,486805.78
29-04-2025,UPI/DR/869310726940/Blinkit/ICICI/blinkit@kotak/UPI,265051768724,"1,680.12",,485125.66
30-04-2025,UPI/DR/588585030289/Preeti/SBIN/preeti573@paytm/UPI,506340039661,"4,100.89",,481024.77
01-05-2025,UPI/DR/751081072229/Zomato/ICICI/zomato@axisbank/UPI,956622949113,870.06,,480154.71
01-05-2025,UPI/DR/453169143770/Vivek/BDBL/3144153059@ptyes/UPI,041576642924,"4,800.86",,475353.85
01-05-2025,POS BRAND FACTORY VADODARA,382504904833,"6,850.39",,468503.46
01-05-2025,SALARY CREDIT/S3243145183253/Bajaj Finserv Ltd,854936013347,,"121,394.42",589897.88
03-05-2025,UPI/DR/204854010901/Uber/ICICI/uber@paytm/UPI,074432593730,"1,140.49",,588757.39
03-05-2025,UPI/CR/523954197889/Priya/FDRL/priya.thapar@ptyes/UPI,810055362902,,"9,900.48",598657.87
04-05-2025,UPI/DR/073146963698/Flipkart/ICICI/flipkart@ybl/UPI,176435121215,730.51,,597927.36
05-05-2025,POS SHOPPERS STOP VADODARA,549187734858,"5,800.13",,592127.23
05-05-2025,NACH/MANDATE/RNT3116678/RENT MANDATE,609260934395,"11,500.00",,580627.23
06-05-2025,UPI/CR/471625758565/Jyoti/PUNB/jyoti.yadav@okhdfcbank/UPI,467934588765,,"12,950.35",593577.58
07-05-2025,ATM CASH WITHDRAWAL/44973/VADODARA,054991597469,"8,000.00",,585577.58
07-05-2025,UPI/CR/177802334071/Vandana/BDBL/vandana.shah@okicici/UPI,863719908249,,"19,100.25",604677.83
08-05-2025,UPI/DR/355983833562/Kavita/PUNB/kavita.desai@okaxis/UPI,043825587353,"8,300.17",,596377.66
09-05-2025,UPI/DR/397491071351/HDFC/LICI/licindia@licindia/UPI,920860453509,"5,300.00",,591077.66
09-05-2025,IMPS-505473931558-Usha Tiwari,360720071775,"32,000.55",,559077.11
09-05-2025,UPI/DR/783465399788/Jio/PAYTM/vi@airtelaxis/UPI,036543929914,439.00,,558638.11
11-05-2025,UPI/DR/878975345497/Swiggy/ICICI/swiggy@icici/UPI,141173451809,"1,000.85",,557637.26
11-05-2025,UPI/DR/326164812132/Jio/PAYTM/vi@airtelaxis/UPI,129586094598,449.00,,557188.26
11-05-2025,UPI/DR/951297169913/Jio/PAYTM/vi@airtelaxis/UPI,233637604153,789.00,,556399.26
13-05-2025,UPI/CR/241014345710/Kamal/HDFC/8307321683@axl/UPI,127633015345,,"10,650.17",567049.43
14-05-2025,UPI/DR/623827162797/Rapido/PAYTM/rapido@icici/UPI,090895088504,120.91,,566928.52
14-05-2025,ATM CASH WITHDRAWAL/33654/VADODARA,666278358525,"2,500.00",,564428.52
14-05-2025,ATM CASH WITHDRAWAL/13374/VADODARA,811150937018,"1,500.00",,562928.52
14-05-2025,UPI/DR/692066276731/Amazon/ICICI/amazon@apl/UPI,021153943579,"2,400.28",,560528.24
14-05-2025,UPI/CR/826758446124/Renu/KKBK/renu.jain@paytm/UPI,054428906935,,"13,300.10",573828.34
15-05-2025,UPI/DR/594987641645/Sarita/KKBK/sarita.shukla@okhdfcbank/UPI,221758533190,"10,700.24",,563128.10
15-05-2025,UPI/DR/641508075856/Ola/PAYTM/olamoney@ola/UPI,416980233859,810.86,,562317.24
16-05-2025,UPI/DR/644835582745/MedPlus/ICICI/medplus@icici/UPI,347206634621,"2,970.85",,559346.39
16-05-2025,UPI/DR/767618304742/Flipkart/ICICI/flipkart@ybl/UPI,565076189261,"2,340.08",,557006.31
16-05-2025,UPI/CR/909880175929/Priya/KKBK/6563735948@okaxis/UPI,041268214000,,"15,750.89",572757.20
16-05-2025,UPI/DR/049864235254/BESCOM/UPIN/bescompayment@upi/UPI,761758020706,"2,900.38",,569856.82
16-05-2025,NEFT/N6775183286424/Hexaware Technologie,632934307284,,"23,000.46",592857.28
17-05-2025,NACH/MANDATE/SIP8055892/Axis Mutual Fund,101472518125,"9,500.00",,583357.28
17-05-2025,ATM CASH WITHDRAWAL/05621/VADODARA,603224352578,"4,000.00",,579357.28
17-05-2025,UPI/DR/827280863428/Paytm/ICICI/paytm@paytm/UPI,467275320297,"2,630.05",,576727.23
18-05-2025,UPI/DR/564607922367/Lata/UCBA/latameht23@ptyes/UPI,992526550362,"7,450.35",,569276.88
18-05-2025,UPI/DR/146039183908/Amazon/PAYTM/amazon@apl/UPI,105054225130,"4,200.04",,565076.84
18-05-2025,UPI/DR/951734013572/Kavya/UTIB/4766602775@ibl/UPI,154280538090,"4,800.67",,560276.17
18-05-2025,POS RELIANCE PETROLEUM VADODARA,988736321511,"2,450.37",,557825.80
20-05-2025,UPI/DR/851986685731/Arun/BKID/arunpate30@ptaxis/UPI,496088586488,150.68,,557675.12
20-05-2025,POS LIFESTYLE STORES VADODARA,515705345474,"6,000.61",,551674.51
20-05-2025,POS INDIAN OIL VADODARA,055463104308,"3,100.78",,548573.73
21-05-2025,UPI/DR/385392122496/Nykaa/PAYTM/nykaa@razorpay/UPI,247553574276,"5,300.68",,543273.05
22-05-2025,UPI/DR/104134404021/Maya/HDFC/maya.agarwal@aubank/UPI,984952675840,"20,200.47",,523072.58
22-05-2025,UPI/DR/546264735477/Rapido/PAYTM/rapido@icici/UPI,890825905091,580.83,,522491.75
24-05-2025,UPI/DR/142342893335/Zomato/ICICI/zomato@axisbank/UPI,030889410694,770.44,,521721.31
24-05-2025,UPI/DR/649035430110/Paytm/ICICI/paytm@paytm/UPI,076445737581,780.37,,520940.94
24-05-2025,UPI/DR/112294793164/Girish/SBIN/1346497773@ibl/UPI,918418668919,"6,700.43",,514240.51
25-05-2025,UPI/DR/734966280139/Indane/ICICI/indanegas@upi/UPI,012954056894,"2,400.12",,511840.39
25-05-2025,ATM CASH WITHDRAWAL/34025/VADODARA,338227093075,"7,500.00",,504340.39
26-05-2025,UPI/DR/141344521305/Paytm/ICICI/paytm@paytm/UPI,946080136888,"1,760.31",,502580.08
27-05-2025,POS INDIAN OIL VADODARA,469929350574,"3,700.16",,498879.92
27-05-2025,UPI/DR/930094090211/BSNL/RAZORPAY/broadband@paytm/UPI,776608548218,699.00,,498180.92
28-05-2025,UPI/DR/312294629072/Amazon/PAYTM/amazon@apl/UPI,018124069775,"3,600.56",,494580.36
28-05-2025,POS BRAND FACTORY VADODARA,922535485484,"5,150.64",,489429.72
29-05-2025,UPI/CR/379457759627/Ritu/BKID/7731760514@upi/UPI,538661081865,,"11,100.16",500529.88
30-05-2025,GST ON CHARGES,593451766707,55.80,,500474.08
30-05-2025,SERVICE CHARGES,786075790586,310.00,,500164.08
01-06-2025,UPI/DR/718608289057/Dunzo/ICICI/dunzo@razorpay/UPI,672169950116,"1,120.99",,499043.09
01-06-2025,ATM CASH WITHDRAWAL/71383/VADODARA,009134108350,"3,500.00",,495543.09
02-06-2025,SALARY CREDIT/S6594529278409/Bajaj Finserv Ltd,303553396854,,"124,274.42",619817.51
02-06-2025,POS RELIANCE PETROLEUM VADODARA,436241531703,"1,000.75",,618816.76
02-06-2025,POS HP PETROL PUMP VADODARA,574299780405,"1,050.66",,617766.10
02-06-2025,UPI/DR/392594759230/Dunzo/ICICI/dunzo@razorpay/UPI,216612235363,310.75,,617455.35
02-06-2025,POS CENTRAL MALL VADODARA,463058668906,"4,750.03",,612705.32
02-06-2025,UPI/DR/779740163395/Zepto/ICICI/zepto@apl/UPI,958807378756,"2,060.13",,610645.19
03-06-2025,UPI/CR/263413983022/Manish/HDFC/manishjain11@ptyes/UPI,732437082149,,"18,950.62",629595.81
04-06-2025,UPI/CR/579142254936/Babita/BKID/babita425@oksbi/UPI,854092058056,,"8,700.20",638296.01
04-06-2025,POS V MART VADODARA,911763164024,"5,450.13",,632845.88
05-06-2025,UPI/DR/470175534005/HDFC/LICI/licindia@licindia/UPI,977529167457,"5,300.00",,627545.88
06-06-2025,NACH/MANDATE/RNT8721014/RENT MANDATE,315019979352,"11,500.00",,616045.88
06-06-2025,UPI/DR/334571608451/Naresh/HDFC/naresh.yadav@okhdfcbank/UPI,115637194487,"8,400.89",,607644.99
06-06-2025,ATM CASH WITHDRAWAL/30945/VADODARA,351182394624,"8,500.00",,599144.99
07-06-2025,IMPS-331433006829-Mahesh Shah,724592147409,"32,900.45",,566244.54
08-06-2025,UPI/DR/344380185631/Paytm/ICICI/paytm@paytm/UPI,754007108500,530.68,,565713.86
08-06-2025,UPI/DR/973369415031/Ritu/UTIB/ritu.patil@oksbi/UPI,778550478661,"20,600.04",,545113.82
09-06-2025,UPI/CR/215846667781/Archana/BDBL/archana.saxena@okicici/UPI,828693071433,,"6,550.72",551664.54
09-06-2025,POS MAX FASHION VADODARA,147955292334,"2,000.22",,549664.32
10-06-2025,UPI/DR/492366173181/Lalit/KKBK/0016260738@kotak/UPI,239544112480,"5,500.00",,544164.32
10-06-2025,UPI/DR/981622390795/Dunzo/ICICI/dunzo@razorpay/UPI,902101591487,890.61,,543273.71
11-06-2025,UPI/DR/837417365455/Myntra/ICICI/myntra@ybl/UPI,238443654899,749.00,,542524.71
11-06-2025,POS BRAND FACTORY VADODARA,135541511091,"8,250.23",,534274.48
12-06-2025,UPI/DR/175343353461/Meesho/PAYTM/meesho@ybl/UPI,701728997236,"4,650.41",,529624.07
12-06-2025,UPI/DR/486070677196/Jio/PAYTM/vi@airtelaxis/UPI,800902880787,939.00,,528685.07
12-06-2025,UPI/CR/580845044874/Usha/SBIN/usharoy31@okhdfcbank/UPI,432384859668,,"18,750.74",547435.81
12-06-2025,UPI/DR/523685119431/Deepak/PUNB/deepak.srivastava@upi/UPI,024824273273,"1,050.62",,546385.19
13-06-2025,UPI/CR/045142552372/Manish/HDFC/manishdas36@ibl/UPI,715779889260,,"20,750.80",567135.99
13-06-2025,UPI/DR/338734156307/Jio/ICICI/jio@paytm/UPI,439199108121,"2,480.99",,564655.00
13-06-2025,UPI/DR/717450778349/Deepak/SBIN/deepakiyer24@apl/UPI,070503458027,"6,000.46",,558654.54
13-06-2025,POS RELIANCE PETROLEUM VADODARA,713086013712,"1,100.67",,557553.87
14-06-2025,UPI/DR/669380211184/Zomato/ICICI/zomato@axisbank/UPI,930433094296,"1,040.29",,556513.58
14-06-2025,UPI/DR/316872366532/BigBasket/ICICI/bigbasket@ybl/UPI,005700706621,"1,730.83",,554782.75
14-06-2025,UPI/DR/443157317204/Zomato/ICICI/zomato@axisbank/UPI,965309962715,490.53,,554292.22
15-06-2025,POS PANTALOONS VADODARA,142234293206,800.31,,553491.91
16-06-2025,POS RELIANCE MART VADODARA,928683195341,"2,400.97",,551090.94
16-06-2025,UPI/DR/327029594963/Mohit/UTIB/mohitkuma63@paytm/UPI,865574696125,"2,550.38",,548540.56
17-06-2025,UPI/CR/757812778032/Ashish/BDBL/0904158681@kotak/UPI,528662009877,,"18,200.77",566741.33
17-06-2025,UPI/DR/316979199992/Uber/PAYTM/uber@paytm/UPI,570435882269,590.93,,566150.40
17-06-2025,UPI/DR/787748775560/BSNL/ICICI/bsnlbroadband@upi/UPI,956591973400,"1,900.73",,564249.67
17-06-2025,UPI/DR/633928462599/BESCOM/UPIN/bescompayment@upi/UPI,636061523997,"2,250.77",,561998.90
17-06-2025,POS INDIAN OIL VADODARA,654883423498,"1,600.44",,560398.46
18-06-2025,UPI/DR/974396173852/Jio/PAYTM/vi@airtelaxis/UPI,098747537904,529.00,,559869.46
18-06-2025,ATM CASH WITHDRAWAL/89643/VADODARA,954334614744,"9,500.00",,550369.46
18-06-2025,NACH/MANDATE/SIP2228799/Axis Mutual Fund,607195224201,"9,500.00",,540869.46
19-06-2025,UPI/DR/252366320309/Ola/PAYTM/olamoney@ola/UPI,314811143801,160.55,,540708.91
19-06-2025,UPI/DR/252096745353/Amazon/ICICI/amazon@apl/UPI,412742863105,"2,440.13",,538268.78
20-06-2025,UPI/CR/444041141035/Babita/SBIN/babita.sen@kotak/UPI,973043458215,,"21,600.66",559869.44
20-06-2025,UPI/DR/766119702372/Gopal/BDBL/5617489688@okicici/UPI,620753735604,"14,850.27",,545019.17
21-06-2025,UPI/DR/469001281297/Rapido/PAYTM/rapido@icici/UPI,754051633751,650.67,,544368.50
21-06-2025,UPI/CR/764574452778/Poonam/BARB/9895391883@kotak/UPI,119193371101,,"21,400.55",565769.05
21-06-2025,POS VISHAL MEGA MART VADODARA,571245767652,"4,100.72",,561668.33
21-06-2025,UPI/DR/522640724077/Ola/ICICI/olamoney@ola/UPI,354246264922,"2,620.55",,559047.78
22-06-2025,UPI/DR/878232777483/Ola/ICICI/olamoney@ola/UPI,352666204491,990.05,,558057.73
22-06-2025,UPI/DR/296682492228/Sunil/BKID/sunilnair61@axl/UPI,525775918326,"21,350.59",,536707.14
23-06-2025,UPI/DR/699502889702/Jio/PAYTM/vi@airtelaxis/UPI,230316070738,649.00,,536058.14
23-06-2025,UPI/DR/306425365215/Jio/PAYTM/vi@airtelaxis/UPI,420468181541,959.00,,535099.14
23-06-2025,UPI/DR/436029978713/Indane/ICICI/indanegas@upi/UPI,833454565724,"2,300.22",,532798.92
23-06-2025,UPI/DR/747251640580/PhonePe/ICICI/phonepe@ybl/UPI,905928712331,"1,100.62",,531698.30
24-06-2025,UPI/DR/262586835133/Sonia/UCBA/sonia.banerjee@axl/UPI,114659508092,"20,300.62",,511397.68
24-06-2025,UPI/CR/889823071043/Sonia/BKID/sonia321@ibl/UPI,230431450501,,"18,750.60",530148.28
26-06-2025,INTEREST CREDIT,661337473122,,360.94,530509.22
27-06-2025,UPI/CR/930760135466/Anil/BKID/anil.joshi@aubank/UPI,241261635310,,"6,050.95",536560.17
27-06-2025,UPI/DR/880090811648/Lalit/FDRL/1525208781@upi/UPI,050051661267,"5,400.68",,531159.49
28-06-2025,UPI/DR/760227035808/Vijay/BDBL/vijay725@upi/UPI,296449075108,"9,100.40",,522059.09
28-06-2025,POS CENTRAL MALL VADODARA,569029344625,"4,000.49",,518058.60
29-06-2025,UPI/DR/907469045916/Jio/PAYTM/vi@airtelaxis/UPI,933974135901,589.00,,517469.60
29-06-2025,UPI/DR/836827936118/Anil/BKID/9035029099@paytm/UPI,053874192670,"13,050.10",,504419.50
30-06-2025,UPI/DR/309361498174/Blinkit/ICICI/blinkit@kotak/UPI,583294451435,"1,960.67",,502458.83
30-06-2025,UPI/DR/945876547004/Dunzo/ICICI/dunzo@razorpay/UPI,055595510260,350.49,,502108.34
01-07-2025,UPI/DR/240895345630/Ola/ICICI/olamoney@ola/UPI,263317030907,"1,680.92",,500427.42
02-07-2025,UPI/DR/260986051804/Paytm/ICICI/paytm@paytm/UPI,168884253719,"1,110.71",,499316.71
02-07-2025,UPI/CR/856421843389/Nisha/FDRL/nisha.reddy@okaxis/UPI,303248696675,,"13,200.42",512517.13
02-07-2025,UPI/DR/149303037944/Uber/PAYTM/uber@paytm/UPI,387716715059,140.76,,512376.37
03-07-2025,SALARY CREDIT/S9806148221113/Bajaj Finserv Ltd,499805565595,,"121,951.42",634327.79
03-07-2025,UPI/DR/939490827941/Zomato/ICICI/zomato@axisbank/UPI,923444551650,"2,430.17",,631897.62
03-07-2025,UPI/CR/228866760032/Naresh/KKBK/7053294418@axl/UPI,502938889426,,"4,700.77",636598.39
04-07-2025,UPI/CR/821013404617/Rajan/FDRL/rajannamb41@aubank/UPI,255551199823,,500.59,637098.98
04-07-2025,UPI/CR/060586547540/Sushma/PUNB/sushmaiyer53@upi/UPI,236135013137,,"6,800.92",643899.90
04-07-2025,UPI/DR/546478398759/Ola/PAYTM/olamoney@ola/UPI,900075449783,230.40,,643669.50
04-07-2025,UPI/DR/824579654083/Lata/BARB/lataiyer89@axl/UPI,053464651652,"11,400.90",,632268.60
04-07-2025,UPI/DR/066496088245/Ola/PAYTM/olamoney@ola/UPI,875187876052,260.09,,632008.51
04-07-2025,NACH/MANDATE/RNT8153710/RENT MANDATE,738972093015,"11,500.00",,620508.51
05-07-2025,UPI/DR/935346064361/Blinkit/ICICI/blinkit@kotak/UPI,204961746911,"1,540.39",,618968.12
05-07-2025,UPI/DR/313302014949/HDFC/LICI/licindia@licindia/UPI,065085261487,"5,300.00",,613668.12
06-07-2025,UPI/CR/557767217042/Divya/HDFC/4535107448@pthdfc/UPI,945137244697,,"3,500.55",617168.67
06-07-2025,UPI/DR/010844862113/Varun/HDFC/varunnamb39@ptaxis/UPI,756484010814,"18,000.76",,599167.91
06-07-2025,UPI/DR/429376022354/Mamta/UTIB/mamtarao91@apl/UPI,217829598820,"12,100.89",,587067.02
07-07-2025,POS STAR BAZAAR VADODARA,911675350008,"4,150.72",,582916.30
09-07-2025,ATM CASH WITHDRAWAL/32098/VADODARA,315683271861,"3,500.00",,579416.30
10-07-2025,POS VISHAL MEGA MART VADODARA,698475296744,"1,650.01",,577766.29
11-07-2025,UPI/DR/814006717278/Babita/BKID/babita482@okaxis/UPI,736727086848,"17,050.72",,560715.57
11-07-2025,UPI/DR/508392755615/Amazon/PAYTM/amazon@apl/UPI,542823069226,"1,450.88",,559264.69
11-07-2025,UPI/DR/775301969906/PhonePe/ICICI/phonepe@ybl/UPI,163822970507,"1,980.69",,557284.00
11-07-2025,UPI/DR/737479248330/Jio/ICICI/jio@paytm/UPI,093228577258,"2,680.73",,554603.27
11-07-2025,UPI/DR/535781674171/BigBasket/ICICI/bigbasket@ybl/UPI,832466948869,"2,260.20",,552343.07
12-07-2025,UPI/DR/650403995529/BigBasket/ICICI/bigbasket@ybl/UPI,371132600115,"2,600.01",,549743.06
12-07-2025,UPI/DR/409175309860/Amazon/PAYTM/amazon@apl/UPI,390149127182,350.06,,549393.00
12-07-2025,UPI/DR/229369816767/Divya/UTIB/divya.mehta@pthdfc/UPI,180754118096,"18,200.05",,531192.95
13-07-2025,UPI/DR/075093055172/PhonePe/ICICI/phonepe@ybl/UPI,430279496321,"1,920.47",,529272.48
13-07-2025,UPI/DR/464942753492/Jio/PAYTM/vi@airtelaxis/UPI,708696205276,229.00,,529043.48
13-07-2025,POS BIG BAZAAR VADODARA,634613608415,"1,650.84",,527392.64
13-07-2025,UPI/DR/623720430855/Sarita/BARB/sarita.patel@ptaxis/UPI,127242875228,"12,150.48",,515242.16
13-07-2025,POS HP PETROL PUMP VADODARA,032226763446,"3,200.17",,512041.99
14-07-2025,UPI/DR/625064731193/Ola/PAYTM/olamoney@ola/UPI,892140169177,840.98,,511201.01
14-07-2025,UPI/DR/263316467432/Paytm/ICICI/paytm@paytm/UPI,230125527759,"1,390.57",,509810.44
14-07-2025,UPI/DR/856294544413/Jio/PAYTM/vi@airtelaxis/UPI,770636347871,699.00,,509111.44
15-07-2025,NACH/MANDATE/SIP8740771/Axis Mutual Fund,933110178678,"9,500.00",,499611.44
17-07-2025,UPI/CR/058160385801/Santosh/PUNB/santosh683@ibl/UPI,669389215205,,"4,750.83",504362.27
18-07-2025,UPI/DR/519716445708/Jio/PAYTM/vi@airtelaxis/UPI,146177428727,879.00,,503483.27
18-07-2025,UPI/DR/551216109837/Indane/ICICI/indanegas@upi/UPI,853584592327,"2,700.94",,500782.33
19-07-2025,UPI/DR/692958002457/Mohan/BKID/mohan740@ptyes/UPI,074180079572,"16,400.98",,484381.35
20-07-2025,UPI/DR/466741147859/Uber/PAYTM/uber@paytm/UPI,918082915221,420.97,,483960.38
20-07-2025,POS LIFESTYLE STORES VADODARA,892224537484,300.63,,483659.75
20-07-2025,UPI/DR/587517766927/Lata/HDFC/latabose32@okaxis/UPI,669313106663,"20,950.87",,462708.88
20-07-2025,POS RELIANCE MART VADODARA,629582436863,"4,800.78",,457908.10
20-07-2025,POS SHOPPERS STOP VADODARA,318229322914,"8,500.14",,449407.96
21-07-2025,POS LIFESTYLE STORES VADODARA,388428490329,"3,000.92",,446407.04
21-07-2025,UPI/DR/181326072071/Swiggy/ICICI/swiggy@icici/UPI,329267686834,"1,270.02",,445137.02
21-07-2025,UPI/DR/004445914941/Zepto/ICICI/zepto@apl/UPI,465496174352,"1,830.78",,443306.24
21-07-2025,UPI/DR/517809062441/Apollo/ICICI/apollopharmacy@ybl/UPI,651227859830,"1,610.07",,441696.17
22-07-2025,UPI/DR/985111468612/Uber/ICICI/uber@paytm/UPI,904721674476,860.93,,440835.24
22-07-2025,UPI/DR/465793436592/Santosh/UCBA/santosh.pillai@ybl/UPI,946086439571,"11,300.94",,429534.30
22-07-2025,UPI/DR/113851986684/BESCOM/UPIN/bescompayment@upi/UPI,959481191391,"2,700.24",,426834.06
23-07-2025,ATM CASH WITHDRAWAL/10539/VADODARA,987615996324,"4,500.00",,422334.06
23-07-2025,ATM CASH WITHDRAWAL/59388/VADODARA,897465155441,"3,000.00",,419334.06
24-07-2025,POS D MART VADODARA,251978194942,"7,650.85",,411683.21
24-07-2025,UPI/CR/428638201260/Yogesh/FDRL/yogesh995@aubank/UPI,430941824318,,"4,750.54",416433.75
25-07-2025,POS BHARAT PETROLEUM VADODARA,538812481501,"1,950.27",,414483.48
25-07-2025,NEFT/N9401345082180/Mahindra Logistics L,060800807098,,"52,500.55",466984.03
25-07-2025,UPI/DR/793800737328/Paytm/ICICI/paytm@paytm/UPI,105357122414,"2,430.51",,464553.52
27-07-2025,UPI/CR/451432941099/Dinesh/BKID/dineshpill16@okaxis/UPI,998047957454,,"3,850.71",468404.23
28-07-2025,UPI/CR/189180351960/Nikhil/PUNB/4637459928@ybl/UPI,821518082620,,"8,550.09",476954.32
31-07-2025,UPI/CR/632777973771/Renu/BKID/renu660@ibl/UPI,188421004756,,"7,950.07",484904.39
31-07-2025,UPI/DR/002083116923/BigBasket/ICICI/bigbasket@ybl/UPI,679941618696,"1,740.48",,483163.91
01-08-2025,UPI/DR/570118024627/Rajesh/BDBL/rajesh.agarwal@oksbi/UPI,304310446624,"1,500.88",,481663.03
01-08-2025,SALARY CREDIT/S8732632198874/Bajaj Finserv Ltd,400594254099,,"122,719.42",604382.45
02-08-2025,POS BRAND FACTORY VADODARA,207253071253,"2,850.20",,601532.25
04-08-2025,UPI/DR/326504802443/Jio/PAYTM/vi@airtelaxis/UPI,720233838698,619.00,,600913.25
04-08-2025,UPI/DR/217787172152/Nykaa/PAYTM/nykaa@razorpay/UPI,167249063647,"2,550.79",,598362.46
04-08-2025,UPI/DR/050708172796/Meena/FDRL/meena.sharma@pthdfc/UPI,409970337599,"15,050.31",,583312.15
04-08-2025,POS PANTALOONS VADODARA,175140344244,"4,300.62",,579011.53
05-08-2025,UPI/DR/735746981641/Flipkart/ICICI/flipkart@ybl/UPI,861923262317,"2,730.66",,576280.87
05-08-2025,UPI/DR/155014934605/Paytm/ICICI/paytm@paytm/UPI,993559975578,"2,380.82",,573900.05
06-08-2025,NACH/MANDATE/RNT3701444/RENT MANDATE,979111196974,"11,500.00",,562400.05
06-08-2025,UPI/DR/013636788001/Flipkart/ICICI/flipkart@ybl/UPI,249786317473,"2,780.43",,559619.62
06-08-2025,UPI/DR/162422070241/Amazon/ICICI/amazon@apl/UPI,433221050158,"1,260.77",,558358.85
07-08-2025,UPI/DR/891790629500/HDFC/LICI/licindia@licindia/UPI,965158342317,"5,300.00",,553058.85
07-08-2025,POS VISHAL MEGA MART VADODARA,834484533535,900.40,,552158.45
07-08-2025,UPI/DR/219856771708/Sarita/HDFC/sarita.nambiar@okhdfcbank/UPI,587713671952,"13,850.34",,538308.11
07-08-2025,UPI/CR/812360975273/Deepak/UTIB/deepaksen40@okaxis/UPI,586725384285,,"19,200.36",557508.47
09-08-2025,UPI/DR/992635410291/Shivam/PUNB/shivam135@ptyes/UPI,199369060729,"1,500.16",,556008.31
09-08-2025,UPI/DR/265808615227/Paytm/ICICI/paytm@paytm/UPI,435368531501,"2,100.06",,553908.25
10-08-2025,POS RELIANCE PETROLEUM VADODARA,429723321509,"2,000.02",,551908.23
11-08-2025,UPI/DR/398533602407/BESCOM/UPIN/bescompayment@upi/UPI,369563124921,"1,600.64",,550307.59
12-08-2025,POS INDIAN OIL VADODARA,570677648554,"3,250.19",,547057.40
13-08-2025,UPI/CR/636267044573/Lalit/FDRL/lalit171@okaxis/UPI,620046262096,,"3,150.21",550207.61
13-08-2025,UPI/DR/601881290058/PhonePe/ICICI/phonepe@ybl/UPI,773597727169,570.24,,549637.37
13-08-2025,UPI/DR/810184622670/Varsha/HDFC/5832094000@oksbi/UPI,798709794916,"16,950.98",,532686.39
14-08-2025,POS VISHAL MEGA MART VADODARA,829749204294,"3,050.50",,529635.89
14-08-2025,UPI/CR/260225723387/Anil/HDFC/7672202177@ptsbi/UPI,221311409457,,"15,600.66",545236.55
16-08-2025,UPI/DR/919702595067/Blinkit/ICICI/blinkit@kotak/UPI,058546220610,160.43,,545076.12
16-08-2025,UPI/DR/333390007728/Zomato/ICICI/zomato@axisbank/UPI,594996326452,"1,510.19",,543565.93
16-08-2025,POS BRAND FACTORY VADODARA,584652792173,"4,950.96",,538614.97
17-08-2025,UPI/DR/804348789293/Rapido/PAYTM/rapido@icici/UPI,872971129271,340.32,,538274.65
18-08-2025,ATM CASH WITHDRAWAL/41158/VADODARA,792048332394,"1,000.00",,537274.65
18-08-2025,UPI/DR/592355167622/Swiggy/ICICI/swiggy@icici/UPI,741009166289,"1,950.26",,535324.39
18-08-2025,NACH/MANDATE/SIP3341658/Axis Mutual Fund,798295055399,"9,500.00",,525824.39
19-08-2025,ATM CASH WITHDRAWAL/53837/VADODARA,855473196592,"9,500.00",,516324.39
19-08-2025,UPI/DR/498600729081/Amazon/ICICI/amazon@apl/UPI,572641106351,460.60,,515863.79
20-08-2025,UPI/DR/511270691535/Indane/ICICI/indanegas@upi/UPI,426556097769,"1,750.58",,514113.21
20-08-2025,UPI/DR/886452780387/Jio/PAYTM/vi@airtelaxis/UPI,255478852092,399.00,,513714.21
21-08-2025,UPI/DR/199630550567/Spotify/ICICI/spotify@icici/UPI,866867582213,449.00,,513265.21
22-08-2025,UPI/CR/937157672163/Sarita/KKBK/sarita.patil@axl/UPI,356807705268,,700.69,513965.90
22-08-2025,POS INDIAN OIL VADODARA,009075803583,"3,750.63",,510215.27
22-08-2025,UPI/DR/478382350420/Rapido/PAYTM/rapido@icici/UPI,146473157803,500.86,,509714.41
22-08-2025,UPI/DR/504642205456/Flipkart/ICICI/flipkart@ybl/UPI,116639649821,360.06,,509354.35
23-08-2025,UPI/DR/828104992197/Zepto/ICICI/zepto@apl/UPI,032911552967,"1,430.18",,507924.17
23-08-2025,UPI/DR/073659637160/Ola/PAYTM/olamoney@ola/UPI,904506799937,300.15,,507624.02
23-08-2025,NEFT/N60819842972/MOHIT SHAH,N60819842972,"29,400.59",,478223.43
23-08-2025,POS PANTALOONS VADODARA,004900284170,"1,500.50",,476722.93
23-08-2025,UPI/DR/731189484944/Amazon/PAYTM/amazon@apl/UPI,585734375029,"4,150.56",,472572.37
24-08-2025,POS V MART VADODARA,636260432859,"7,200.87",,465371.50
24-08-2025,UPI/DR/412960321382/Ola/PAYTM/olamoney@ola/UPI,063591757225,730.62,,464640.88
25-08-2025,UPI/DR/153844925764/PhonePe/ICICI/phonepe@ybl/UPI,206888125807,"2,760.31",,461880.57
25-08-2025,UPI/DR/710328811552/Ola/PAYTM/olamoney@ola/UPI,996398795781,260.05,,461620.52
25-08-2025,UPI/DR/633057380342/Amazon/ICICI/amazon@apl/UPI,632094733802,"1,840.00",,459780.52
25-08-2025,UPI/DR/021573730068/Zomato/ICICI/zomato@axisbank/UPI,449883066875,"2,430.52",,457350.00
28-08-2025,GST ON CHARGES,955013665677,14.40,,457335.60
28-08-2025,POS VISHAL MEGA MART VADODARA,252834658317,"3,300.58",,454035.02
28-08-2025,UPI/DR/333404908744/Meesho/PAYTM/meesho@ybl/UPI,126466575349,"2,350.43",,451684.59
28-08-2025,SERVICE CHARGES,477365984532,80.00,,451604.59
29-08-2025,UPI/DR/109510585671/BSNL/RAZORPAY/broadband@paytm/UPI,315067838989,849.00,,450755.59
30-08-2025,UPI/DR/974716781761/Jio/ICICI/jio@paytm/UPI,199362131449,"1,670.86",,449084.73
30-08-2025,POS INDIAN OIL VADODARA,383278540733,"4,200.14",,444884.59
31-08-2025,UPI/DR/365384853567/Kiran/UTIB/kiran792@okhdfcbank/UPI,721220898290,"3,600.69",,441283.90
31-08-2025,UPI/DR/197920173127/Amazon/ICICI/amazon@apl/UPI,394610937194,530.37,,440753.53
01-09-2025,UPI/DR/816463485449/Uber/PAYTM/uber@paytm/UPI,133625499700,350.00,,440403.53
01-09-2025,UPI/DR/366683095179/BigBasket/ICICI/bigbasket@ybl/UPI,091267070683,"2,490.87",,437912.66
01-09-2025,UPI/DR/863917664544/Sushma/UTIB/sushmaagar75@okaxis/UPI,612861446710,"21,750.49",,416162.17
02-09-2025,UPI/DR/444882392340/Akash/BARB/akash.mehta@ptsbi/UPI,440649769334,"13,100.34",,403061.83
02-09-2025,POS BHARAT PETROLEUM VADODARA,409537997192,"2,750.10",,400311.73
02-09-2025,UPI/DR/511236015072/Ola/ICICI/olamoney@ola/UPI,564820701623,"2,730.80",,397580.93
02-09-2025,UPI/DR/735708762660/Jio/PAYTM/vi@airtelaxis/UPI,603665014691,649.00,,396931.93
02-09-2025,UPI/CR/576954910796/Mahesh/BKID/4314581393@upi/UPI,440852867581,,"10,200.99",407132.92
03-09-2025,SALARY CREDIT/S5128164395151/Bajaj Finserv Ltd,608309004942,,"121,113.42",528246.34
04-09-2025,POS RELIANCE MART VADODARA,436393471557,"7,100.35",,521145.99
05-09-2025,UPI/DR/343595475943/BSNL/ICICI/bsnlbroadband@upi/UPI,189217241206,640.76,,520505.23
05-09-2025,UPI/DR/953559660825/Swiggy/ICICI/swiggy@icici/UPI,499152218389,730.57,,519774.66
05-09-2025,UPI/DR/589922646935/Nykaa/PAYTM/nykaa@razorpay/UPI,488424721803,"2,000.90",,517773.76
05-09-2025,NACH/MANDATE/RNT2849868/RENT MANDATE,317415774826,"11,500.00",,506273.76
06-09-2025,UPI/DR/053298672959/BigBasket/ICICI/bigbasket@ybl/UPI,945706047953,210.59,,506063.17
07-09-2025,UPI/DR/854828538136/BSNL/RAZORPAY/broadband@paytm/UPI,036575267768,849.00,,505214.17
07-09-2025,UPI/CR/560927107909/Gopal/SBIN/3481804817@okaxis/UPI,962955071963,,"7,300.19",512514.36
07-09-2025,UPI/DR/894493043677/Amazon/ICICI/amazon@apl/UPI,378866111621,"1,490.86",,511023.50
09-09-2025,UPI/DR/362979256705/Zomato/ICICI/zomato@axisbank/UPI,376341127793,"2,280.89",,508742.61
09-09-2025,IMPS-958338913185-Poonam Shah,868508556495,"31,400.81",,477341.80
10-09-2025,UPI/DR/921839096899/HDFC/LICI/licindia@licindia/UPI,523416980302,"5,300.00",,472041.80
10-09-2025,UPI/DR/621642333539/BESCOM/UPIN/bescompayment@upi/UPI,461771647919,650.89,,471390.91
10-09-2025,UPI/DR/493890316198/Ola/PAYTM/olamoney@ola/UPI,918317495029,230.57,,471160.34
10-09-2025,UPI/DR/585979557764/BigBasket/ICICI/bigbasket@ybl/UPI,311301598254,"1,630.01",,469530.33
10-09-2025,ATM CASH WITHDRAWAL/53806/VADODARA,504741370385,"2,500.00",,467030.33
11-09-2025,UPI/DR/519179736825/Flipkart/ICICI/flipkart@ybl/UPI,877562006402,"1,920.53",,465109.80
11-09-2025,UPI/DR/328599405041/Jio/PAYTM/vi@airtelaxis/UPI,644374561760,279.00,,464830.80
12-09-2025,UPI/DR/285951876588/Vishal/BARB/vishaliyer15@ptsbi/UPI,070871481114,"18,350.99",,446479.81
13-09-2025,UPI/DR/950965749362/Mina/KKBK/minayada44@okaxis/UPI,720310826320,"13,000.86",,433478.95
13-09-2025,POS CENTRAL MALL VADODARA,031579063558,"5,350.19",,428128.76
13-09-2025,UPI/DR/626856361351/Jio/ICICI/jio@paytm/UPI,552650365679,"1,090.45",,427038.31
14-09-2025,UPI/DR/087550934989/Indane/ICICI/indanegas@upi/UPI,899198424312,"2,400.96",,424637.35
14-09-2025,UPI/CR/978807656033/Jyoti/FDRL/jyotiyada68@upi/UPI,968306923722,,"17,700.06",442337.41
14-09-2025,UPI/DR/262443776732/Himanshu/UCBA/himanshu479@ibl/UPI,769420609280,"9,400.38",,432937.03
14-09-2025,UPI/DR/886359820484/Uber/ICICI/uber@paytm/UPI,850003254637,240.95,,432696.08
15-09-2025,UPI/DR/799796779327/Uber/PAYTM/uber@paytm/UPI,251609931358,330.84,,432365.24
15-09-2025,UPI/DR/677917822489/Dunzo/ICICI/dunzo@razorpay/UPI,166909957708,880.53,,431484.71
17-09-2025,UPI/CR/578016903707/Asha/UTIB/ashanair14@ptsbi/UPI,880996404945,,"2,550.24",434034.95
17-09-2025,NACH/MANDATE/SIP0561391/Axis Mutual Fund,042319738184,"9,500.00",,424534.95
18-09-2025,ATM CASH WITHDRAWAL/63629/VADODARA,843490421851,"6,000.00",,418534.95
18-09-2025,POS RELIANCE PETROLEUM VADODARA,459905808015,"1,900.99",,416633.96
19-09-2025,UPI/DR/609909920518/Amazon/ICICI/amazon@apl/UPI,315246929063,"1,470.73",,415163.23
19-09-2025,POS RELIANCE PETROLEUM VADODARA,882726306483,800.86,,414362.37
20-09-2025,UPI/DR/467880747378/BSNL/ICICI/bsnlbroadband@upi/UPI,349111129379,"1,680.39",,412681.98
20-09-2025,UPI/DR/913501092081/Uber/ICICI/uber@paytm/UPI,918482855486,420.50,,412261.48
20-09-2025,UPI/DR/904245683381/Zomato/ICICI/zomato@axisbank/UPI,237560536396,880.21,,411381.27
21-09-2025,POS BRAND FACTORY VADODARA,570521567389,"7,550.62",,403830.65
21-09-2025,UPI/DR/262335477441/Jio/PAYTM/vi@airtelaxis/UPI,119292529335,729.00,,403101.65
22-09-2025,POS SHELL FUEL STATION VADODARA,309657450912,"4,250.98",,398850.67
22-09-2025,UPI/DR/351324169619/Amazon/PAYTM/amazon@apl/UPI,091274076308,"1,400.54",,397450.13
23-09-2025,UPI/DR/154308269026/Nykaa/ICICI/nykaa@razorpay/UPI,175631175160,849.00,,396601.13
23-09-2025,UPI/DR/016334070387/Arjun/PUNB/arjun151@ptyes/UPI,261829617440,"11,400.15",,385200.98
23-09-2025,UPI/DR/813073267776/Hotstar/ICICI/hotstar@hdfcbank/UPI,857709560553,549.00,,384651.98
23-09-2025,UPI/DR/049210603527/Jio/PAYTM/vi@airtelaxis/UPI,492506701032,569.00,,384082.98
23-09-2025,UPI/CR/688623915677/Rahul/SBIN/rahul422@ibl/UPI,345905922076,,550.86,384633.84
23-09-2025,UPI/CR/854928905982/Vijay/HDFC/vijay.agarwal@okhdfcbank/UPI,400644740318,,"14,500.31",399134.15
24-09-2025,ATM CASH WITHDRAWAL/62962/VADODARA,925263189709,"9,500.00",,389634.15
24-09-2025,UPI/DR/661060499486/Dunzo/ICICI/dunzo@razorpay/UPI,740267921534,"1,310.79",,388323.36
25-09-2025,UPI/DR/609292135170/Rapido/PAYTM/rapido@icici/UPI,547266822488,720.37,,387602.99
26-09-2025,GST ON CHARGES,051985557834,14.40,,387588.59
26-09-2025,SERVICE CHARGES,594800867869,80.00,,387508.59
27-09-2025,UPI/CR/012962213804/Lalit/PUNB/5401170432@ibl/UPI,063190564849,,"21,100.20",408608.79
27-09-2025,UPI/CR/909225572117/Mamta/FDRL/0515490929@okicici/UPI,348273227310,,"12,550.50",421159.29
28-09-2025,INTEREST CREDIT,571184404600,,435.32,421594.61
28-09-2025,UPI/DR/366378050850/Sushma/BARB/sushma.dubey@ybl/UPI,331478404555,"17,500.49",,404094.12
01-10-2025,SALARY CREDIT/S0176367167415/Bajaj Finserv Ltd,098176221106,,"119,733.42",523827.54
01-10-2025,POS PANTALOONS VADODARA,349586581371,"2,350.69",,521476.85
01-10-2025,UPI/DR/290195561133/BigBasket/ICICI/bigbasket@ybl/UPI,158884284243,"1,270.72",,520206.13
01-10-2025,UPI/DR/694230947728/Uber/ICICI/uber@paytm/UPI,205418982666,"1,000.24",,519205.89
01-10-2025,UPI/DR/697364261808/Ashish/UTIB/0710896708@ptaxis/UPI,244786712106,"20,750.13",,498455.76
01-10-2025,UPI/DR/722829369772/Siddharth/HDFC/siddharth.nambiar@axl/UPI,163927792050,"21,050.35",,477405.41
01-10-2025,IMPS-742593353727-Vijay Mehta,552961891099,"11,200.37",,466205.04
02-10-2025,UPI/DR/793872468805/Nisha/PUNB/nishapill84@okhdfcbank/UPI,413522672296,"6,950.30",,459254.74
02-10-2025,UPI/DR/668920260814/Sangita/UCBA/sangitashar65@okicici/UPI,955134116038,"20,100.35",,439154.39
03-10-2025,UPI/CR/713739623658/Rahul/UTIB/rahul.chopra@ybl/UPI,612119504498,,"12,100.25",451254.64
03-10-2025,POS INDIAN OIL VADODARA,258256800089,"3,850.18",,447404.46
04-10-2025,NACH/MANDATE/RNT9418130/RENT MANDATE,025517785064,"11,500.00",,435904.46
04-10-2025,UPI/DR/668124128433/Rapido/PAYTM/rapido@icici/UPI,028231946861,390.65,,435513.81
06-10-2025,UPI/CR/489663992328/Shreya/UCBA/shreya.kapoor@pthdfc/UPI,633575900100,,"17,100.44",452614.25
06-10-2025,POS PANTALOONS VADODARA,744457466002,"6,050.03",,446564.22
06-10-2025,UPI/DR/850202289877/BigBasket/ICICI/bigbasket@ybl/UPI,562938079096,"2,700.83",,443863.39
07-10-2025,UPI/DR/541189221611/HDFC/LICI/licindia@licindia/UPI,971709438134,"5,300.00",,438563.39
07-10-2025,UPI/CR/580181483037/Mamta/BKID/9830091904@paytm/UPI,065012643578,,"2,700.82",441264.21
08-10-2025,UPI/DR/792964826652/Paytm/ICICI/paytm@paytm/UPI,385078121504,"2,790.46",,438473.75
08-10-2025,POS MORE SUPER MARKET VADODARA,807455192735,"8,500.90",,429972.85
09-10-2025,UPI/CR/272341577548/Seema/HDFC/8203844688@ptyes/UPI,080148904471,,"5,550.61",435523.46
09-10-2025,UPI/DR/113637898486/Pooja/FDRL/pooja163@apl/UPI,162690056854,"16,900.40",,418623.06
09-10-2025,UPI/DR/597731617350/Lata/UTIB/lata820@paytm/UPI,790542347591,"5,350.20",,413272.86
10-10-2025,UPI/DR/831782082096/Vikram/SBIN/vikram.mehta@kotak/UPI,836026331166,"13,350.42",,399922.44
10-10-2025,UPI/CR/903111676251/Kamal/FDRL/9694049666@paytm/UPI,871191094035,,"16,650.24",416572.68
11-10-2025,ATM CASH WITHDRAWAL/43252/VADODARA,279236689025,"1,500.00",,415072.68
11-10-2025,POS LIFESTYLE STORES VADODARA,607626571217,650.31,,414422.37
11-10-2025,UPI/DR/806255335391/BSNL/ICICI/bsnlbroadband@upi/UPI,251982618174,"2,530.46",,411891.91
11-10-2025,POS LIFESTYLE STORES VADODARA,183442773692,"7,050.24",,404841.67
12-10-2025,UPI/DR/060589731975/Jio/PAYTM/vi@airtelaxis/UPI,908558315059,189.00,,404652.67
12-10-2025,UPI/DR/935075004418/Ola/ICICI/olamoney@ola/UPI,078613861151,"1,960.77",,402691.90
13-10-2025,UPI/DR/610373901463/Flipkart/ICICI/flipkart@ybl/UPI,560105377057,"2,300.53",,400391.37
13-10-2025,UPI/DR/792698011555/Uber/PAYTM/uber@paytm/UPI,313220740339,570.95,,399820.42
14-10-2025,UPI/DR/165548701313/Indane/ICICI/indanegas@upi/UPI,192191489441,950.98,,398869.44
14-10-2025,POS LIFESTYLE STORES VADODARA,157854549354,"5,750.85",,393118.59
14-10-2025,UPI/CR/970747378376/Neha/KKBK/nehakapo53@okicici/UPI,981463235041,,"1,650.19",394768.78
14-10-2025,POS INDIAN OIL VADODARA,789384846896,"3,850.99",,390917.79
14-10-2025,UPI/DR/388081880878/BESCOM/UPIN/bescompayment@upi/UPI,362412525698,"3,500.97",,387416.82
14-10-2025,UPI/CR/881858234558/Santosh/FDRL/8828253918@oksbi/UPI,462405689061,,"20,650.55",408067.37
16-10-2025,UPI/DR/811897010421/Flipkart/ICICI/flipkart@ybl/UPI,386930422037,670.43,,407396.94
17-10-2025,UPI/DR/889452622136/Blinkit/ICICI/blinkit@kotak/UPI,985435927114,"2,030.03",,405366.91
17-10-2025,UPI/DR/077100495168/PhonePe/ICICI/phonepe@ybl/UPI,400441895674,390.13,,404976.78
18-10-2025,UPI/DR/850070645630/Myntra/PAYTM/myntra@ybl/UPI,222944585274,"2,400.39",,402576.39
18-10-2025,UPI/DR/029593329431/Flipkart/PAYTM/flipkart@ybl/UPI,004226641425,"3,550.36",,399026.03
19-10-2025,NACH/MANDATE/SIP1021909/Axis Mutual Fund,339306713014,"9,500.00",,389526.03
20-10-2025,POS D MART VADODARA,079839821839,"1,600.30",,387925.73
20-10-2025,UPI/DR/336076230280/Gaurav/BDBL/gaurav.shah@upi/UPI,406879176222,"10,300.45",,377625.28
20-10-2025,UPI/DR/184039715021/Hotstar/ICICI/hotstar@hdfcbank/UPI,368199474679,199.00,,377426.28
20-10-2025,UPI/DR/904074539098/Kavita/SBIN/kavitanaik60@upi/UPI,351208992431,"3,450.31",,373975.97
20-10-2025,UPI/DR/738988057401/PhonePe/ICICI/phonepe@ybl/UPI,819583919941,"2,430.94",,371545.03
21-10-2025,UPI/DR/475961784377/Flipkart/ICICI/flipkart@ybl/UPI,269257821463,800.25,,370744.78
22-10-2025,UPI/DR/707821299069/Amazon/ICICI/amazon@apl/UPI,252322215531,"2,450.92",,368293.86
23-10-2025,UPI/DR/405732631061/Zepto/ICICI/zepto@apl/UPI,321533911379,550.00,,367743.86
23-10-2025,POS RELIANCE PETROLEUM VADODARA,020048095005,"4,200.55",,363543.31
23-10-2025,UPI/DR/744478469903/Jio/PAYTM/vi@airtelaxis/UPI,425974261168,549.00,,362994.31
23-10-2025,UPI/DR/818681630955/Jio/PAYTM/vi@airtelaxis/UPI,184456181952,729.00,,362265.31
25-10-2025,UPI/DR/007324745144/BSNL/ICICI/bsnlbroadband@upi/UPI,065836635465,400.89,,361864.42
25-10-2025,UPI/DR/534140639026/Usha/KKBK/6549535904@ptaxis/UPI,277183460164,"10,600.34",,351264.08
25-10-2025,POS INDIAN OIL VADODARA,716569429876,"1,500.63",,349763.45
25-10-2025,UPI/DR/686940575490/Rahul/BKID/rahuldas93@okaxis/UPI,648544942510,"18,950.13",,330813.32
25-10-2025,UPI/DR/629365582871/Kavya/BARB/kavyaiyer72@ybl/UPI,967669832147,"11,500.83",,319312.49
26-10-2025,UPI/CR/696736073103/Sumit/KKBK/sumit.shukla@ptsbi/UPI,248553969921,,"2,800.49",322112.98
28-10-2025,UPI/DR/686918375619/Ola/PAYTM/olamoney@ola/UPI,429502063941,750.68,,321362.30
28-10-2025,UPI/DR/091222009304/Jio/PAYTM/vi@airtelaxis/UPI,907373114644,749.00,,320613.30
28-10-2025,UPI/DR/162177030460/BSNL/RAZORPAY/broadband@paytm/UPI,718948342757,599.00,,320014.30
29-10-2025,UPI/DR/042697035329/Jio/PAYTM/vi@airtelaxis/UPI,571182601521,889.00,,319125.30
29-10-2025,UPI/DR/048552913238/PhonePe/ICICI/phonepe@ybl/UPI,478164462412,"2,680.62",,316444.68
29-10-2025,UPI/DR/172804002969/Blinkit/ICICI/blinkit@kotak/UPI,567847360629,"1,940.18",,314504.50
29-10-2025,UPI/DR/556605441992/Rapido/PAYTM/rapido@icici/UPI,111747446796,250.26,,314254.24
29-10-2025,UPI/DR/131471744898/Zepto/ICICI/zepto@apl/UPI,799666924673,"2,550.93",,311703.31
30-10-2025,ATM CASH WITHDRAWAL/85400/VADODARA,362372129293,"7,500.00",,304203.31
30-10-2025,POS PANTALOONS VADODARA,796465464826,"3,200.88",,301002.43
31-10-2025,UPI/DR/832846271780/Jyoti/HDFC/jyoti.shah@apl/UPI,069762512812,"6,250.39",,294752.04
31-10-2025,GST ON CHARGES,959055966017,32.40,,294719.64
31-10-2025,SERVICE CHARGES,175735017626,180.00,,294539.64
31-10-2025,UPI/DR/248972727429/BSNL/ICICI/bsnlbroadband@upi/UPI,068907814363,420.69,,294118.95
01-11-2025,UPI/DR/559363515813/Ola/ICICI/olamoney@ola/UPI,631641296916,"2,220.23",,291898.72
01-11-2025,UPI/DR/527118384627/Amit/BDBL/amit.shukla@okhdfcbank/UPI,384424991452,"8,950.12",,282948.60
01-11-2025,UPI/CR/712057356409/Sushma/KKBK/sushma.pillai@ybl/UPI,712428428443,,"14,300.57",297249.17
03-11-2025,SALARY CREDIT/S1063034920790/Bajaj Finserv Ltd,646957125958,,"124,716.42",421965.59
03-11-2025,UPI/DR/376669715424/Jio/PAYTM/vi@airtelaxis/UPI,637840978065,519.00,,421446.59
04-11-2025,ATM CASH WITHDRAWAL/88882/VADODARA,265010335956,"8,000.00",,413446.59
04-11-2025,UPI/DR/890173788134/Rajesh/BKID/rajesh565@okhdfcbank/UPI,925691123114,"5,400.70",,408045.89
04-11-2025,UPI/DR/283056468314/Isha/BARB/isha.mishra@ybl/UPI,144448875910,"8,250.05",,399795.84
04-11-2025,UPI/DR/227637259080/Nykaa/PAYTM/nykaa@razorpay/UPI,853791764179,"5,850.64",,393945.20
05-11-2025,UPI/DR/786939997381/Ola/PAYTM/olamoney@ola/UPI,689021545567,200.67,,393744.53
06-11-2025,UPI/CR/873535349807/Rahul/FDRL/rahulpati27@ptaxis/UPI,289932882780,,"9,100.26",402844.79
06-11-2025,NACH/MANDATE/RNT1112012/RENT MANDATE,804630761852,"11,500.00",,391344.79
06-11-2025,POS RELIANCE PETROLEUM VADODARA,791643065602,"3,950.32",,387394.47
08-11-2025,UPI/DR/128162720942/Uber/ICICI/uber@paytm/UPI,556610250823,"1,220.92",,386173.55
08-11-2025,UPI/DR/518492093261/BigBasket/ICICI/bigbasket@ybl/UPI,309311708297,"2,080.67",,384092.88
09-11-2025,UPI/DR/352805867359/Amazon/ICICI/amazon@apl/UPI,571937675539,"1,180.15",,382912.73
09-11-2025,UPI/DR/324878611816/Zepto/ICICI/zepto@apl/UPI,269229255252,440.76,,382471.97
09-11-2025,UPI/DR/976552770022/Swiggy/ICICI/swiggy@icici/UPI,307011885698,650.59,,381821.38
10-11-2025,UPI/DR/112764261253/Paytm/ICICI/paytm@paytm/UPI,764829634175,"1,020.97",,380800.41
10-11-2025,UPI/DR/495639901885/Jio/PAYTM/vi@airtelaxis/UPI,328962565197,979.00,,379821.41
10-11-2025,UPI/DR/622027967492/Zomato/ICICI/zomato@axisbank/UPI,130714594795,"1,840.04",,377981.37
10-11-2025,UPI/DR/973984832052/Gaurav/FDRL/gauravnaik81@okicici/UPI,436832495516,"17,050.48",,360930.89
10-11-2025,UPI/DR/326228107267/Flipkart/ICICI/flipkart@ybl/UPI,922075492356,"1,100.37",,359830.52
11-11-2025,UPI/DR/644483578705/Amazon/PAYTM/amazon@apl/UPI,286209224058,850.53,,358979.99
11-11-2025,UPI/DR/287588982269/Sanjay/KKBK/9267838681@upi/UPI,570946136711,"4,950.54",,354029.45
11-11-2025,UPI/DR/866395295300/Uber/PAYTM/uber@paytm/UPI,169596881213,440.39,,353589.06
12-11-2025,UPI/DR/812741975238/Flipkart/ICICI/flipkart@ybl/UPI,745249138305,"1,460.68",,352128.38
12-11-2025,UPI/CR/432012237288/Rajesh/UCBA/7675254240@pthdfc/UPI,333931278035,,"9,650.48",361778.86
12-11-2025,UPI/DR/297260218952/HDFC/LICI/licindia@licindia/UPI,291968063200,"5,300.00",,356478.86
13-11-2025,UPI/DR/259217493850/BSNL/RAZORPAY/broadband@paytm/UPI,980135885418,649.00,,355829.86
13-11-2025,POS STAR BAZAAR VADODARA,561064307035,"5,900.94",,349928.92
14-11-2025,UPI/DR/069577838136/Usha/FDRL/ushabane67@ptaxis/UPI,604253572457,"5,050.60",,344878.32
14-11-2025,UPI/DR/549195923656/Blinkit/ICICI/blinkit@kotak/UPI,203603697079,140.98,,344737.34
14-11-2025,UPI/DR/467436454746/Dunzo/ICICI/dunzo@razorpay/UPI,956814692040,970.87,,343766.47
14-11-2025,UPI/DR/152911709280/Indane/ICICI/indanegas@upi/UPI,463111459101,"2,050.52",,341715.95
15-11-2025,UPI/DR/148822701551/Jio/ICICI/jio@paytm/UPI,068065566689,170.25,,341545.70
16-11-2025,NACH/MANDATE/SIP0578089/Axis Mutual Fund,134299168329,"9,500.00",,332045.70
16-11-2025,UPI/DR/788607453496/Uber/ICICI/uber@paytm/UPI,628013334503,650.00,,331395.70
16-11-2025,UPI/DR/993013336495/PhonePe/ICICI/phonepe@ybl/UPI,193701687984,180.31,,331215.39
16-11-2025,ATM CASH WITHDRAWAL/67099/VADODARA,261546421317,"6,500.00",,324715.39
16-11-2025,UPI/DR/495141563215/Rapido/PAYTM/rapido@icici/UPI,573617096400,870.57,,323844.82
16-11-2025,UPI/DR/589969478219/Meena/FDRL/meena.verma@ptsbi/UPI,208757160028,"4,850.56",,318994.26
17-11-2025,NEFT/N3965198919857/Madura Garments Pvt ,392779419729,,"48,500.37",367494.63
17-11-2025,UPI/CR/904135086522/Akash/PUNB/akash.sethi@okhdfcbank/UPI,834470603077,,"13,400.14",380894.77
17-11-2025,UPI/DR/984054523636/BESCOM/UPIN/bescompayment@upi/UPI,785595151417,"1,700.55",,379194.22
18-11-2025,POS SHELL FUEL STATION VADODARA,102427717875,"3,400.19",,375794.03
18-11-2025,UPI/CR/982635224426/Pooja/BDBL/6927211328@pthdfc/UPI,522389769303,,"17,650.83",393444.86
18-11-2025,UPI/DR/585361749433/Usha/BKID/usha.pillai@axl/UPI,488815433764,"2,850.10",,390594.76
20-11-2025,UPI/DR/879430706299/Ola/PAYTM/olamoney@ola/UPI,969422473443,210.40,,390384.36
20-11-2025,ATM CASH WITHDRAWAL/27317/VADODARA,824757569663,"6,000.00",,384384.36
21-11-2025,POS BIG BAZAAR VADODARA,299224505277,950.42,,383433.94
22-11-2025,UPI/DR/051035813362/Sumit/FDRL/sumit.naik@ptaxis/UPI,249057280394,"12,050.92",,371383.02
22-11-2025,UPI/DR/509660630480/Hotstar/ICICI/hotstar@hdfcbank/UPI,066197633022,349.00,,371034.02
23-11-2025,UPI/DR/414371413880/Jio/PAYTM/vi@airtelaxis/UPI,972587697168,359.00,,370675.02
23-11-2025,UPI/CR/388541046303/Deepa/HDFC/deepa.tiwari@ptsbi/UPI,031871636368,,"12,200.36",382875.38
23-11-2025,UPI/DR/495710311989/Uber/PAYTM/uber@paytm/UPI,710298202951,480.74,,382394.64
24-11-2025,UPI/DR/327905374177/Saurabh/UTIB/9963358398@ptsbi/UPI,894297186724,"1,000.21",,381394.43
24-11-2025,UPI/DR/278363976006/Rani/HDFC/ranimeno88@ptyes/UPI,001501560983,"4,950.24",,376444.19
25-11-2025,ATM CASH WITHDRAWAL/07749/VADODARA,586622826217,"1,500.00",,374944.19
25-11-2025,POS SHOPPERS STOP VADODARA,795777886111,"1,900.29",,373043.90
25-11-2025,POS METRO CASH CARRY VADODARA,905639050419,"1,800.75",,371243.15
26-11-2025,UPI/DR/723654559168/Amazon/PAYTM/amazon@apl/UPI,454131015561,"3,100.50",,368142.65
27-11-2025,UPI/CR/275104334197/Priya/BARB/9866468665@pthdfc/UPI,755981953722,,"19,050.95",387193.60
27-11-2025,POS METRO CASH CARRY VADODARA,603608531387,"1,050.70",,386142.90
28-11-2025,UPI/DR/716557103493/Jio/PAYTM/vi@airtelaxis/UPI,448418007386,539.00,,385603.90
29-11-2025,UPI/DR/147481656309/Swiggy/ICICI/swiggy@icici/UPI,989109170982,960.84,,384643.06
29-11-2025,UPI/DR/434611889554/BSNL/ICICI/bsnlbroadband@upi/UPI,344453676517,"2,610.69",,382032.37
30-11-2025,POS MORE SUPER MARKET VADODARA,969850581079,"6,550.04",,375482.33
01-12-2025,UPI/DR/157722856600/BigBasket/ICICI/bigbasket@ybl/UPI,050989214529,"1,430.45",,374051.88
01-12-2025,UPI/DR/436267419831/PhonePe/ICICI/phonepe@ybl/UPI,799801980599,750.91,,373300.97
01-12-2025,SALARY CREDIT/S3885409989430/Bajaj Finserv Ltd,129385140058,,"122,794.42",496095.39
02-12-2025,ATM CASH WITHDRAWAL/61480/VADODARA,235953163662,"8,500.00",,487595.39
03-12-2025,NACH/MANDATE/RNT4698677/RENT MANDATE,241411828935,"11,500.00",,476095.39
03-12-2025,UPI/DR/123978377546/Usha/FDRL/ushanaik38@oksbi/UPI,452085765218,"2,000.84",,474094.55
03-12-2025,UPI/DR/607042533179/Ola/PAYTM/olamoney@ola/UPI,530377913631,740.28,,473354.27
03-12-2025,UPI/DR/845918363299/Dunzo/ICICI/dunzo@razorpay/UPI,439886546183,940.23,,472414.04
04-12-2025,UPI/DR/829142382413/HDFC/LICI/licindia@licindia/UPI,109200739757,"5,300.00",,467114.04
04-12-2025,UPI/DR/553565299581/Paytm/ICICI/paytm@paytm/UPI,929644566463,300.65,,466813.39
04-12-2025,UPI/CR/138019328742/Sonia/UCBA/sonia.sethi@okicici/UPI,520146213281,,"9,700.81",476514.20
05-12-2025,ATM CASH WITHDRAWAL/48504/VADODARA,203129678924,"7,500.00",,469014.20
05-12-2025,UPI/DR/559206447850/Rapido/PAYTM/rapido@icici/UPI,183677678099,430.22,,468583.98
05-12-2025,UPI/DR/766446027368/Ravi/UTIB/ravishuk11@pthdfc/UPI,399882847542,"17,550.81",,451033.17
05-12-2025,UPI/DR/170790848645/Priya/HDFC/priya405@okaxis/UPI,007687734895,"13,950.24",,437082.93
06-12-2025,POS RELIANCE MART VADODARA,418611533094,"1,050.71",,436032.22
06-12-2025,POS V MART VADODARA,441077564903,"2,500.17",,433532.05
06-12-2025,ATM CASH WITHDRAWAL/82488/VADODARA,595342238689,"5,000.00",,428532.05
06-12-2025,UPI/DR/898683019145/Arun/KKBK/9035335137@ibl/UPI,654556560203,"8,300.74",,420231.31
08-12-2025,UPI/CR/550650758874/Kunal/SBIN/kunal.chopra@kotak/UPI,091251376060,,"3,750.02",423981.33
08-12-2025,UPI/DR/973445699702/Zepto/ICICI/zepto@apl/UPI,827400761217,"1,620.14",,422361.19
08-12-2025,UPI/DR/381385999888/Zepto/ICICI/zepto@apl/UPI,024613881258,"1,740.40",,420620.79
09-12-2025,POS VISHAL MEGA MART VADODARA,461653975010,800.07,,419820.72
10-12-2025,POS MAX FASHION VADODARA,675044323745,"7,750.57",,412070.15
11-12-2025,UPI/DR/452614357503/Swiggy/ICICI/swiggy@icici/UPI,077844236880,500.01,,411570.14
11-12-2025,UPI/DR/784639869037/Practo/ICICI/practo@paytm/UPI,065984544806,649.00,,410921.14
12-12-2025,POS CENTRAL MALL VADODARA,291601944009,"5,000.16",,405920.98
12-12-2025,UPI/DR/194205242463/Jio/PAYTM/vi@airtelaxis/UPI,057921573469,749.00,,405171.98
13-12-2025,NACH/MANDATE/SIP1577625/Axis Mutual Fund,007837238390,"9,500.00",,395671.98
13-12-2025,ATM CASH WITHDRAWAL/01239/VADODARA,062263536934,"4,500.00",,391171.98
15-12-2025,UPI/DR/187783308086/Netmeds/ICICI/netmeds@paytm/UPI,018229539356,890.10,,390281.88
15-12-2025,POS LIFESTYLE STORES VADODARA,076875248328,"3,400.64",,386881.24
15-12-2025,UPI/DR/089625759684/Anita/HDFC/anitaagar61@kotak/UPI,506755311534,"3,950.56",,382930.68
16-12-2025,UPI/DR/260872334021/Uber/PAYTM/uber@paytm/UPI,516831939166,720.31,,382210.37
17-12-2025,UPI/DR/256070308623/Uber/ICICI/uber@paytm/UPI,978169386443,150.04,,382060.33
17-12-2025,POS RELIANCE PETROLEUM VADODARA,352721471080,"2,900.93",,379159.40
17-12-2025,UPI/DR/467165219756/Indane/ICICI/indanegas@upi/UPI,690458666830,"2,500.60",,376658.80
17-12-2025,ATM CASH WITHDRAWAL/05097/VADODARA,209857282320,"3,500.00",,373158.80
18-12-2025,UPI/DR/065793907221/Kamal/HDFC/kamal869@ptsbi/UPI,147086596390,"12,900.77",,360258.03
19-12-2025,UPI/DR/706813693067/BESCOM/UPIN/bescompayment@upi/UPI,054006901595,"3,250.23",,357007.80
20-12-2025,UPI/DR/373124764252/Zomato/ICICI/zomato@axisbank/UPI,916454567779,320.32,,356687.48
20-12-2025,UPI/DR/905056505155/Ola/ICICI/olamoney@ola/UPI,746904624696,"2,400.03",,354287.45
21-12-2025,UPI/DR/261459959368/Jio/PAYTM/vi@airtelaxis/UPI,906206887644,559.00,,353728.45
21-12-2025,UPI/DR/161862074887/BSNL/ICICI/bsnlbroadband@upi/UPI,390268621452,840.36,,352888.09
21-12-2025,POS BHARAT PETROLEUM VADODARA,833091358456,"2,400.66",,350487.43
21-12-2025,UPI/CR/187188689760/Sarita/KKBK/sarita.joshi@kotak/UPI,998130777125,,"5,500.05",355987.48
22-12-2025,POS INDIAN OIL VADODARA,497596091686,"4,500.20",,351487.28
22-12-2025,UPI/DR/432955629131/Gaurav/BKID/2980486994@ptyes/UPI,168171239696,"11,500.01",,339987.27
22-12-2025,UPI/DR/530162979693/Flipkart/PAYTM/flipkart@ybl/UPI,115862782696,"5,800.64",,334186.63
23-12-2025,UPI/DR/522655915274/Rapido/PAYTM/rapido@icici/UPI,158070209507,150.88,,334035.75
23-12-2025,UPI/DR/390094157248/Jio/ICICI/jio@paytm/UPI,614600995830,"1,020.77",,333014.98
24-12-2025,UPI/DR/126797755948/Ola/PAYTM/olamoney@ola/UPI,967665440147,580.02,,332434.96
24-12-2025,IMPS-676281913168-Mahesh Sen,159667302006,"36,400.41",,296034.55
26-12-2025,UPI/DR/126783724170/Dunzo/ICICI/dunzo@razorpay/UPI,016720257018,550.38,,295484.17
27-12-2025,INTEREST CREDIT,928318814601,,890.95,296375.12
27-12-2025,POS PANTALOONS VADODARA,526195841598,"6,750.89",,289624.23
27-12-2025,UPI/DR/491798469877/Kavita/PUNB/kavita267@oksbi/UPI,028227795266,"10,350.75",,279273.48
27-12-2025,UPI/DR/789053950936/BigBasket/ICICI/bigbasket@ybl/UPI,581200856159,"2,720.44",,276553.04
27-12-2025,UPI/DR/828919623618/Ola/PAYTM/olamoney@ola/UPI,457355301817,640.15,,275912.89
28-12-2025,UPI/DR/007870072646/Arun/BARB/1910919805@okhdfcbank/UPI,667059186977,"5,250.17",,270662.72
28-12-2025,ATM CASH WITHDRAWAL/26073/VADODARA,840724491970,"9,500.00",,261162.72
28-12-2025,IMPS-018013975242-Mohan Kulkarni,490610513279,"16,000.09",,245162.63
29-12-2025,SERVICE CHARGES,730509460246,320.00,,244842.63
29-12-2025,GST ON CHARGES,114217415004,57.60,,244785.03
30-12-2025,POS BHARAT PETROLEUM VADODARA,160744310202,"4,300.01",,240485.02
01-01-2026,SALARY CREDIT/S8711269543758/Bajaj Finserv Ltd,521725493422,,"121,274.42",361759.44
01-01-2026,UPI/DR/489594222514/PhonePe/ICICI/phonepe@ybl/UPI,580218844356,140.42,,361619.02
01-01-2026,UPI/DR/605900431100/Uber/ICICI/uber@paytm/UPI,231398809545,"1,310.12",,360308.90
02-01-2026,ATM CASH WITHDRAWAL/41979/VADODARA,832626611814,"1,500.00",,358808.90
02-01-2026,ATM CASH WITHDRAWAL/32668/VADODARA,587189511660,"4,500.00",,354308.90
02-01-2026,UPI/CR/445092136686/Rohit/FDRL/rohit.sharma@axl/UPI,015124344706,,"19,100.08",373408.98
03-01-2026,UPI/DR/429074431307/Ola/PAYTM/olamoney@ola/UPI,377512402692,860.84,,372548.14
03-01-2026,NACH/MANDATE/RNT3515581/RENT MANDATE,212785821129,"11,500.00",,361048.14
03-01-2026,UPI/DR/633168473692/Dunzo/ICICI/dunzo@razorpay/UPI,341551010730,200.52,,360847.62
05-01-2026,UPI/CR/822829510039/Sapna/UTIB/0841992793@paytm/UPI,893469599920,,"19,350.39",380198.01
05-01-2026,UPI/DR/038213032346/Akash/PUNB/akash887@kotak/UPI,223609200886,"5,850.90",,374347.11
05-01-2026,POS D MART VADODARA,811767599344,"5,550.72",,368796.39
06-01-2026,UPI/DR/360433638156/PhonePe/ICICI/phonepe@ybl/UPI,342123605161,"1,260.08",,367536.31
06-01-2026,UPI/DR/916652270138/Rapido/PAYTM/rapido@icici/UPI,772761351292,370.46,,367165.85
07-01-2026,POS LIFESTYLE STORES VADODARA,847875495153,"1,550.54",,365615.31
08-01-2026,UPI/CR/589684880763/Sushma/FDRL/sushma.verma@ybl/UPI,178155836743,,"10,050.57",375665.88
08-01-2026,UPI/DR/932491211699/Radha/BKID/radhanamb48@kotak/UPI,108393050639,"15,200.60",,360465.28
09-01-2026,UPI/DR/898612037390/Kavya/SBIN/kavyapill78@okhdfcbank/UPI,701264749998,"11,200.58",,349264.70
09-01-2026,UPI/DR/087340459187/HDFC/LICI/licindia@licindia/UPI,951934242025,"5,300.00",,343964.70
10-01-2026,ATM CASH WITHDRAWAL/30825/VADODARA,633331169644,"7,000.00",,336964.70
12-01-2026,UPI/DR/143313492929/Arjun/BDBL/arjun.khanna@okicici/UPI,755856029640,"15,900.80",,321063.90
13-01-2026,POS RELIANCE PETROLEUM VADODARA,033494235944,"2,000.11",,319063.79
13-01-2026,UPI/DR/361158614275/Zepto/ICICI/zepto@apl/UPI,644311149978,"2,380.23",,316683.56
13-01-2026,UPI/DR/984924769910/Dunzo/ICICI/dunzo@razorpay/UPI,944219579954,"1,740.52",,314943.04
13-01-2026,UPI/CR/105211985295/Dinesh/PUNB/dineshnair95@okhdfcbank/UPI,296724882662,,"10,750.80",325693.84
13-01-2026,NACH/MANDATE/SIP1284522/Axis Mutual Fund,516906865705,"9,500.00",,316193.84
16-01-2026,UPI/DR/700177655275/Swiggy/ICICI/swiggy@icici/UPI,857974391221,"2,570.50",,313623.34
16-01-2026,UPI/DR/311949500659/Shweta/BARB/shweta.reddy@upi/UPI,454900751966,"6,350.23",,307273.11
16-01-2026,UPI/DR/790798009920/Uber/PAYTM/uber@paytm/UPI,398833287250,160.61,,307112.50
17-01-2026,UPI/CR/992773671693/Gaurav/UTIB/gaurav.tiwari@apl/UPI,780455034592,,"10,000.84",317113.34
17-01-2026,NEFT/N0566763976935/Maruti Suzuki India,763957235947,,"34,000.39",351113.73
18-01-2026,UPI/DR/429445900920/Uber/ICICI/uber@paytm/UPI,110858843795,"2,770.98",,348342.75
18-01-2026,UPI/DR/580992953199/Jio/PAYTM/vi@airtelaxis/UPI,632626959890,749.00,,347593.75
18-01-2026,UPI/DR/181727851088/Jio/PAYTM/vi@airtelaxis/UPI,683613416695,839.00,,346754.75
19-01-2026,UPI/DR/338634058160/Sachin/BARB/sachin.srivastava@paytm/UPI,502716456316,"14,550.22",,332204.53
19-01-2026,UPI/DR/487134369083/BESCOM/UPIN/bescompayment@upi/UPI,779587386438,"1,950.99",,330253.54
20-01-2026,UPI/DR/030820425678/Jio/PAYTM/vi@airtelaxis/UPI,357429244179,649.00,,329604.54
20-01-2026,UPI/DR/460316680287/Himanshu/BARB/himanshusaxe44@upi/UPI,526077761266,"4,500.04",,325104.50
20-01-2026,UPI/CR/992358638388/Isha/BDBL/isha836@ptsbi/UPI,544231032954,,"1,550.22",326654.72
22-01-2026,UPI/DR/890955748248/Blinkit/ICICI/blinkit@kotak/UPI,642387361264,600.49,,326054.23
22-01-2026,UPI/DR/842439728327/BSNL/RAZORPAY/broadband@paytm/UPI,995957927200,549.00,,325505.23
23-01-2026,ATM CASH WITHDRAWAL/93838/VADODARA,645092235254,"4,500.00",,321005.23
23-01-2026,UPI/DR/224857609234/PhonePe/ICICI/phonepe@ybl/UPI,770163463140,"1,740.84",,319264.39
24-01-2026,UPI/DR/055865277916/Jio/ICICI/jio@paytm/UPI,520148735644,"1,290.23",,317974.16
24-01-2026,ATM CASH WITHDRAWAL/76962/VADODARA,383796831881,"4,000.00",,313974.16
24-01-2026,UPI/DR/020552448931/Amazon/PAYTM/amazon@apl/UPI,331959249212,"3,200.61",,310773.55
24-01-2026,UPI/DR/975439243301/Jio/ICICI/jio@paytm/UPI,096097079418,"2,100.45",,308673.10
24-01-2026,POS RELIANCE MART VADODARA,538810702808,"5,250.22",,303422.88
24-01-2026,UPI/DR/863573948806/Paytm/ICICI/paytm@paytm/UPI,405056909284,440.89,,302981.99
24-01-2026,UPI/DR/796797652495/Jio/PAYTM/vi@airtelaxis/UPI,909784446407,459.00,,302522.99
24-01-2026,UPI/DR/537537984176/Jio/PAYTM/vi@airtelaxis/UPI,046630096070,189.00,,302333.99
25-01-2026,POS INDIAN OIL VADODARA,255453761386,"3,500.48",,298833.51
25-01-2026,POS SHOPPERS STOP VADODARA,807428937821,"5,300.94",,293532.57
25-01-2026,UPI/DR/951442428251/Zepto/ICICI/zepto@apl/UPI,502540186982,990.93,,292541.64
25-01-2026,UPI/DR/093667886101/Indane/ICICI/indanegas@upi/UPI,459279002389,800.17,,291741.47
26-01-2026,UPI/DR/965524574773/Pallavi/PUNB/pallavikhan11@okicici/UPI,118519536428,"12,800.33",,278941.14
26-01-2026,UPI/CR/314081627043/Asha/BDBL/asha.kulkarni@ptsbi/UPI,816067632818,,"3,850.94",282792.08
27-01-2026,UPI/CR/045887759053/Rahul/SBIN/rahul621@upi/UPI,291432270017,,"5,050.00",287842.08
28-01-2026,POS V MART VADODARA,588768834853,"5,500.04",,282342.04
28-01-2026,UPI/DR/366270139037/Flipkart/PAYTM/flipkart@ybl/UPI,973540471268,"5,850.38",,276491.66
28-01-2026,UPI/DR/447435109059/Ola/PAYTM/olamoney@ola/UPI,739431908052,400.59,,276091.07
30-01-2026,ATM CASH WITHDRAWAL/83097/VADODARA,636869450850,"10,000.00",,266091.07
31-01-2026,UPI/CR/379532538095/Rajesh/BARB/6843324595@ptaxis/UPI,329649196737,,"10,850.66",276941.73
31-01-2026,UPI/DR/102547771106/Blinkit/ICICI/blinkit@kotak/UPI,919606009459,"1,380.79",,275560.94
01-02-2026,UPI/DR/924561529326/Tarun/UCBA/tarun.jain@pthdfc/UPI,176898155443,"7,150.69",,268410.25
01-02-2026,SALARY CREDIT/S9431742867026/Bajaj Finserv Ltd,288935861927,,"122,200.42",390610.67
01-02-2026,POS STAR BAZAAR VADODARA,661814738242,"5,200.97",,385409.70
02-02-2026,UPI/CR/338333249009/Shreya/KKBK/shreya607@oksbi/UPI,141167010601,,"10,500.81",395910.51
02-02-2026,POS STAR BAZAAR VADODARA,858003026496,"7,350.28",,388560.23
02-02-2026,UPI/DR/453762500309/Paytm/ICICI/paytm@paytm/UPI,451733578079,880.53,,387679.70
03-02-2026,UPI/DR/367895757942/Radha/BKID/2290654613@kotak/UPI,793936450494,"1,750.45",,385929.25
03-02-2026,UPI/CR/358154333328/Rani/FDRL/ranimukh60@ptaxis/UPI,873975121205,,"1,800.05",387729.30
03-02-2026,NACH/MANDATE/RNT8507749/RENT MANDATE,366801198736,"11,500.00",,376229.30
04-02-2026,UPI/DR/335396283013/HDFC/LICI/licindia@licindia/UPI,562343178920,"5,300.00",,370929.30
05-02-2026,UPI/DR/319719810751/Amazon/PAYTM/amazon@apl/UPI,485619432097,"2,000.05",,368929.25
06-02-2026,UPI/DR/088945459314/Lata/KKBK/lata718@okaxis/UPI,665440046804,"8,650.98",,360278.27
07-02-2026,UPI/DR/532407790368/Rapido/PAYTM/rapido@icici/UPI,586379650716,690.47,,359587.80
07-02-2026,UPI/CR/599818177663/Vivek/FDRL/5000773538@ibl/UPI,666568014087,,"10,000.00",369587.80
07-02-2026,UPI/DR/591250302426/Jio/ICICI/jio@paytm/UPI,474878681491,"2,640.96",,366946.84
07-02-2026,UPI/DR/720020042135/Anil/UCBA/3847403874@upi/UPI,038957365145,"17,000.11",,349946.73
08-02-2026,UPI/DR/162054540154/BSNL/ICICI/bsnlbroadband@upi/UPI,752848168745,"1,080.88",,348865.85
08-02-2026,UPI/DR/018324930800/Swiggy/ICICI/swiggy@icici/UPI,357136104904,"1,890.28",,346975.57
09-02-2026,UPI/DR/979354420252/Zomato/ICICI/zomato@axisbank/UPI,678253035926,"2,270.23",,344705.34
10-02-2026,UPI/DR/641289467982/Amazon/ICICI/amazon@apl/UPI,688501769108,740.16,,343965.18
10-02-2026,ATM CASH WITHDRAWAL/61589/VADODARA,763834300906,"4,000.00",,339965.18
10-02-2026,UPI/DR/159830344229/Spotify/ICICI/spotify@icici/UPI,142207662739,549.00,,339416.18
11-02-2026,UPI/DR/638023296289/Ola/PAYTM/olamoney@ola/UPI,320914856422,100.15,,339316.03
11-02-2026,UPI/DR/351505546280/Shreya/UTIB/shreyashah92@ybl/UPI,414196195773,"20,650.16",,318665.87
12-02-2026,UPI/DR/680431362679/Ola/ICICI/olamoney@ola/UPI,378689355766,530.86,,318135.01
12-02-2026,POS SHELL FUEL STATION VADODARA,347579151849,"2,900.41",,315234.60
13-02-2026,UPI/DR/741134492019/Sneha/BKID/sneha531@okaxis/UPI,091571209051,"17,950.85",,297283.75
13-02-2026,UPI/DR/335391441147/Santosh/KKBK/0296457158@apl/UPI,000512570757,"6,650.84",,290632.91
13-02-2026,UPI/DR/157386813976/Pankaj/UCBA/pankaj145@ibl/UPI,196801413302,"11,100.48",,279532.43
14-02-2026,UPI/DR/660913941464/Sneha/UCBA/sneha291@kotak/UPI,624725695862,"9,900.23",,269632.20
14-02-2026,UPI/DR/747728724621/Flipkart/ICICI/flipkart@ybl/UPI,968672334244,"2,610.17",,267022.03
14-02-2026,NACH/MANDATE/SIP7763779/Axis Mutual Fund,075126641691,"9,500.00",,257522.03
14-02-2026,POS BHARAT PETROLEUM VADODARA,781085906718,"3,450.12",,254071.91
15-02-2026,UPI/DR/287566773838/Uber/PAYTM/uber@paytm/UPI,903909783643,80.36,,253991.55
17-02-2026,ATM CASH WITHDRAWAL/91039/VADODARA,412163001334,"1,000.00",,252991.55
17-02-2026,POS BIG BAZAAR VADODARA,728959848768,"7,600.64",,245390.91
18-02-2026,UPI/DR/652382829614/BSNL/ICICI/bsnlbroadband@upi/UPI,876060359065,"2,750.68",,242640.23
18-02-2026,POS SHELL FUEL STATION VADODARA,472057496735,"1,050.21",,241590.02
19-02-2026,UPI/DR/822708358227/BigBasket/ICICI/bigbasket@ybl/UPI,159509651574,"1,090.86",,240499.16
19-02-2026,UPI/CR/755801730509/Divya/BKID/5253506749@oksbi/UPI,661619842481,,"8,200.93",248700.09
20-02-2026,UPI/DR/413251556022/Uber/ICICI/uber@paytm/UPI,804286722931,320.39,,248379.70
21-02-2026,UPI/DR/922662694626/Ritu/UCBA/5531672835@aubank/UPI,692268564117,"14,650.62",,233729.08
21-02-2026,UPI/CR/415398504541/Rekha/PUNB/rekharedd50@ibl/UPI,816574336988,,"3,350.92",237080.00
21-02-2026,UPI/DR/843238047624/Uber/PAYTM/uber@paytm/UPI,994565345802,630.66,,236449.34
21-02-2026,UPI/DR/118347291398/Blinkit/ICICI/blinkit@kotak/UPI,466291241834,"1,110.28",,235339.06
23-02-2026,UPI/DR/682906164616/Indane/ICICI/indanegas@upi/UPI,991639434134,"1,650.63",,233688.43
23-02-2026,UPI/DR/868489754725/BESCOM/UPIN/bescompayment@upi/UPI,652097813506,"1,450.16",,232238.27
23-02-2026,UPI/DR/176483993841/Zomato/ICICI/zomato@axisbank/UPI,311261181343,220.83,,232017.44
24-02-2026,UPI/DR/267468675611/Shivam/KKBK/3322401222@paytm/UPI,218887573582,"12,850.30",,219167.14
24-02-2026,UPI/DR/326474505210/Zepto/ICICI/zepto@apl/UPI,744122608645,840.37,,218326.77
24-02-2026,UPI/DR/546762139276/Zepto/ICICI/zepto@apl/UPI,302192672393,"1,290.13",,217036.64
24-02-2026,UPI/CR/614986075094/Naveen/BKID/naveen724@ybl/UPI,146830855420,,"20,750.81",237787.45
25-02-2026,UPI/DR/497276547967/Jio/PAYTM/vi@airtelaxis/UPI,788097887765,369.00,,237418.45
25-02-2026,UPI/DR/743225172061/Nisha/KKBK/4826969601@paytm/UPI,042329619186,"5,600.32",,231818.13
27-02-2026,UPI/DR/871230091935/Ola/ICICI/olamoney@ola/UPI,424156924763,"1,760.55",,230057.58
27-02-2026,IMPS-131208844259-Ashish Jain,899894957459,"21,800.44",,208257.14
28-02-2026,UPI/DR/903094390598/Zomato/ICICI/zomato@axisbank/UPI,094631973260,"1,170.48",,207086.66
28-02-2026,UPI/DR/887305283346/Saurabh/BARB/saurabh.rao@ptyes/UPI,517469128285,"21,050.17",,186036.49
01-03-2026,POS HP PETROL PUMP VADODARA,947063445965,"1,450.02",,184586.47
01-03-2026,SALARY CREDIT/S6982718279913/Bajaj Finserv Ltd,991699551658,,"124,169.42",308755.89
01-03-2026,POS MAX FASHION VADODARA,542359416046,"5,600.75",,303155.14
01-03-2026,UPI/DR/960131777001/Ola/PAYTM/olamoney@ola/UPI,353994985931,90.34,,303064.80
01-03-2026,UPI/DR/797887188696/Jio/PAYTM/vi@airtelaxis/UPI,241916113326,799.00,,302265.80
02-03-2026,UPI/DR/379321070416/Netmeds/ICICI/netmeds@paytm/UPI,137272503259,"3,200.20",,299065.60
02-03-2026,UPI/CR/813884028219/Maya/BDBL/maya462@upi/UPI,533961531566,,"8,900.86",307966.46
02-03-2026,UPI/DR/675866830202/Varsha/PUNB/varsha459@axl/UPI,524271759100,"6,000.08",,301966.38
02-03-2026,UPI/DR/780004250577/Mahesh/BKID/maheshgupt31@aubank/UPI,149244384531,350.89,,301615.49
03-03-2026,POS CENTRAL MALL VADODARA,438226289995,"8,500.09",,293115.40
03-03-2026,NACH/MANDATE/RNT0561124/RENT MANDATE,831956513263,"11,500.00",,281615.40
05-03-2026,ATM CASH WITHDRAWAL/99679/VADODARA,813871054203,"4,000.00",,277615.40
05-03-2026,UPI/DR/274411945697/Amazon/ICICI/amazon@apl/UPI,532651868213,130.01,,277485.39
05-03-2026,UPI/CR/998623919450/Varsha/KKBK/varsha479@okhdfcbank/UPI,059336560029,,"1,150.57",278635.96
05-03-2026,UPI/DR/947535757649/Ola/PAYTM/olamoney@ola/UPI,303351433746,130.45,,278505.51
06-03-2026,UPI/CR/893883125242/Prashant/HDFC/prashant.malhotra@ptaxis/UPI,889760047121,,"2,100.13",280605.64
06-03-2026,POS SHOPPERS STOP VADODARA,688077399930,"4,550.83",,276054.81
06-03-2026,UPI/DR/859016608929/Uber/PAYTM/uber@paytm/UPI,954791971720,820.00,,275234.81
07-03-2026,ATM CASH WITHDRAWAL/94734/VADODARA,567640686777,"5,000.00",,270234.81
07-03-2026,UPI/DR/826699488304/Flipkart/PAYTM/flipkart@ybl/UPI,894894089549,900.96,,269333.85
08-03-2026,UPI/DR/429124662750/HDFC/LICI/licindia@licindia/UPI,845917316464,"5,300.00",,264033.85
09-03-2026,UPI/CR/043815853919/Sunita/FDRL/sunita642@paytm/UPI,422554776164,,"9,850.31",273884.16
09-03-2026,UPI/DR/338609423669/Nykaa/ICICI/nykaa@razorpay/UPI,986305432085,699.00,,273185.16
10-03-2026,POS RELIANCE MART VADODARA,656255463124,"6,950.20",,266234.96
10-03-2026,UPI/DR/369690262184/Tarun/BARB/tarun.dubey@ibl/UPI,534924273767,"3,950.45",,262284.51
10-03-2026,POS VISHAL MEGA MART VADODARA,852460708584,"6,750.31",,255534.20
11-03-2026,UPI/DR/701239445848/BESCOM/UPIN/bescompayment@upi/UPI,095347932546,"3,850.18",,251684.02
12-03-2026,UPI/DR/941706620920/BSNL/RAZORPAY/broadband@paytm/UPI,237412395632,449.00,,251235.02
12-03-2026,UPI/DR/837652586308/BSNL/ICICI/bsnlbroadband@upi/UPI,597562583479,"1,520.74",,249714.28
13-03-2026,UPI/CR/521374789282/Divya/KKBK/9496663848@axl/UPI,120175219971,,"1,100.98",250815.26
14-03-2026,UPI/DR/044806732843/Ola/PAYTM/olamoney@ola/UPI,288343053352,470.97,,250344.29
14-03-2026,UPI/DR/775284648445/Jio/PAYTM/vi@airtelaxis/UPI,688560622570,589.00,,249755.29
14-03-2026,UPI/DR/717000743849/Jio/PAYTM/vi@airtelaxis/UPI,991369610670,789.00,,248966.29
15-03-2026,NACH/MANDATE/SIP8503724/Axis Mutual Fund,786430030919,"9,500.00",,239466.29
15-03-2026,UPI/CR/525146424451/Shreya/FDRL/shreya.joshi@ptyes/UPI,504349906493,,"13,050.15",252516.44
16-03-2026,UPI/DR/448187152545/Jio/PAYTM/vi@airtelaxis/UPI,808684409972,629.00,,251887.44
16-03-2026,UPI/DR/116760154905/PhonePe/ICICI/phonepe@ybl/UPI,849552067416,620.85,,251266.59
16-03-2026,UPI/DR/355989090503/Poonam/KKBK/poonam.chopra@ybl/UPI,873817312585,"4,400.78",,246865.81
16-03-2026,UPI/CR/666692791599/Saurabh/BARB/4797688925@oksbi/UPI,230966247253,,"4,450.25",251316.06
17-03-2026,IMPS-786622028577-Kunal Gupta,785702380533,"16,600.53",,234715.53
17-03-2026,POS SHELL FUEL STATION VADODARA,109859809150,"4,100.79",,230614.74
17-03-2026,UPI/DR/344507653240/Ritu/SBIN/8332874883@okhdfcbank/UPI,137515923532,"20,550.76",,210063.98
17-03-2026,UPI/DR/818716052706/Ola/PAYTM/olamoney@ola/UPI,561059814415,680.37,,209383.61
18-03-2026,POS VISHAL MEGA MART VADODARA,448223915462,"8,200.78",,201182.83
18-03-2026,ATM CASH WITHDRAWAL/45221/VADODARA,993595657137,"10,000.00",,191182.83
19-03-2026,UPI/DR/211267375922/Suresh/HDFC/1202925639@ptsbi/UPI,182480995945,"4,250.99",,186931.84
19-03-2026,UPI/DR/509053461602/Flipkart/ICICI/flipkart@ybl/UPI,803048272204,"1,360.24",,185571.60
20-03-2026,POS BRAND FACTORY VADODARA,025497217294,"4,300.02",,181271.58
20-03-2026,ATM CASH WITHDRAWAL/81248/VADODARA,807034528741,"9,000.00",,172271.58
20-03-2026,POS RELIANCE PETROLEUM VADODARA,004832027514,"2,700.02",,169571.56
21-03-2026,UPI/DR/249020858483/Meesho/PAYTM/meesho@ybl/UPI,532330788546,750.35,,168821.21
21-03-2026,UPI/DR/307009934602/Neha/PUNB/nehatiwa90@ptaxis/UPI,593586853126,"20,700.58",,148120.63
21-03-2026,UPI/DR/442292840197/Indane/ICICI/indanegas@upi/UPI,780068164352,"1,600.20",,146520.43
21-03-2026,POS SHOPPERS STOP VADODARA,277134791478,"2,300.96",,144219.47
22-03-2026,UPI/DR/812241888368/Myntra/PAYTM/myntra@ybl/UPI,894403624549,"4,000.66",,140218.81
22-03-2026,UPI/CR/848939391481/Ajay/FDRL/ajay175@ibl/UPI,287899927327,,"7,000.22",147219.03
23-03-2026,UPI/DR/787706745985/Siddharth/SBIN/siddharth.roy@ptsbi/UPI,879333586097,"4,000.90",,143218.13
23-03-2026,UPI/DR/763016152275/Rohit/FDRL/rohitverm53@ptaxis/UPI,485843491034,"11,950.58",,131267.55
25-03-2026,INTEREST CREDIT,031079237538,,"1,015.92",132283.47
26-03-2026,UPI/DR/344653456316/Abhishek/BARB/abhishekredd40@oksbi/UPI,590645416409,"20,300.38",,111983.09
26-03-2026,UPI/CR/061207812942/Renu/BARB/renu421@upi/UPI,305188896883,,"2,100.44",114083.53
28-03-2026,UPI/DR/783242881434/Ajay/BKID/ajayahuj31@ptsbi/UPI,237315685567,"4,500.76",,109582.77
29-03-2026,UPI/DR/483257173239/Paytm/ICICI/paytm@paytm/UPI,262089437565,"2,410.84",,107171.93
29-03-2026,UPI/DR/673176784377/Rapido/PAYTM/rapido@icici/UPI,175453554660,540.75,,106631.18
29-03-2026,UPI/DR/297691700488/Jio/PAYTM/vi@airtelaxis/UPI,418582233812,249.00,,106382.18
29-03-2026,UPI/DR/094411846461/Isha/FDRL/isha604@okaxis/UPI,351143451541,"12,100.29",,94281.89
29-03-2026,ATM CASH WITHDRAWAL/37697/VADODARA,639243280813,"4,000.00",,90281.89
30-03-2026,UPI/DR/958532822653/Paytm/ICICI/paytm@paytm/UPI,042785796002,"2,230.28",,88051.61
30-03-2026,ATM CASH WITHDRAWAL/74887/VADODARA,332695209427,"8,500.00",,79551.61
30-03-2026,UPI/DR/660500537249/Dunzo/ICICI/dunzo@razorpay/UPI,724713327418,"1,150.58",,78401.03
31-03-2026,UPI/DR/026809820096/PhonePe/ICICI/phonepe@ybl/UPI,816344279232,"2,050.54",,76350.49
01-04-2026,UPI/DR/302016714445/PhonePe/ICICI/phonepe@ybl/UPI,263880448323,480.67,,75869.82
02-04-2026,UPI/DR/210678337085/Dunzo/ICICI/dunzo@razorpay/UPI,749302827063,"1,230.09",,74639.73
03-04-2026,SALARY CREDIT/S3910954312552/Bajaj Finserv Ltd,108841621037,,"120,914.42",195554.15
03-04-2026,UPI/DR/127718349076/Blinkit/ICICI/blinkit@kotak/UPI,026923640235,"1,050.11",,194504.04
03-04-2026,POS CENTRAL MALL VADODARA,880486354879,"6,350.04",,188154.00
03-04-2026,POS SHELL FUEL STATION VADODARA,361267545960,"3,600.99",,184553.01
07-04-2026,UPI/DR/002675313826/Nykaa/PAYTM/nykaa@razorpay/UPI,411131422160,"3,950.76",,180602.25
07-04-2026,UPI/DR/003257922916/Blinkit/ICICI/blinkit@kotak/UPI,586004255255,"2,210.74",,178391.51
07-04-2026,POS CENTRAL MALL VADODARA,794742693012,"5,700.87",,172690.64
07-04-2026,UPI/DR/113302747190/Ola/PAYTM/olamoney@ola/UPI,277360925571,170.83,,172519.81
08-04-2026,UPI/DR/054526315286/Archana/BKID/archana410@apl/UPI,749529367148,"15,550.99",,156968.82
08-04-2026,NACH/MANDATE/RNT6210021/RENT MANDATE,138038149104,"11,500.00",,145468.82
08-04-2026,UPI/DR/964519913848/Jio/PAYTM/vi@airtelaxis/UPI,239636269743,759.00,,144709.82
09-04-2026,POS BHARAT PETROLEUM VADODARA,555175453598,"1,800.93",,142908.89
09-04-2026,UPI/DR/567241076849/Uber/PAYTM/uber@paytm/UPI,446088454309,90.40,,142818.49
09-04-2026,UPI/DR/959857570100/HDFC/LICI/licindia@licindia/UPI,181082846482,"5,300.00",,137518.49
10-04-2026,NEFT/N0591894491507/Bajaj Auto Ltd,352766708400,,"19,000.39",156518.88
10-04-2026,UPI/DR/733044289522/Flipkart/ICICI/flipkart@ybl/UPI,162190115802,"1,740.11",,154778.77
11-04-2026,UPI/CR/123090758948/Shreya/BDBL/4576325082@oksbi/UPI,575446812836,,"3,450.75",158229.52
11-04-2026,UPI/CR/433766549358/Kamal/BARB/kamal417@axl/UPI,443593885809,,"20,500.09",178729.61
12-04-2026,UPI/DR/755886019027/Zomato/ICICI/zomato@axisbank/UPI,964755663448,"2,070.74",,176658.87
14-04-2026,POS HP PETROL PUMP VADODARA,409839531223,"2,500.98",,174157.89
14-04-2026,UPI/DR/041330101487/Jio/ICICI/jio@paytm/UPI,332757537603,"2,210.42",,171947.47
14-04-2026,UPI/DR/147744833012/Rapido/PAYTM/rapido@icici/UPI,589582168128,600.66,,171346.81
14-04-2026,UPI/CR/918506819259/Saurabh/BDBL/saurabhsen94@ybl/UPI,976518687165,,900.83,172247.64
14-04-2026,UPI/DR/487372438533/Apollo/ICICI/apollopharmacy@ybl/UPI,981737381168,599.00,,171648.64
14-04-2026,UPI/DR/195837611020/BSNL/RAZORPAY/broadband@paytm/UPI,747071962110,399.00,,171249.64
15-04-2026,NACH/MANDATE/SIP6161007/Axis Mutual Fund,826748367414,"9,500.00",,161749.64
15-04-2026,UPI/DR/096095025296/BSNL/ICICI/bsnlbroadband@upi/UPI,874822126085,550.23,,161199.41
15-04-2026,UPI/DR/441441416748/Sapna/BDBL/4518795387@paytm/UPI,300431234608,"11,450.24",,149749.17
16-04-2026,UPI/DR/975118101391/BESCOM/UPIN/bescompayment@upi/UPI,100695508251,"3,950.96",,145798.21
17-04-2026,POS MAX FASHION VADODARA,587643605932,"4,800.40",,140997.81
17-04-2026,UPI/DR/669296482995/Uber/PAYTM/uber@paytm/UPI,875953719136,260.45,,140737.36
17-04-2026,UPI/DR/552863486225/Jio/ICICI/jio@paytm/UPI,466947759361,"1,660.29",,139077.07
18-04-2026,IMPS-362667467132-Gaurav Joshi,589817730545,"20,600.81",,118476.26
18-04-2026,UPI/CR/751070697810/Kavya/BKID/kavyadube69@oksbi/UPI,450987762689,,"17,150.79",135627.05
18-04-2026,UPI/DR/704354464535/Paytm/ICICI/paytm@paytm/UPI,028029397285,660.04,,134967.01
19-04-2026,ATM CASH WITHDRAWAL/35192/VADODARA,448466493040,"7,000.00",,127967.01
20-04-2026,UPI/DR/467810625163/1mg/ICICI/tatahealth@icici/UPI,248914584832,"2,520.97",,125446.04
20-04-2026,UPI/DR/723438427541/Amit/KKBK/amitdas31@oksbi/UPI,662022076673,"15,150.08",,110295.96
20-04-2026,UPI/DR/818874956773/Jio/PAYTM/vi@airtelaxis/UPI,767538056681,179.00,,110116.96
21-04-2026,POS RELIANCE MART VADODARA,140717028166,"4,400.97",,105715.99
21-04-2026,UPI/CR/729114589343/Amit/BARB/amitbose19@oksbi/UPI,133010176777,,"10,200.69",115916.68
22-04-2026,UPI/DR/529313287706/Zepto/ICICI/zepto@apl/UPI,917953921712,350.68,,115566.00
22-04-2026,UPI/CR/890295364847/Tarun/HDFC/tarun993@ptyes/UPI,883191318113,,"6,650.53",122216.53
22-04-2026,UPI/CR/843795277036/Rajan/FDRL/rajan984@ptaxis/UPI,628624539737,,650.44,122866.97
23-04-2026,ATM CASH WITHDRAWAL/96769/VADODARA,003563024364,"8,000.00",,114866.97
23-04-2026,UPI/DR/421287629245/Indane/ICICI/indanegas@upi/UPI,549155936960,"2,400.25",,112466.72
25-04-2026,UPI/DR/572434510613/BigBasket/ICICI/bigbasket@ybl/UPI,021079478137,"2,190.10",,110276.62
26-04-2026,UPI/DR/075057057457/Zomato/ICICI/zomato@axisbank/UPI,436145237033,"1,080.12",,109196.50
27-04-2026,UPI/DR/964410950882/BSNL/ICICI/bsnlbroadband@upi/UPI,459031515351,560.56,,108635.94
28-04-2026,UPI/DR/447930209361/Flipkart/ICICI/flipkart@ybl/UPI,159456504163,"2,410.75",,106225.19
28-04-2026,UPI/DR/049969870821/Jio/ICICI/jio@paytm/UPI,911687649907,"1,610.42",,104614.77
28-04-2026,ATM CASH WITHDRAWAL/62068/VADODARA,324688332416,"1,500.00",,103114.77
28-04-2026,UPI/DR/787020255833/Flipkart/PAYTM/flipkart@ybl/UPI,503672311864,"2,800.19",,100314.58
29-04-2026,UPI/DR/360467048945/Dunzo/ICICI/dunzo@razorpay/UPI,891697157807,"2,200.06",,98114.52
29-04-2026,IMPS-268124957831-Meena Shukla,229909785052,"12,900.00",,85214.52
29-04-2026,UPI/DR/464828644045/BSNL/ICICI/bsnlbroadband@upi/UPI,391103267579,"2,110.45",,83104.07
29-04-2026,POS BHARAT PETROLEUM VADODARA,065865360980,"3,200.07",,79904.00
30-04-2026,UPI/DR/848447131275/Ritu/BKID/ritu.bose@ibl/UPI,659871515823,"21,650.62",,58253.38
01-05-2026,ATM CASH WITHDRAWAL/88609/VADODARA,507570501751,"9,500.00",,48753.38
01-05-2026,ATM CASH WITHDRAWAL/80876/VADODARA,125912585959,"8,000.00",,40753.38
01-05-2026,POS MAX FASHION VADODARA,502690065578,"3,300.54",,37452.84
01-05-2026,ATM CASH WITHDRAWAL/66487/VADODARA,246155237464,"1,500.00",,35952.84
01-05-2026,POS METRO CASH CARRY VADODARA,699697523254,"1,450.73",,34502.11
02-05-2026,UPI/DR/762223517512/Uber/ICICI/uber@paytm/UPI,900807018187,"1,000.54",,33501.57
02-05-2026,POS BIG BAZAAR VADODARA,994446671434,"2,900.92",,30600.65
02-05-2026,POS STAR BAZAAR VADODARA,750264552158,"6,000.62",,24600.03
02-05-2026,SALARY CREDIT/S5160774604744/Bajaj Finserv Ltd,710456751819,,"123,799.42",148399.45
03-05-2026,UPI/CR/739487293195/Ajay/UTIB/0658103248@ptyes/UPI,288442680527,,"4,950.39",153349.84
03-05-2026,NACH/MANDATE/RNT1135605/RENT MANDATE,965505939361,"11,500.00",,141849.84
03-05-2026,UPI/DR/437981858083/Rapido/PAYTM/rapido@icici/UPI,257920338814,750.80,,141099.04
05-05-2026,POS SHELL FUEL STATION VADODARA,977000788552,"3,050.29",,138048.75
07-05-2026,UPI/DR/438020855365/Sanjay/SBIN/7532564744@aubank/UPI,348677164471,"17,650.10",,120398.65
07-05-2026,UPI/CR/089930195905/Rohit/SBIN/rohit143@kotak/UPI,716882400464,,"21,250.47",141649.12
09-05-2026,UPI/DR/849826243225/Amazon/ICICI/amazon@apl/UPI,179624804125,"2,730.98",,138918.14
