Bank Name,BANDHAN BANK LIMITED
Account Number,64062840118450
Account Holder Name,REKHA NAIK
Branch,ROHINI SECTOR 10
IFSC Code,BDBL0446123
Statement Period,01-12-2024 To 09-05-2026

Date,Description,Ref/ChequeNo,Debit,Credit,Balance
01-Dec-2024,UPI/CR/509845803151/Sushma/SBIN/sushma965@pthdfc/UPI,642330646041,,"20,950.12",858547.44
01-Dec-2024,ATM CASH WITHDRAWAL/48137/PATNA,810678866123,"3,500.00",,855047.44
02-Dec-2024,ATM CASH WITHDRAWAL/13177/PATNA,905089986943,"2,000.00",,853047.44
02-Dec-2024,UPI/DR/015231271337/Jio/PAYTM/airtel@axis/UPI,164499488093,819.00,,852228.44
03-Dec-2024,UPI/DR/899708128366/Himanshu/BDBL/himanshuchat49@okhdfcbank/UPI,736259500526,"15,400.56",,836827.88
04-Dec-2024,SALARY CREDIT/S3556298840158/Raymond Ltd,803535099748,,"91,980.19",928808.07
05-Dec-2024,UPI/DR/973892314981/BSNL/ICICI/bsnlbroadband@upi/UPI,419724893981,400.69,,928407.38
06-Dec-2024,POS V MART PATNA,892183101745,"4,550.90",,923856.48
06-Dec-2024,UPI/CR/352792853687/Abhishek/UCBA/abhishekdesa79@pthdfc/UPI,436708307425,,"1,500.18",925356.66
07-Dec-2024,UPI/DR/115697864048/Jio/PAYTM/airtel@axis/UPI,670686740627,989.00,,924367.66
07-Dec-2024,UPI/DR/041694458395/Uber/PAYTM/uber@paytm/UPI,315880160808,700.17,,923667.49
08-Dec-2024,UPI/CR/675709922689/Priya/SBIN/priya379@okhdfcbank/UPI,538684125303,,"11,250.63",934918.12
08-Dec-2024,UPI/CR/664963154913/Siddharth/KKBK/siddharth.ghosh@apl/UPI,621471857470,,"12,600.36",947518.48
08-Dec-2024,NACH/MANDATE/RNT6777055/RENT MANDATE,860718784916,"9,000.00",,938518.48
09-Dec-2024,UPI/DR/549211566784/Bajaj/LICI/licindia@licindia/UPI,227106939988,"6,500.00",,932018.48
09-Dec-2024,NEFT/N5209608049825/Bajaj Auto Ltd,372420109547,,"8,500.91",940519.39
10-Dec-2024,UPI/DR/424468810055/MSEDCL/UPIN/msedclpayment@upi/UPI,883103440987,"2,950.62",,937568.77
10-Dec-2024,ATM CASH WITHDRAWAL/03312/PATNA,008582350271,"4,500.00",,933068.77
11-Dec-2024,POS MAX FASHION PATNA,190665228495,"8,400.10",,924668.67
12-Dec-2024,UPI/DR/744325478152/Swiggy/ICICI/swiggy@icici/UPI,764587513970,950.52,,923718.15
12-Dec-2024,UPI/DR/932298683756/1mg/ICICI/tatahealth@icici/UPI,678776302905,"3,320.34",,920397.81
12-Dec-2024,UPI/DR/448806599269/Varun/BDBL/varunahuj14@okhdfcbank/UPI,997047950899,"12,850.93",,907546.88
13-Dec-2024,NACH/MANDATE/SIP4523301/Axis Mutual Fund,114749690374,"6,000.00",,901546.88
15-Dec-2024,UPI/DR/026482582126/Rapido/PAYTM/rapido@icici/UPI,168332883092,530.97,,901015.91
16-Dec-2024,IMPS-406777729456-Vijay Sharma,562803219579,"2,600.17",,898415.74
16-Dec-2024,POS SHELL FUEL STATION PATNA,196436191930,"1,550.70",,896865.04
16-Dec-2024,UPI/DR/532045782584/Rani/PUNB/rani610@okhdfcbank/UPI,263068664553,"20,450.99",,876414.05
17-Dec-2024,UPI/DR/835746910531/MakeMyTrip/ICICI/makemytrip@axisbank/UPI,826994154748,949.00,,875465.05
17-Dec-2024,UPI/DR/605136542369/Neha/BARB/neha613@kotak/UPI,754429871630,"4,450.57",,871014.48
17-Dec-2024,UPI/DR/051837771768/Jio/PAYTM/airtel@axis/UPI,839886676319,829.00,,870185.48
18-Dec-2024,UPI/CR/178634735808/Ravi/BARB/ravi.mehta@kotak/UPI,426492398448,,"6,150.02",876335.50
19-Dec-2024,UPI/CR/895691084773/Rahul/BARB/rahul.saxena@ibl/UPI,242481018671,,"2,500.66",878836.16
19-Dec-2024,UPI/DR/239560555206/Indane/ICICI/indanegas@upi/UPI,238854636751,"1,600.67",,877235.49
19-Dec-2024,UPI/DR/370747082204/Poonam/BKID/poonamkulk80@ibl/UPI,848726345037,400.65,,876834.84
19-Dec-2024,UPI/DR/540784996760/Sumit/KKBK/sumit.rao@okaxis/UPI,542472262657,"6,700.19",,870134.65
20-Dec-2024,ATM CASH WITHDRAWAL/04507/PATNA,581877239107,"5,500.00",,864634.65
20-Dec-2024,UPI/CR/496525959035/Gopal/KKBK/gopal426@okicici/UPI,021862096329,,"20,850.52",885485.17
21-Dec-2024,UPI/DR/459458202531/Jio/ICICI/jio@paytm/UPI,346069891436,"2,260.26",,883224.91
22-Dec-2024,UPI/CR/962771847581/Sunil/BKID/1332690492@okhdfcbank/UPI,877698332490,,"2,500.75",885725.66
22-Dec-2024,POS BHARAT PETROLEUM PATNA,989264779020,950.76,,884774.90
22-Dec-2024,UPI/DR/585480347671/Gaurav/SBIN/gauravverm51@ptyes/UPI,577643372063,"11,100.94",,873673.96
22-Dec-2024,UPI/CR/722375650016/Siddharth/KKBK/siddharth.bajaj@pthdfc/UPI,223417754875,,"11,450.36",885124.32
23-Dec-2024,UPI/DR/176702622670/ACT/RAZORPAY/broadband@paytm/UPI,322383033485,499.00,,884625.32
23-Dec-2024,UPI/DR/640024417971/Arun/PUNB/9983619108@okaxis/UPI,404414578127,"2,150.05",,882475.27
24-Dec-2024,UPI/DR/105326617569/Swiggy/ICICI/swiggy@icici/UPI,994153261134,"1,520.19",,880955.08
24-Dec-2024,UPI/DR/923829478734/Rapido/PAYTM/rapido@icici/UPI,902960958458,860.07,,880095.01
25-Dec-2024,UPI/DR/899734976589/Uber/PAYTM/uber@paytm/UPI,328091259393,570.64,,879524.37
25-Dec-2024,UPI/DR/562384294349/Mamta/BKID/mamta.ahuja@paytm/UPI,623077674192,"15,250.87",,864273.50
25-Dec-2024,UPI/DR/437785105506/Swiggy/ICICI/swiggy@icici/UPI,010910746128,290.20,,863983.30
25-Dec-2024,ATM CASH WITHDRAWAL/90038/PATNA,643161694583,"5,500.00",,858483.30
25-Dec-2024,POS BHARAT PETROLEUM PATNA,297733438616,"4,200.24",,854283.06
26-Dec-2024,UPI/DR/639959856387/Uber/ICICI/uber@paytm/UPI,066331536292,120.61,,854162.45
26-Dec-2024,UPI/DR/387386405369/Zomato/ICICI/zomato@axisbank/UPI,503055529478,590.27,,853572.18
27-Dec-2024,UPI/DR/117781936874/Paytm/ICICI/paytm@paytm/UPI,235033086947,"2,120.70",,851451.48
27-Dec-2024,UPI/CR/562305320845/Vivek/UTIB/vivekshar49@paytm/UPI,405793588226,,"12,500.00",863951.48
28-Dec-2024,UPI/DR/096542437526/Flipkart/PAYTM/flipkart@ybl/UPI,275280957074,"4,100.57",,859850.91
28-Dec-2024,POS SHELL FUEL STATION PATNA,946014153896,"3,350.43",,856500.48
28-Dec-2024,INTEREST CREDIT,823843623050,,"1,045.26",857545.74
29-Dec-2024,UPI/DR/336513821843/Varun/HDFC/varun350@pthdfc/UPI,082296325427,"18,150.57",,839395.17
29-Dec-2024,UPI/CR/969090115437/Vishal/HDFC/8759997610@axl/UPI,769051975119,,"7,350.18",846745.35
29-Dec-2024,POS D MART PATNA,028492598102,"6,700.44",,840044.91
29-Dec-2024,UPI/DR/348995618046/Uber/PAYTM/uber@paytm/UPI,677314159904,190.63,,839854.28
29-Dec-2024,UPI/DR/161761611791/Sanjay/SBIN/sanjay211@pthdfc/UPI,312149153303,"2,900.94",,836953.34
29-Dec-2024,UPI/DR/225801188047/Zomato/ICICI/zomato@axisbank/UPI,537646858463,"1,210.90",,835742.44
29-Dec-2024,POS STAR BAZAAR PATNA,555007915281,"5,300.77",,830441.67
01-Jan-2025,POS RELIANCE PETROLEUM PATNA,777242318040,"2,050.14",,828391.53
01-Jan-2025,UPI/DR/493029410145/Uber/ICICI/uber@paytm/UPI,144740949289,560.18,,827831.35
01-Jan-2025,UPI/DR/590058736447/Ola/PAYTM/olamoney@ola/UPI,226229572818,450.12,,827381.23
01-Jan-2025,UPI/CR/039327420568/Meena/FDRL/meena328@apl/UPI,699872919204,,"8,200.99",835582.22
02-Jan-2025,UPI/DR/150166751012/Jio/PAYTM/airtel@axis/UPI,225093974905,769.00,,834813.22
02-Jan-2025,UPI/CR/716937220472/Kapil/SBIN/kapilbaja89@oksbi/UPI,098177311788,,"3,750.33",838563.55
02-Jan-2025,ATM CASH WITHDRAWAL/56504/PATNA,933942496587,"8,500.00",,830063.55
03-Jan-2025,UPI/CR/988946711809/Vikas/BDBL/vikasrao68@aubank/UPI,908025370424,,"14,750.93",844814.48
03-Jan-2025,UPI/DR/958781210485/Shreya/UTIB/shreya241@paytm/UPI,923560026514,"7,950.55",,836863.93
04-Jan-2025,UPI/DR/932085044459/Uber/ICICI/uber@paytm/UPI,513729131304,"2,750.60",,834113.33
04-Jan-2025,UPI/DR/256812317341/BigBasket/ICICI/bigbasket@ybl/UPI,826759290878,"1,600.85",,832512.48
04-Jan-2025,SALARY CREDIT/S7094070732849/Raymond Ltd,160319021378,,"90,093.19",922605.67
05-Jan-2025,UPI/DR/759383499654/Lata/HDFC/latashuk79@okicici/UPI,595014093633,"8,350.52",,914255.15
06-Jan-2025,UPI/DR/592025981590/Tarun/UTIB/5364735558@oksbi/UPI,869208299202,"20,850.22",,893404.93
06-Jan-2025,UPI/CR/298272529532/Arjun/PUNB/9780718860@oksbi/UPI,775980202886,,"7,800.11",901205.04
06-Jan-2025,NEFT/N8731703080808/Maruti Suzuki India,113558647625,,"20,000.12",921205.16
07-Jan-2025,UPI/DR/326279431242/Blinkit/ICICI/blinkit@kotak/UPI,506037028874,"1,360.53",,919844.63
07-Jan-2025,POS BIG BAZAAR PATNA,108227524272,"5,550.01",,914294.62
07-Jan-2025,UPI/DR/965779014286/Paytm/ICICI/paytm@paytm/UPI,770586612509,"1,610.96",,912683.66
08-Jan-2025,UPI/DR/094008684504/BigBasket/ICICI/bigbasket@ybl/UPI,622897046407,"1,260.34",,911423.32
08-Jan-2025,NACH/MANDATE/RNT3212670/RENT MANDATE,469030767658,"9,000.00",,902423.32
08-Jan-2025,UPI/DR/951620207284/Uber/PAYTM/uber@paytm/UPI,038266163404,680.89,,901742.43
09-Jan-2025,POS MORE SUPER MARKET PATNA,500616981586,400.54,,901341.89
09-Jan-2025,UPI/DR/861839899146/Meesho/PAYTM/meesho@ybl/UPI,586078910881,"5,200.52",,896141.37
09-Jan-2025,POS BIG BAZAAR PATNA,994519971080,"1,850.56",,894290.81
10-Jan-2025,UPI/DR/711183105039/Zomato/ICICI/zomato@axisbank/UPI,900454381964,"1,770.72",,892520.09
11-Jan-2025,UPI/DR/185062284107/Amit/KKBK/amitbaja48@okhdfcbank/UPI,943908717198,"4,700.32",,887819.77
11-Jan-2025,UPI/DR/755203014343/Amazon/ICICI/amazon@apl/UPI,962005808429,"1,970.69",,885849.08
12-Jan-2025,UPI/DR/795362366330/Zepto/ICICI/zepto@apl/UPI,631200486800,"1,170.61",,884678.47
12-Jan-2025,UPI/CR/590022248501/Sonia/SBIN/9850406432@okicici/UPI,016169551702,,"12,450.65",897129.12
13-Jan-2025,UPI/DR/282313332529/Rapido/PAYTM/rapido@icici/UPI,446920619178,520.13,,896608.99
14-Jan-2025,UPI/CR/847191695873/Gopal/BARB/gopal.desai@axl/UPI,592443012235,,"4,100.47",900709.46
14-Jan-2025,UPI/DR/545419828811/Anil/KKBK/5524611795@ptaxis/UPI,738806747833,"6,800.53",,893908.93
15-Jan-2025,UPI/CR/620594603599/Kapil/UTIB/kapilchop29@apl/UPI,332603362641,,"16,750.26",910659.19
15-Jan-2025,UPI/DR/128449650580/Rajan/HDFC/rajan991@ptsbi/UPI,627289903048,"20,850.78",,889808.41
15-Jan-2025,UPI/DR/436816408642/Blinkit/ICICI/blinkit@kotak/UPI,942543428546,660.41,,889148.00
16-Jan-2025,UPI/DR/159086987670/Jio/PAYTM/airtel@axis/UPI,543530225225,469.00,,888679.00
16-Jan-2025,UPI/CR/135861425699/Vishal/KKBK/vishal.chatterjee@axl/UPI,990133573853,,"14,950.21",903629.21
16-Jan-2025,UPI/DR/241437563414/Uber/ICICI/uber@paytm/UPI,041618037681,540.16,,903089.05
16-Jan-2025,UPI/DR/183781673320/Ola/ICICI/olamoney@ola/UPI,045257407913,"2,740.63",,900348.42
16-Jan-2025,POS BHARAT PETROLEUM PATNA,818607338604,"4,150.39",,896198.03
17-Jan-2025,UPI/CR/354830066039/Vishal/SBIN/vishalkuma24@okhdfcbank/UPI,531265225067,,350.21,896548.24
17-Jan-2025,NACH/MANDATE/SIP9969486/Axis Mutual Fund,741976773796,"6,000.00",,890548.24
18-Jan-2025,UPI/DR/109816489140/ACT/RAZORPAY/broadband@paytm/UPI,874807508852,"1,099.00",,889449.24
19-Jan-2025,UPI/DR/060773688865/Vijay/UTIB/vijaymalh12@apl/UPI,094659992339,"2,750.51",,886698.73
20-Jan-2025,UPI/DR/037218243691/Indane/ICICI/indanegas@upi/UPI,142359008972,"2,500.51",,884198.22
21-Jan-2025,UPI/DR/339516947532/Ola/PAYTM/olamoney@ola/UPI,577027286856,240.81,,883957.41
21-Jan-2025,UPI/DR/289103021626/Blinkit/ICICI/blinkit@kotak/UPI,700855351857,"1,000.71",,882956.70
23-Jan-2025,POS BHARAT PETROLEUM PATNA,484409494918,"2,250.16",,880706.54
23-Jan-2025,UPI/DR/631817303734/PhonePe/ICICI/phonepe@ybl/UPI,633074799216,"1,830.51",,878876.03
23-Jan-2025,UPI/CR/836577821465/Pooja/BDBL/8722693853@oksbi/UPI,231491529192,,"8,350.64",887226.67
23-Jan-2025,UPI/DR/990528452766/Mukesh/SBIN/mukeshahuj65@ptyes/UPI,326488773505,"4,500.40",,882726.27
23-Jan-2025,UPI/DR/169333805888/MSEDCL/UPIN/msedclpayment@upi/UPI,782256418432,850.00,,881876.27
24-Jan-2025,UPI/DR/880803187939/Pankaj/UTIB/pankaj.chopra@ybl/UPI,405961638021,"3,900.94",,877975.33
24-Jan-2025,ATM CASH WITHDRAWAL/66127/PATNA,768562493535,"7,000.00",,870975.33
25-Jan-2025,UPI/DR/450348256393/Jio/PAYTM/airtel@axis/UPI,582160197557,299.00,,870676.33
26-Jan-2025,UPI/DR/659408994842/BigBasket/ICICI/bigbasket@ybl/UPI,391018909606,"1,420.38",,869255.95
27-Jan-2025,UPI/DR/503832733817/Uber/PAYTM/uber@paytm/UPI,529261621071,900.28,,868355.67
28-Jan-2025,UPI/DR/024699173937/Rapido/PAYTM/rapido@icici/UPI,027689463420,660.43,,867695.24
29-Jan-2025,POS INDIAN OIL PATNA,404041463981,"1,400.73",,866294.51
29-Jan-2025,UPI/DR/766041923996/Akash/PUNB/akash601@ptsbi/UPI,246350300781,"6,050.11",,860244.40
31-Jan-2025,UPI/DR/178053262491/Blinkit/ICICI/blinkit@kotak/UPI,207474132577,"2,300.24",,857944.16
01-Feb-2025,UPI/DR/638482242891/Jio/ICICI/jio@paytm/UPI,480035204094,450.66,,857493.50
01-Feb-2025,POS RELIANCE MART PATNA,316311181935,"2,400.42",,855093.08
02-Feb-2025,UPI/DR/385726451461/Myntra/PAYTM/myntra@ybl/UPI,517810595423,"2,600.98",,852492.10
02-Feb-2025,UPI/DR/772325627502/Blinkit/ICICI/blinkit@kotak/UPI,109074911742,"2,430.36",,850061.74
03-Feb-2025,UPI/DR/405421412262/Siddharth/SBIN/siddharthmeno78@axl/UPI,014692779704,"21,400.35",,828661.39
03-Feb-2025,UPI/CR/007058530763/Kavita/SBIN/kavitakapo93@okhdfcbank/UPI,292410586770,,"16,900.54",845561.93
03-Feb-2025,UPI/DR/657238847639/BigBasket/ICICI/bigbasket@ybl/UPI,164847041855,"2,000.61",,843561.32
03-Feb-2025,SALARY CREDIT/S3927356902268/Raymond Ltd,819818426269,,"91,038.19",934599.51
04-Feb-2025,NACH/MANDATE/RNT7374118/RENT MANDATE,388870016854,"9,000.00",,925599.51
05-Feb-2025,UPI/DR/614023215896/Apollo/ICICI/apollopharmacy@ybl/UPI,622215704880,"1,810.30",,923789.21
05-Feb-2025,UPI/CR/853445598357/Archana/HDFC/4667288670@okaxis/UPI,087131135139,,"9,350.93",933140.14
05-Feb-2025,UPI/DR/154275541790/Uber/PAYTM/uber@paytm/UPI,840767096041,870.98,,932269.16
06-Feb-2025,POS SHELL FUEL STATION PATNA,988807211504,"1,150.88",,931118.28
06-Feb-2025,UPI/DR/831832503715/Anil/FDRL/anilverm79@oksbi/UPI,409546282974,"18,700.17",,912418.11
07-Feb-2025,POS SHOPPERS STOP PATNA,612363743504,600.11,,911818.00
09-Feb-2025,UPI/DR/582617324973/Uber/PAYTM/uber@paytm/UPI,938488046107,850.79,,910967.21
09-Feb-2025,UPI/CR/502596426740/Poonam/HDFC/poonambaja19@ibl/UPI,330647522911,,"12,000.02",922967.23
09-Feb-2025,UPI/DR/089018708185/Pankaj/SBIN/4132247659@okaxis/UPI,236232081706,"1,500.59",,921466.64
09-Feb-2025,POS RELIANCE PETROLEUM PATNA,641293073770,"4,150.51",,917316.13
11-Feb-2025,UPI/DR/496518238952/Brijesh/BDBL/brijeshverm77@upi/UPI,034125835647,"3,650.69",,913665.44
11-Feb-2025,NACH/MANDATE/SIP7501254/Axis Mutual Fund,816058598047,"6,000.00",,907665.44
12-Feb-2025,UPI/DR/316006502610/ACT/RAZORPAY/broadband@paytm/UPI,858749099657,899.00,,906766.44
12-Feb-2025,UPI/DR/350587118770/Indane/ICICI/indanegas@upi/UPI,965483685177,"2,650.46",,904115.98
12-Feb-2025,UPI/DR/627721208388/Blinkit/ICICI/blinkit@kotak/UPI,841344807798,380.43,,903735.55
12-Feb-2025,UPI/DR/688082621790/Zomato/ICICI/zomato@axisbank/UPI,944141539467,"2,410.56",,901324.99
12-Feb-2025,UPI/DR/773431202185/BigBasket/ICICI/bigbasket@ybl/UPI,578927033965,"1,850.12",,899474.87
12-Feb-2025,UPI/CR/272311245394/Kamal/FDRL/kamal325@aubank/UPI,488940449743,,"21,800.83",921275.70
12-Feb-2025,UPI/DR/735037772522/Jio/ICICI/jio@paytm/UPI,327816620866,"1,340.84",,919934.86
13-Feb-2025,UPI/DR/055166932160/Abhishek/UCBA/abhishek330@upi/UPI,856422258828,"16,100.54",,903834.32
13-Feb-2025,UPI/CR/357641837739/Amit/BDBL/amitgupt85@ptsbi/UPI,631394256850,,"21,850.91",925685.23
14-Feb-2025,UPI/DR/613204412383/Jio/PAYTM/airtel@axis/UPI,562564187028,609.00,,925076.23
14-Feb-2025,UPI/DR/490905233822/Vishal/BDBL/vishal.joshi@ptaxis/UPI,215130095642,"18,900.13",,906176.10
15-Feb-2025,UPI/DR/337272226865/Ola/PAYTM/olamoney@ola/UPI,655689105970,120.43,,906055.67
16-Feb-2025,UPI/DR/432712172366/Asha/UCBA/asha.patil@pthdfc/UPI,030568880055,"11,100.49",,894955.18
16-Feb-2025,ATM CASH WITHDRAWAL/04807/PATNA,633134807587,"9,000.00",,885955.18
16-Feb-2025,UPI/DR/433960387267/BigBasket/ICICI/bigbasket@ybl/UPI,500217232515,"1,140.16",,884815.02
17-Feb-2025,UPI/DR/821770255585/BigBasket/ICICI/bigbasket@ybl/UPI,739106238848,"2,760.43",,882054.59
17-Feb-2025,UPI/CR/372123410537/Jyoti/HDFC/0703266598@kotak/UPI,275579063871,,"3,850.15",885904.74
17-Feb-2025,UPI/DR/752775911477/Jio/PAYTM/airtel@axis/UPI,592363386873,579.00,,885325.74
17-Feb-2025,UPI/DR/164680956624/Amazon/ICICI/amazon@apl/UPI,730962854186,240.11,,885085.63
17-Feb-2025,UPI/DR/751244500143/Nykaa/PAYTM/nykaa@razorpay/UPI,079458489606,"4,000.51",,881085.12
19-Feb-2025,POS V MART PATNA,639324776715,300.17,,880784.95
19-Feb-2025,UPI/DR/467390508916/MakeMyTrip/ICICI/makemytrip@axisbank/UPI,598715001982,699.00,,880085.95
19-Feb-2025,UPI/DR/406148236958/Gaurav/UTIB/8826124862@kotak/UPI,071951081236,950.50,,879135.45
19-Feb-2025,UPI/DR/288265356877/BigBasket/ICICI/bigbasket@ybl/UPI,357404822470,670.70,,878464.75
21-Feb-2025,UPI/DR/728062692544/MSEDCL/UPIN/msedclpayment@upi/UPI,988366598386,"4,150.98",,874313.77
21-Feb-2025,UPI/DR/428608523722/Saurabh/UCBA/9621980749@ptyes/UPI,107209671784,"4,050.53",,870263.24
21-Feb-2025,UPI/DR/455573469322/Flipkart/ICICI/flipkart@ybl/UPI,948936132894,"1,930.93",,868332.31
22-Feb-2025,UPI/DR/586339218253/Seema/BKID/seema522@paytm/UPI,208362114288,"18,700.60",,849631.71
22-Feb-2025,UPI/DR/729270423246/Varsha/BDBL/4230427323@aubank/UPI,467038477431,"20,400.86",,829230.85
22-Feb-2025,UPI/DR/357042367216/Zomato/ICICI/zomato@axisbank/UPI,921917138610,670.25,,828560.60
22-Feb-2025,UPI/DR/932656186982/Zomato/ICICI/zomato@axisbank/UPI,512622398705,"2,790.47",,825770.13
22-Feb-2025,UPI/DR/083837843837/Rapido/PAYTM/rapido@icici/UPI,960590476284,230.11,,825540.02
22-Feb-2025,UPI/DR/111493457730/Ola/ICICI/olamoney@ola/UPI,720245074173,410.24,,825129.78
24-Feb-2025,UPI/DR/840312536661/Jio/PAYTM/airtel@axis/UPI,438874013362,859.00,,824270.78
25-Feb-2025,IMPS-701200545610-Deepak Pillai,927010035426,"7,400.08",,816870.70
25-Feb-2025,POS SHELL FUEL STATION PATNA,092653257429,"1,850.83",,815019.87
26-Feb-2025,UPI/DR/776956384090/Shweta/BARB/2517882035@ptaxis/UPI,734893618688,"8,500.54",,806519.33
26-Feb-2025,UPI/DR/462363476325/Nisha/UCBA/7053600846@okicici/UPI,088739634260,"11,100.10",,795419.23
26-Feb-2025,UPI/DR/598804726474/Ola/ICICI/olamoney@ola/UPI,689633297782,"1,030.40",,794388.83
27-Feb-2025,UPI/DR/387358607103/BigBasket/ICICI/bigbasket@ybl/UPI,069445815331,"1,520.29",,792868.54
27-Feb-2025,UPI/DR/841808356803/Jio/PAYTM/airtel@axis/UPI,465750726296,249.00,,792619.54
28-Feb-2025,UPI/CR/486426174057/Prashant/SBIN/prashant505@paytm/UPI,828393128468,,"19,400.03",812019.57
28-Feb-2025,UPI/DR/067799365242/Zepto/ICICI/zepto@apl/UPI,242896698076,670.52,,811349.05
01-Mar-2025,UPI/DR/070851253428/Abhishek/BARB/abhishek895@kotak/UPI,656687486619,"12,600.37",,798748.68
01-Mar-2025,UPI/DR/841631947062/Sarita/BDBL/saritasaxe37@ptaxis/UPI,947801946431,"15,150.42",,783598.26
02-Mar-2025,UPI/DR/564126349057/Jio/PAYTM/airtel@axis/UPI,232350657547,369.00,,783229.26
02-Mar-2025,UPI/CR/535970692029/Shivam/SBIN/shivam.patil@oksbi/UPI,642370905241,,"2,150.42",785379.68
02-Mar-2025,UPI/DR/167000781293/Ola/ICICI/olamoney@ola/UPI,746287588555,980.27,,784399.41
02-Mar-2025,UPI/DR/045553103497/Swiggy/ICICI/swiggy@icici/UPI,298131112153,690.89,,783708.52
03-Mar-2025,ACCOUNT MAINTENANCE FEE,116029570551,200.00,,783508.52
03-Mar-2025,UPI/DR/100220119656/Apollo/ICICI/apollopharmacy@ybl/UPI,752578686672,899.00,,782609.52
03-Mar-2025,GST ON CHARGES,106602808187,36.00,,782573.52
03-Mar-2025,ATM CASH WITHDRAWAL/05756/PATNA,610427211203,"9,500.00",,773073.52
03-Mar-2025,UPI/DR/000886790932/Uber/ICICI/uber@paytm/UPI,637279619692,250.43,,772823.09
03-Mar-2025,UPI/DR/522113682712/Amazon/ICICI/amazon@apl/UPI,181739788295,"1,780.74",,771042.35
04-Mar-2025,UPI/DR/663784698734/Renu/BKID/renu.tiwari@okhdfcbank/UPI,323455167987,"18,200.31",,752842.04
04-Mar-2025,UPI/DR/542498787004/ACT/RAZORPAY/broadband@paytm/UPI,354580539316,899.00,,751943.04
04-Mar-2025,POS LIFESTYLE STORES PATNA,587398852808,"1,900.49",,750042.55
05-Mar-2025,UPI/DR/239242927421/Jio/PAYTM/airtel@axis/UPI,306618114628,219.00,,749823.55
05-Mar-2025,SALARY CREDIT/S1656293277233/Raymond Ltd,251756638561,,"91,304.19",841127.74
06-Mar-2025,UPI/CR/353855072001/Anjali/BARB/anjalimish14@okhdfcbank/UPI,369150551893,,"18,050.66",859178.40
06-Mar-2025,UPI/DR/942306524648/Myntra/PAYTM/myntra@ybl/UPI,385771629166,"3,050.12",,856128.28
07-Mar-2025,UPI/DR/029039827808/Myntra/PAYTM/myntra@ybl/UPI,019401719136,"3,450.72",,852677.56
07-Mar-2025,UPI/DR/217117345387/Amazon/ICICI/amazon@apl/UPI,589993374025,"1,310.78",,851366.78
08-Mar-2025,UPI/CR/776190560055/Rohit/SBIN/rohitchau18@axl/UPI,040987601228,,"14,950.85",866317.63
09-Mar-2025,UPI/DR/479331701293/MSEDCL/UPIN/msedclpayment@upi/UPI,712804058797,"2,950.36",,863367.27
09-Mar-2025,POS INDIAN OIL PATNA,465347449457,"1,500.93",,861866.34
09-Mar-2025,UPI/DR/589597151077/Bajaj/LICI/licindia@licindia/UPI,222066617548,"6,500.00",,855366.34
09-Mar-2025,POS BIG BAZAAR PATNA,686550853308,"7,450.85",,847915.49
10-Mar-2025,UPI/DR/274759754087/Ola/PAYTM/olamoney@ola/UPI,855356764753,700.30,,847215.19
10-Mar-2025,ATM CASH WITHDRAWAL/16647/PATNA,327564077014,"6,000.00",,841215.19
10-Mar-2025,NACH/MANDATE/RNT0238325/RENT MANDATE,349954930054,"9,000.00",,832215.19
11-Mar-2025,POS BRAND FACTORY PATNA,927443673687,"1,600.60",,830614.59
11-Mar-2025,POS LIFESTYLE STORES PATNA,766069155536,"1,100.20",,829514.39
12-Mar-2025,UPI/DR/102435915636/BigBasket/ICICI/bigbasket@ybl/UPI,580959422431,"1,090.02",,828424.37
13-Mar-2025,NACH/MANDATE/SIP1061964/Axis Mutual Fund,732742072432,"6,000.00",,822424.37
13-Mar-2025,UPI/DR/331570191122/Swiggy/ICICI/swiggy@icici/UPI,723474975686,640.05,,821784.32
13-Mar-2025,UPI/DR/197691040641/Indane/ICICI/indanegas@upi/UPI,353473918362,"1,450.29",,820334.03
14-Mar-2025,UPI/DR/293994376784/Nykaa/PAYTM/nykaa@razorpay/UPI,491257575261,"4,100.65",,816233.38
14-Mar-2025,ATM CASH WITHDRAWAL/91303/PATNA,822440868312,"4,500.00",,811733.38
14-Mar-2025,UPI/DR/274052471129/Jio/PAYTM/airtel@axis/UPI,596818068261,959.00,,810774.38
15-Mar-2025,UPI/CR/841253082705/Shreya/KKBK/shreya.agarwal@kotak/UPI,845125739095,,"4,100.61",814874.99
16-Mar-2025,UPI/DR/978365496975/BigBasket/ICICI/bigbasket@ybl/UPI,373821193874,980.53,,813894.46
16-Mar-2025,UPI/DR/201126388470/Zepto/ICICI/zepto@apl/UPI,843639339493,"1,270.29",,812624.17
17-Mar-2025,UPI/DR/560829335311/Ravi/HDFC/ravi167@apl/UPI,311502384154,"7,800.41",,804823.76
18-Mar-2025,POS BIG BAZAAR PATNA,129783031629,"7,400.16",,797423.60
18-Mar-2025,IMPS-798307218342-Sachin Mishra,306502200405,"14,800.87",,782622.73
18-Mar-2025,UPI/CR/768818476771/Asha/UTIB/asha.iyer@oksbi/UPI,935527810042,,"3,350.00",785972.73
19-Mar-2025,UPI/DR/064992756657/Flipkart/ICICI/flipkart@ybl/UPI,376061308105,910.73,,785062.00
19-Mar-2025,POS STAR BAZAAR PATNA,845081019537,"3,150.67",,781911.33
19-Mar-2025,UPI/DR/441312950849/Uber/PAYTM/uber@paytm/UPI,931870742930,400.72,,781510.61
20-Mar-2025,UPI/DR/503292851962/Rahul/PUNB/rahul.dubey@ibl/UPI,318844497154,"17,600.29",,763910.32
21-Mar-2025,UPI/DR/372137784189/Renu/FDRL/renunair23@ptaxis/UPI,259161981868,"17,200.43",,746709.89
21-Mar-2025,UPI/DR/594744522042/Jio/PAYTM/airtel@axis/UPI,571771924528,989.00,,745720.89
24-Mar-2025,UPI/DR/421535079604/Ola/PAYTM/olamoney@ola/UPI,489608049975,900.87,,744820.02
26-Mar-2025,GST ON CHARGES,413969560458,55.80,,744764.22
26-Mar-2025,POS RELIANCE PETROLEUM PATNA,975692352922,"1,200.21",,743564.01
26-Mar-2025,ACCOUNT MAINTENANCE FEE,185398675565,310.00,,743254.01
27-Mar-2025,POS INDIAN OIL PATNA,587417568858,"1,550.09",,741703.92
27-Mar-2025,UPI/CR/083093911457/Mohan/KKBK/mohanagar11@aubank/UPI,831416685031,,"13,450.56",755154.48
27-Mar-2025,UPI/CR/368320088236/Sarita/BKID/5898709189@ibl/UPI,592186527329,,"9,300.78",764455.26
27-Mar-2025,UPI/CR/840458596300/Vikas/KKBK/vikas.shah@ptsbi/UPI,979325179374,,"6,100.99",770556.25
28-Mar-2025,UPI/DR/359470648336/Jio/ICICI/jio@paytm/UPI,438680061580,790.55,,769765.70
28-Mar-2025,POS INDIAN OIL PATNA,306682936064,"1,200.22",,768565.48
28-Mar-2025,POS V MART PATNA,839538697867,"6,300.65",,762264.83
28-Mar-2025,INTEREST CREDIT,751973581655,,235.34,762500.17
29-Mar-2025,UPI/DR/628303735518/Isha/BARB/isha810@ptsbi/UPI,274266841506,"14,350.75",,748149.42
30-Mar-2025,UPI/DR/976008992639/BSNL/ICICI/bsnlbroadband@upi/UPI,526600869113,490.90,,747658.52
30-Mar-2025,UPI/DR/198607690374/Blinkit/ICICI/blinkit@kotak/UPI,916175534611,970.13,,746688.39
30-Mar-2025,POS STAR BAZAAR PATNA,284288419692,"2,950.91",,743737.48
31-Mar-2025,UPI/DR/166479776755/Rani/SBIN/rani923@axl/UPI,223422893921,"14,500.84",,729236.64
31-Mar-2025,ATM CASH WITHDRAWAL/19468/PATNA,129071160773,"2,500.00",,726736.64
01-Apr-2025,UPI/DR/876285082570/Tarun/SBIN/tarunchau33@ptaxis/UPI,334218689803,"20,250.77",,706485.87
01-Apr-2025,UPI/DR/863097481805/Dunzo/ICICI/dunzo@razorpay/UPI,828928296552,"2,760.41",,703725.46
02-Apr-2025,UPI/DR/157886179868/Zomato/ICICI/zomato@axisbank/UPI,399727666838,"2,090.00",,701635.46
03-Apr-2025,SALARY CREDIT/S1763728263166/Raymond Ltd,004142162918,,"94,242.19",795877.65
04-Apr-2025,UPI/DR/216436916965/Manoj/KKBK/manoj836@ibl/UPI,605163847329,"12,500.98",,783376.67
04-Apr-2025,UPI/DR/422262333250/Paytm/ICICI/paytm@paytm/UPI,382279275123,640.86,,782735.81
05-Apr-2025,UPI/DR/529662784314/Ola/PAYTM/olamoney@ola/UPI,812221079204,430.49,,782305.32
05-Apr-2025,UPI/DR/337064786818/Brijesh/HDFC/8630700055@kotak/UPI,993400848012,"15,250.91",,767054.41
05-Apr-2025,UPI/DR/110390420502/Manoj/BDBL/manoj.chopra@ibl/UPI,246903466309,"17,000.57",,750053.84
06-Apr-2025,UPI/CR/561039792363/Lata/PUNB/lata.roy@aubank/UPI,615107899737,,"1,450.79",751504.63
06-Apr-2025,UPI/DR/880870901212/Rapido/PAYTM/rapido@icici/UPI,473843087927,690.72,,750813.91
06-Apr-2025,POS STAR BAZAAR PATNA,873428829286,"6,800.39",,744013.52
07-Apr-2025,UPI/DR/320507614349/Ola/ICICI/olamoney@ola/UPI,636055856676,730.98,,743282.54
07-Apr-2025,POS V MART PATNA,881037171940,"1,750.55",,741531.99
07-Apr-2025,NACH/MANDATE/RNT7095368/RENT MANDATE,326499658429,"9,000.00",,732531.99
07-Apr-2025,UPI/CR/443066816313/Sarita/KKBK/4130923513@ibl/UPI,625011171828,,"8,100.88",740632.87
08-Apr-2025,UPI/DR/050482632688/Swiggy/ICICI/swiggy@icici/UPI,585687717349,540.51,,740092.36
10-Apr-2025,UPI/DR/623209805948/Jio/ICICI/jio@paytm/UPI,479038985717,780.56,,739311.80
11-Apr-2025,UPI/DR/789474345870/Jio/PAYTM/airtel@axis/UPI,557037110122,299.00,,739012.80
11-Apr-2025,POS RELIANCE MART PATNA,701678399545,"2,150.84",,736861.96
12-Apr-2025,UPI/DR/775705959218/Jio/PAYTM/airtel@axis/UPI,162758017501,629.00,,736232.96
12-Apr-2025,UPI/DR/161557150568/Indane/ICICI/indanegas@upi/UPI,007483482712,"2,300.52",,733932.44
12-Apr-2025,UPI/DR/157551706978/Jio/PAYTM/airtel@axis/UPI,665425558146,439.00,,733493.44
13-Apr-2025,UPI/DR/779156266447/Ola/ICICI/olamoney@ola/UPI,477084082259,"2,240.94",,731252.50
13-Apr-2025,POS INDIAN OIL PATNA,056311645604,"4,350.69",,726901.81
13-Apr-2025,UPI/DR/130153638742/Blinkit/ICICI/blinkit@kotak/UPI,120665715972,430.02,,726471.79
14-Apr-2025,ATM CASH WITHDRAWAL/09080/PATNA,213313677057,"7,000.00",,719471.79
15-Apr-2025,UPI/DR/733276984891/BSNL/ICICI/bsnlbroadband@upi/UPI,585166006031,"1,010.49",,718461.30
16-Apr-2025,UPI/DR/761802192572/PhonePe/ICICI/phonepe@ybl/UPI,383987860548,"1,590.75",,716870.55
16-Apr-2025,NACH/MANDATE/SIP5519606/Axis Mutual Fund,695771077447,"6,000.00",,710870.55
16-Apr-2025,UPI/CR/602356009814/Shivam/PUNB/shivambaja56@kotak/UPI,622865854457,,"6,300.29",717170.84
16-Apr-2025,ATM CASH WITHDRAWAL/70142/PATNA,505495301129,"8,000.00",,709170.84
16-Apr-2025,UPI/DR/197853702639/Ola/PAYTM/olamoney@ola/UPI,183268119830,620.93,,708549.91
17-Apr-2025,ATM CASH WITHDRAWAL/88880/PATNA,803134215679,"9,000.00",,699549.91
17-Apr-2025,UPI/DR/505881074097/BigBasket/ICICI/bigbasket@ybl/UPI,698975960244,380.49,,699169.42
17-Apr-2025,UPI/DR/861282457447/Prashant/KKBK/prashant.desai@apl/UPI,934548112440,"21,000.78",,678168.64
17-Apr-2025,POS HP PETROL PUMP PATNA,940083581172,"1,300.90",,676867.74
18-Apr-2025,UPI/DR/154167867093/MSEDCL/UPIN/msedclpayment@upi/UPI,864463627962,"1,550.66",,675317.08
18-Apr-2025,POS BIG BAZAAR PATNA,848562891284,"5,750.62",,669566.46
19-Apr-2025,IMPS-678641264665-Manoj Khanna,751026402586,"34,700.87",,634865.59
20-Apr-2025,UPI/DR/823306121934/ACT/RAZORPAY/broadband@paytm/UPI,526435849425,349.00,,634516.59
20-Apr-2025,POS MAX FASHION PATNA,683611752618,"8,100.45",,626416.14
20-Apr-2025,UPI/DR/149433214637/Dunzo/ICICI/dunzo@razorpay/UPI,546796816009,"2,580.49",,623835.65
21-Apr-2025,UPI/DR/665073421176/Rapido/PAYTM/rapido@icici/UPI,966590320858,670.89,,623164.76
21-Apr-2025,UPI/DR/134331942771/Nykaa/PAYTM/nykaa@razorpay/UPI,940679931752,"1,100.82",,622063.94
22-Apr-2025,UPI/DR/585287869954/BigBasket/ICICI/bigbasket@ybl/UPI,680250279830,"1,330.81",,620733.13
22-Apr-2025,UPI/DR/461108865707/Blinkit/ICICI/blinkit@kotak/UPI,462873622291,660.80,,620072.33
23-Apr-2025,UPI/DR/748956147080/BSNL/ICICI/bsnlbroadband@upi/UPI,106876842112,"1,350.19",,618722.14
23-Apr-2025,UPI/CR/392189961617/Vishal/PUNB/vishal.ahuja@pthdfc/UPI,741962457516,,"17,350.43",636072.57
23-Apr-2025,POS MORE SUPER MARKET PATNA,899048702743,"8,300.72",,627771.85
24-Apr-2025,POS INDIAN OIL PATNA,084853000956,900.35,,626871.50
24-Apr-2025,ATM CASH WITHDRAWAL/98803/PATNA,227018660948,"3,500.00",,623371.50
25-Apr-2025,UPI/DR/561317737819/Jio/PAYTM/airtel@axis/UPI,144456694841,769.00,,622602.50
25-Apr-2025,UPI/DR/694490626973/Vishal/BARB/vishal555@okaxis/UPI,041693044034,"11,150.91",,611451.59
27-Apr-2025,UPI/DR/842066524458/Jio/ICICI/jio@paytm/UPI,847350632106,"2,720.36",,608731.23
28-Apr-2025,UPI/DR/202118171582/BigBasket/ICICI/bigbasket@ybl/UPI,358354315672,"1,470.40",,607260.83
30-Apr-2025,UPI/DR/233419887110/Pankaj/BARB/pankajmish92@ibl/UPI,963736445093,"10,400.78",,596860.05
30-Apr-2025,UPI/DR/345148468134/Paytm/ICICI/paytm@paytm/UPI,393418594998,"2,170.32",,594689.73
30-Apr-2025,POS V MART PATNA,013594593062,"7,800.10",,586889.63
30-Apr-2025,ATM CASH WITHDRAWAL/72504/PATNA,392552713689,"6,500.00",,580389.63
01-May-2025,UPI/DR/165793554405/Swiggy/ICICI/swiggy@icici/UPI,497202693599,"2,590.82",,577798.81
02-May-2025,UPI/CR/267476280765/Archana/BKID/archana347@okaxis/UPI,039866592139,,"20,550.00",598348.81
02-May-2025,UPI/DR/146404415444/Jio/PAYTM/airtel@axis/UPI,847086188933,899.00,,597449.81
02-May-2025,UPI/DR/645374631871/BSNL/ICICI/bsnlbroadband@upi/UPI,770094429572,"2,640.02",,594809.79
03-May-2025,POS D MART PATNA,159963943480,"3,800.89",,591008.90
03-May-2025,SALARY CREDIT/S5770513005931/Raymond Ltd,906952761426,,"89,890.19",680899.09
04-May-2025,UPI/DR/264771572712/Mukesh/UCBA/mukesh.yadav@oksbi/UPI,533388912401,"2,150.38",,678748.71
04-May-2025,UPI/DR/939386591045/BigBasket/ICICI/bigbasket@ybl/UPI,498879447273,"2,120.17",,676628.54
04-May-2025,UPI/CR/357431313587/Ankit/HDFC/ankit368@okicici/UPI,186204051107,,"13,000.78",689629.32
05-May-2025,UPI/DR/869517703333/Varsha/BARB/varsha.pandey@ptyes/UPI,831664296244,"21,800.27",,667829.05
05-May-2025,UPI/DR/179610750537/Nykaa/PAYTM/nykaa@razorpay/UPI,802452599078,450.88,,667378.17
06-May-2025,UPI/DR/353349069185/Amazon/ICICI/amazon@apl/UPI,646594777740,"1,360.67",,666017.50
07-May-2025,UPI/DR/524026139307/Jio/PAYTM/airtel@axis/UPI,686411038679,369.00,,665648.50
07-May-2025,UPI/DR/538890231139/Flipkart/PAYTM/flipkart@ybl/UPI,143089359030,"4,850.74",,660797.76
07-May-2025,UPI/DR/779160670455/ACT/RAZORPAY/broadband@paytm/UPI,349470764905,899.00,,659898.76
08-May-2025,NACH/MANDATE/RNT3827682/RENT MANDATE,878367485207,"9,000.00",,650898.76
08-May-2025,POS SHOPPERS STOP PATNA,528992354041,"2,900.40",,647998.36
09-May-2025,UPI/DR/805035392515/Sushma/SBIN/6480112005@ptsbi/UPI,399039648518,"19,150.97",,628847.39
10-May-2025,UPI/DR/355062104732/Gopal/SBIN/9031390541@okaxis/UPI,093715241976,"8,600.41",,620246.98
10-May-2025,UPI/DR/876217882762/Amazon/ICICI/amazon@apl/UPI,898861539588,"2,000.44",,618246.54
11-May-2025,UPI/DR/513954269528/Zepto/ICICI/zepto@apl/UPI,197172094136,"2,600.18",,615646.36
12-May-2025,UPI/DR/605678048287/BSNL/ICICI/bsnlbroadband@upi/UPI,325131928557,"2,730.83",,612915.53
13-May-2025,UPI/CR/248228497228/Ankit/FDRL/ankitghos67@oksbi/UPI,602957535563,,"3,400.43",616315.96
13-May-2025,UPI/DR/210121131204/MSEDCL/UPIN/msedclpayment@upi/UPI,436936881357,"1,050.57",,615265.39
13-May-2025,ATM CASH WITHDRAWAL/01234/PATNA,456637110128,"2,500.00",,612765.39
14-May-2025,UPI/DR/755037074735/Ola/PAYTM/olamoney@ola/UPI,817405809152,170.63,,612594.76
17-May-2025,POS RELIANCE PETROLEUM PATNA,996787915086,"1,400.12",,611194.64
17-May-2025,UPI/DR/872988537765/Paytm/ICICI/paytm@paytm/UPI,496801466738,"2,640.11",,608554.53
17-May-2025,NACH/MANDATE/SIP6863038/Axis Mutual Fund,130871570951,"6,000.00",,602554.53
18-May-2025,POS SHELL FUEL STATION PATNA,017805713416,"3,250.11",,599304.42
18-May-2025,UPI/DR/377630954881/Sonia/HDFC/4115932691@okicici/UPI,652290675489,"13,800.24",,585504.18
18-May-2025,UPI/DR/850324174703/Nykaa/ICICI/nykaa@razorpay/UPI,872120070516,149.00,,585355.18
19-May-2025,UPI/DR/123957731169/Netmeds/ICICI/netmeds@paytm/UPI,675254959147,300.68,,585054.50
20-May-2025,UPI/DR/976649773231/Ola/PAYTM/olamoney@ola/UPI,267785396774,380.27,,584674.23
21-May-2025,UPI/DR/774932260464/Indane/ICICI/indanegas@upi/UPI,992016161640,950.68,,583723.55
23-May-2025,UPI/DR/831645507772/Jio/ICICI/jio@paytm/UPI,336779747022,"1,640.31",,582083.24
23-May-2025,UPI/DR/520087311494/Rapido/PAYTM/rapido@icici/UPI,501571168961,240.14,,581843.10
23-May-2025,UPI/DR/015988169061/Uber/PAYTM/uber@paytm/UPI,462178548397,600.57,,581242.53
23-May-2025,UPI/CR/081906403031/Anjali/BARB/anjali213@oksbi/UPI,966193247704,,"11,850.41",593092.94
24-May-2025,UPI/DR/394207956612/Ola/ICICI/olamoney@ola/UPI,534609174791,"2,240.42",,590852.52
24-May-2025,UPI/DR/130615600837/Suresh/PUNB/suresh602@ybl/UPI,464464399566,"1,300.02",,589552.50
25-May-2025,UPI/DR/680564558178/Girish/FDRL/girishkuma71@aubank/UPI,420729217909,"9,050.38",,580502.12
25-May-2025,POS RELIANCE PETROLEUM PATNA,574890682903,900.72,,579601.40
26-May-2025,UPI/DR/375381980440/Jio/PAYTM/airtel@axis/UPI,755101714204,959.00,,578642.40
26-May-2025,UPI/DR/877874177811/Uber/PAYTM/uber@paytm/UPI,016227771789,590.88,,578051.52
28-May-2025,UPI/DR/024920746275/Amazon/ICICI/amazon@apl/UPI,976880696483,"1,670.82",,576380.70
29-May-2025,UPI/DR/132017215593/BSNL/ICICI/bsnlbroadband@upi/UPI,204732070141,"1,450.93",,574929.77
29-May-2025,UPI/DR/952005314095/Manish/KKBK/manish.shah@ptyes/UPI,755016967038,"17,900.79",,557028.98
29-May-2025,UPI/DR/885425241110/Jio/PAYTM/airtel@axis/UPI,364685484080,309.00,,556719.98
29-May-2025,UPI/DR/044642793086/Renu/FDRL/renuagar86@okhdfcbank/UPI,132957316076,"19,750.66",,536969.32
30-May-2025,POS RELIANCE MART PATNA,747328241553,"3,300.17",,533669.15
30-May-2025,ATM CASH WITHDRAWAL/04743/PATNA,053865198600,"5,500.00",,528169.15
30-May-2025,UPI/DR/463042273124/Dunzo/ICICI/dunzo@razorpay/UPI,006871580215,820.83,,527348.32
30-May-2025,UPI/DR/229163227414/Ravi/UCBA/ravi283@axl/UPI,799998730233,"9,700.34",,517647.98
31-May-2025,UPI/DR/939610420446/Amazon/ICICI/amazon@apl/UPI,589668848167,"2,730.57",,514917.41
01-Jun-2025,UPI/CR/316379896248/Mamta/BKID/8124297234@ptyes/UPI,115707647463,,"1,950.18",516867.59
01-Jun-2025,UPI/DR/488382749500/Zomato/ICICI/zomato@axisbank/UPI,802045556760,"1,490.62",,515376.97
02-Jun-2025,SALARY CREDIT/S5776794550140/Raymond Ltd,474533171213,,"91,332.19",606709.16
03-Jun-2025,UPI/DR/629505279915/Rakesh/BKID/rakesh.banerjee@okhdfcbank/UPI,289115815670,"15,350.50",,591358.66
04-Jun-2025,ATM CASH WITHDRAWAL/91591/PATNA,581410559350,"4,000.00",,587358.66
05-Jun-2025,UPI/DR/244373879869/Zepto/ICICI/zepto@apl/UPI,894651318548,"1,660.18",,585698.48
06-Jun-2025,NACH/MANDATE/RNT5198641/RENT MANDATE,115511570185,"9,000.00",,576698.48
07-Jun-2025,POS SHELL FUEL STATION PATNA,816225847466,"4,000.03",,572698.45
07-Jun-2025,UPI/CR/798120991342/Vikram/UCBA/vikram474@pthdfc/UPI,035049045660,,"4,750.37",577448.82
07-Jun-2025,UPI/DR/081128987901/Jio/PAYTM/airtel@axis/UPI,715293827784,759.00,,576689.82
07-Jun-2025,UPI/DR/967832119505/BigBasket/ICICI/bigbasket@ybl/UPI,703495545936,"1,090.86",,575598.96
09-Jun-2025,UPI/DR/758350594620/Maya/UTIB/maya182@okhdfcbank/UPI,204976131698,"18,700.70",,556898.26
09-Jun-2025,UPI/DR/450756872057/Bajaj/LICI/licindia@licindia/UPI,811447324765,"6,500.00",,550398.26
10-Jun-2025,UPI/DR/107648951218/Anjali/BKID/2150207972@oksbi/UPI,473995676970,600.43,,549797.83
10-Jun-2025,UPI/DR/194652824911/Flipkart/ICICI/flipkart@ybl/UPI,952464355879,"2,050.13",,547747.70
10-Jun-2025,ATM CASH WITHDRAWAL/39306/PATNA,207679593711,"8,500.00",,539247.70
10-Jun-2025,UPI/CR/028442170886/Geeta/KKBK/geeta.pillai@aubank/UPI,442647332028,,"8,000.29",547247.99
10-Jun-2025,UPI/DR/562650923250/MedPlus/ICICI/medplus@icici/UPI,249789078335,150.30,,547097.69
12-Jun-2025,UPI/DR/819548678275/Ankit/PUNB/ankit.dubey@pthdfc/UPI,906372228385,"21,050.76",,526046.93
14-Jun-2025,UPI/DR/232302283339/Naresh/PUNB/naresh.pillai@okicici/UPI,851465459455,"17,100.72",,508946.21
15-Jun-2025,UPI/DR/551726590849/Rapido/PAYTM/rapido@icici/UPI,637701525414,450.51,,508495.70
15-Jun-2025,ATM CASH WITHDRAWAL/97310/PATNA,567333159040,"10,000.00",,498495.70
15-Jun-2025,UPI/CR/819823058347/Poonam/UCBA/poonam.nair@axl/UPI,936032992649,,"7,650.48",506146.18
15-Jun-2025,UPI/DR/809119444508/Jio/ICICI/jio@paytm/UPI,313563459992,"2,460.74",,503685.44
15-Jun-2025,UPI/DR/412289963127/Mamta/HDFC/mamta.shukla@ptaxis/UPI,369514363235,"11,900.82",,491784.62
15-Jun-2025,POS BIG BAZAAR PATNA,369501133157,"4,250.64",,487533.98
15-Jun-2025,UPI/DR/073485775453/Ola/PAYTM/olamoney@ola/UPI,080949286075,450.77,,487083.21
16-Jun-2025,POS CENTRAL MALL PATNA,491179890304,"8,150.73",,478932.48
16-Jun-2025,UPI/DR/289784613764/PhonePe/ICICI/phonepe@ybl/UPI,038165434748,"2,390.31",,476542.17
17-Jun-2025,UPI/DR/207494862877/Swiggy/ICICI/swiggy@icici/UPI,958425488526,"1,450.19",,475091.98
18-Jun-2025,UPI/DR/683491353528/Indane/ICICI/indanegas@upi/UPI,507839672332,"2,250.22",,472841.76
18-Jun-2025,UPI/DR/971996381189/MSEDCL/UPIN/msedclpayment@upi/UPI,618842114105,"1,350.94",,471490.82
19-Jun-2025,POS V MART PATNA,701126922408,550.86,,470939.96
19-Jun-2025,NACH/MANDATE/SIP3359022/Axis Mutual Fund,866793166164,"6,000.00",,464939.96
19-Jun-2025,POS SHELL FUEL STATION PATNA,903243794433,"2,600.13",,462339.83
19-Jun-2025,UPI/DR/496849689034/Zepto/ICICI/zepto@apl/UPI,682146388776,"2,290.05",,460049.78
20-Jun-2025,UPI/DR/434801246965/Zomato/ICICI/zomato@axisbank/UPI,158730530278,"1,750.98",,458298.80
20-Jun-2025,UPI/DR/191364431670/Paytm/ICICI/paytm@paytm/UPI,450492812212,"2,650.78",,455648.02
22-Jun-2025,UPI/DR/190512026300/Amazon/PAYTM/amazon@apl/UPI,560048523531,"5,600.03",,450047.99
23-Jun-2025,UPI/CR/518587255915/Vivek/FDRL/5562666382@okicici/UPI,028813851040,,"7,250.57",457298.56
23-Jun-2025,UPI/DR/555191343546/Jio/PAYTM/airtel@axis/UPI,859861038271,829.00,,456469.56
23-Jun-2025,IMPS-179858236977-Kiran Mehta,816434981976,"1,000.41",,455469.15
23-Jun-2025,UPI/CR/016342116311/Preeti/KKBK/preeti937@aubank/UPI,168370127472,,"20,050.67",475519.82
24-Jun-2025,ATM CASH WITHDRAWAL/09852/PATNA,278495437637,"10,000.00",,465519.82
26-Jun-2025,UPI/DR/018256508187/Zepto/ICICI/zepto@apl/UPI,328667383704,870.89,,464648.93
26-Jun-2025,POS BHARAT PETROLEUM PATNA,782314301266,"2,000.68",,462648.25
26-Jun-2025,UPI/DR/459206471892/Uber/PAYTM/uber@paytm/UPI,580627959149,890.04,,461758.21
27-Jun-2025,INTEREST CREDIT,670964624374,,35.91,461794.12
27-Jun-2025,UPI/DR/756660631895/Amazon/PAYTM/amazon@apl/UPI,763440955754,"1,800.08",,459994.04
27-Jun-2025,UPI/DR/716812988981/Jio/PAYTM/airtel@axis/UPI,461924982768,629.00,,459365.04
29-Jun-2025,ATM CASH WITHDRAWAL/96626/PATNA,979797828629,"3,500.00",,455865.04
01-Jul-2025,UPI/DR/618379634049/Vandana/PUNB/vandanaroy24@paytm/UPI,796895402129,850.83,,455014.21
01-Jul-2025,POS BIG BAZAAR PATNA,081101987049,"3,350.67",,451663.54
01-Jul-2025,UPI/DR/805981715382/Rapido/PAYTM/rapido@icici/UPI,280287776331,720.62,,450942.92
02-Jul-2025,UPI/DR/591835216338/PhonePe/ICICI/phonepe@ybl/UPI,169270937298,"2,370.18",,448572.74
02-Jul-2025,SALARY CREDIT/S7312011773701/Raymond Ltd,789261527942,,"92,309.19",540881.93
02-Jul-2025,UPI/DR/089791869712/Ola/ICICI/olamoney@ola/UPI,667215406643,"1,070.51",,539811.42
02-Jul-2025,UPI/DR/687181729472/Geeta/BARB/geetadube21@ybl/UPI,688774072933,"8,300.49",,531510.93
03-Jul-2025,UPI/DR/917265320788/Tarun/PUNB/tarun.das@ptsbi/UPI,468589515770,"8,750.19",,522760.74
03-Jul-2025,UPI/DR/443653210775/Uber/PAYTM/uber@paytm/UPI,507079527296,740.15,,522020.59
03-Jul-2025,UPI/CR/796885700449/Anjali/BDBL/anjali518@ptyes/UPI,861907709709,,"6,950.95",528971.54
04-Jul-2025,UPI/DR/843224534553/Jio/PAYTM/airtel@axis/UPI,946305676342,689.00,,528282.54
05-Jul-2025,ATM CASH WITHDRAWAL/44325/PATNA,187015452152,"5,500.00",,522782.54
05-Jul-2025,UPI/DR/364074707326/Kamal/BARB/kamal642@apl/UPI,431690364823,"21,400.90",,501381.64
05-Jul-2025,UPI/DR/898089786999/Rapido/PAYTM/rapido@icici/UPI,095168209898,390.00,,500991.64
05-Jul-2025,POS RELIANCE PETROLEUM PATNA,187879949679,"1,700.12",,499291.52
05-Jul-2025,UPI/DR/712126793018/Abhishek/HDFC/abhishekshuk58@apl/UPI,838661082764,"15,550.41",,483741.11
05-Jul-2025,POS MORE SUPER MARKET PATNA,166189950805,"4,600.74",,479140.37
05-Jul-2025,UPI/CR/103753394494/Neha/BARB/3215757410@okicici/UPI,921754839907,,"20,600.67",499741.04
06-Jul-2025,UPI/DR/229498832674/Ola/PAYTM/olamoney@ola/UPI,301164416566,580.54,,499160.50
07-Jul-2025,ATM CASH WITHDRAWAL/96317/PATNA,121121582706,"5,500.00",,493660.50
07-Jul-2025,UPI/CR/638987482760/Archana/BARB/archanabane96@axl/UPI,961509043998,,"3,150.15",496810.65
07-Jul-2025,NACH/MANDATE/RNT2991750/RENT MANDATE,867871801314,"9,000.00",,487810.65
10-Jul-2025,UPI/DR/676631894765/Ola/PAYTM/olamoney@ola/UPI,239430941038,340.00,,487470.65
10-Jul-2025,UPI/DR/162081282650/Priya/BARB/priya.menon@ptaxis/UPI,588336476661,"20,200.23",,467270.42
10-Jul-2025,POS INDIAN OIL PATNA,984882731436,"3,250.42",,464020.00
10-Jul-2025,UPI/DR/659526325453/Rajesh/BKID/4130986534@apl/UPI,233371770222,"20,150.64",,443869.36
10-Jul-2025,UPI/CR/293839091310/Sapna/PUNB/6024418670@apl/UPI,657278553156,,"4,500.67",448370.03
10-Jul-2025,ATM CASH WITHDRAWAL/39313/PATNA,194279789055,"10,000.00",,438370.03
12-Jul-2025,NACH/MANDATE/SIP0678377/Axis Mutual Fund,859657366014,"6,000.00",,432370.03
13-Jul-2025,UPI/DR/577257285142/Anita/HDFC/anita807@okaxis/UPI,722529387081,"11,750.77",,420619.26
13-Jul-2025,UPI/DR/906891393286/Ola/ICICI/olamoney@ola/UPI,585692934407,"1,100.86",,419518.40
14-Jul-2025,UPI/CR/372372338148/Manoj/BDBL/manojsen72@aubank/UPI,156453081311,,"10,450.35",429968.75
14-Jul-2025,UPI/DR/115606791231/Myntra/PAYTM/myntra@ybl/UPI,353756819011,"2,700.66",,427268.09
14-Jul-2025,POS VISHAL MEGA MART PATNA,651582677968,"4,750.70",,422517.39
17-Jul-2025,UPI/DR/326923567439/Netmeds/ICICI/netmeds@paytm/UPI,670432939426,"2,030.16",,420487.23
17-Jul-2025,UPI/DR/508316043125/Jio/ICICI/jio@paytm/UPI,820255771830,"2,440.53",,418046.70
17-Jul-2025,UPI/DR/380339843204/Jio/ICICI/jio@paytm/UPI,241331573064,370.04,,417676.66
18-Jul-2025,UPI/DR/641183924100/Jio/PAYTM/airtel@axis/UPI,346867350281,189.00,,417487.66
20-Jul-2025,UPI/DR/467470281699/Rapido/PAYTM/rapido@icici/UPI,170703138955,560.30,,416927.36
21-Jul-2025,ATM CASH WITHDRAWAL/91504/PATNA,957224506587,"5,500.00",,411427.36
21-Jul-2025,POS D MART PATNA,501726498944,"6,000.15",,405427.21
23-Jul-2025,POS HP PETROL PUMP PATNA,300878018186,"3,600.69",,401826.52
23-Jul-2025,UPI/DR/079902406522/Jio/PAYTM/airtel@axis/UPI,035711237218,609.00,,401217.52
23-Jul-2025,UPI/DR/555706757304/Siddharth/UCBA/siddharthkapo42@ptaxis/UPI,872872343777,"14,200.54",,387016.98
23-Jul-2025,UPI/DR/521150798740/MakeMyTrip/ICICI/makemytrip@axisbank/UPI,482460291448,449.00,,386567.98
23-Jul-2025,UPI/DR/988163055297/Varsha/UTIB/2099011513@ptyes/UPI,744082738237,"4,050.86",,382517.12
23-Jul-2025,UPI/DR/086748491305/MSEDCL/UPIN/msedclpayment@upi/UPI,967914371164,"3,050.32",,379466.80
24-Jul-2025,UPI/DR/990308310375/ACT/RAZORPAY/broadband@paytm/UPI,677172333591,"1,299.00",,378167.80
24-Jul-2025,UPI/CR/967357709898/Anita/SBIN/anita218@ybl/UPI,402138876273,,"11,550.25",389718.05
24-Jul-2025,UPI/DR/135355652345/Indane/ICICI/indanegas@upi/UPI,330836885245,"2,600.67",,387117.38
26-Jul-2025,IMPS-871999408346-Pallavi Mishra,017185903559,"29,500.39",,357616.99
27-Jul-2025,UPI/DR/753879830939/Zepto/ICICI/zepto@apl/UPI,929764962900,"1,570.42",,356046.57
29-Jul-2025,UPI/DR/761225840481/BigBasket/ICICI/bigbasket@ybl/UPI,880204049310,"2,800.11",,353246.46
30-Jul-2025,UPI/DR/750682245004/Flipkart/ICICI/flipkart@ybl/UPI,122482349158,"1,050.50",,352195.96
31-Jul-2025,POS SHELL FUEL STATION PATNA,886548012648,"1,700.31",,350495.65
31-Jul-2025,UPI/CR/401088972718/Rekha/HDFC/5437362777@aubank/UPI,473587849462,,"8,900.94",359396.59
02-Aug-2025,SALARY CREDIT/S6342487590514/Raymond Ltd,927491991409,,"89,477.19",448873.78
02-Aug-2025,UPI/CR/006984416296/Siddharth/FDRL/1645610188@aubank/UPI,688326221732,,"17,950.66",466824.44
02-Aug-2025,UPI/CR/575237525249/Sapna/BARB/1057828131@paytm/UPI,172839635338,,"10,700.79",477525.23
03-Aug-2025,UPI/DR/979471470023/Uber/PAYTM/uber@paytm/UPI,513059715061,240.04,,477285.19
03-Aug-2025,NACH/MANDATE/RNT3089604/RENT MANDATE,186916284105,"9,000.00",,468285.19
03-Aug-2025,UPI/DR/261755560118/BSNL/ICICI/bsnlbroadband@upi/UPI,922657035805,500.76,,467784.43
03-Aug-2025,UPI/CR/103575110264/Radha/BKID/radha.bajaj@okaxis/UPI,306916320018,,"9,400.66",477185.09
03-Aug-2025,UPI/DR/248332587902/IRCTC/ICICI/irctc@upi/UPI,389117587376,199.00,,476986.09
03-Aug-2025,UPI/DR/740439536730/Nykaa/PAYTM/nykaa@razorpay/UPI,568004218808,"4,200.38",,472785.71
05-Aug-2025,UPI/CR/254089417479/Nikhil/HDFC/nikhilmalh59@okaxis/UPI,497476173353,,"12,550.96",485336.67
05-Aug-2025,POS METRO CASH CARRY PATNA,858956921661,"4,100.96",,481235.71
05-Aug-2025,UPI/DR/873543337080/Amazon/ICICI/amazon@apl/UPI,951365455978,"1,160.51",,480075.20
07-Aug-2025,POS HP PETROL PUMP PATNA,032375563451,"2,350.04",,477725.16
07-Aug-2025,UPI/DR/730253286388/Siddharth/UCBA/siddharth952@ptaxis/UPI,604971589353,"21,150.12",,456575.04
07-Aug-2025,UPI/CR/417639250449/Tarun/BKID/6064409428@oksbi/UPI,189050401201,,"11,450.07",468025.11
08-Aug-2025,UPI/DR/967321518893/Gopal/BKID/gopal.jain@okhdfcbank/UPI,405949415368,"13,250.95",,454774.16
08-Aug-2025,UPI/DR/272914408494/Rapido/PAYTM/rapido@icici/UPI,750536883377,340.72,,454433.44
08-Aug-2025,UPI/DR/165330938166/Jio/PAYTM/airtel@axis/UPI,917864611370,899.00,,453534.44
08-Aug-2025,UPI/DR/818366687919/Jio/PAYTM/airtel@axis/UPI,037890864270,529.00,,453005.44
09-Aug-2025,UPI/CR/755790806394/Pankaj/HDFC/pankaj.iyer@okicici/UPI,194222588600,,"14,500.12",467505.56
09-Aug-2025,UPI/DR/923170578056/Flipkart/PAYTM/flipkart@ybl/UPI,836136452786,"2,050.27",,465455.29
10-Aug-2025,UPI/DR/948276520852/Siddharth/FDRL/siddharthbose12@ybl/UPI,688394136212,"17,400.00",,448055.29
10-Aug-2025,UPI/CR/661632971071/Anita/BDBL/anitapand68@ibl/UPI,961095165893,,"13,500.11",461555.40
11-Aug-2025,UPI/CR/060686866503/Neha/BKID/neha.agarwal@kotak/UPI,149968879739,,"16,050.90",477606.30
11-Aug-2025,ATM CASH WITHDRAWAL/82482/PATNA,327673424400,"3,500.00",,474106.30
12-Aug-2025,UPI/DR/036673966677/Zomato/ICICI/zomato@axisbank/UPI,257004291931,"1,550.21",,472556.09
13-Aug-2025,UPI/DR/909655567396/Ajay/SBIN/ajay492@okicici/UPI,718759837476,"1,500.67",,471055.42
15-Aug-2025,POS SHOPPERS STOP PATNA,454733319124,"6,450.03",,464605.39
16-Aug-2025,ATM CASH WITHDRAWAL/04112/PATNA,986018783837,"1,000.00",,463605.39
17-Aug-2025,NACH/MANDATE/SIP6406529/Axis Mutual Fund,817627052017,"6,000.00",,457605.39
17-Aug-2025,POS RELIANCE PETROLEUM PATNA,920869267541,"1,750.97",,455854.42
17-Aug-2025,UPI/DR/784748721150/Radha/BDBL/radha.jain@ybl/UPI,961174125918,"21,100.87",,434753.55
18-Aug-2025,UPI/DR/100340330646/Paytm/ICICI/paytm@paytm/UPI,725683324165,"2,710.81",,432042.74
18-Aug-2025,ATM CASH WITHDRAWAL/73301/PATNA,632381380480,"3,000.00",,429042.74
18-Aug-2025,ATM CASH WITHDRAWAL/30271/PATNA,106520084092,"9,000.00",,420042.74
18-Aug-2025,UPI/DR/492167567120/Shreya/BKID/shreya204@okhdfcbank/UPI,564560781464,"8,150.24",,411892.50
18-Aug-2025,UPI/CR/907209149396/Kapil/PUNB/kapil.nair@paytm/UPI,595249969440,,"21,100.38",432992.88
19-Aug-2025,ATM CASH WITHDRAWAL/48787/PATNA,644111974631,"1,000.00",,431992.88
19-Aug-2025,POS SHELL FUEL STATION PATNA,582319300837,"2,050.87",,429942.01
19-Aug-2025,POS SHELL FUEL STATION PATNA,214414285347,"1,750.83",,428191.18
20-Aug-2025,UPI/DR/268023578171/Ola/PAYTM/olamoney@ola/UPI,948061101479,680.46,,427510.72
21-Aug-2025,UPI/DR/836907011046/Vishal/FDRL/vishal.banerjee@ptyes/UPI,288423404267,"1,800.05",,425710.67
22-Aug-2025,UPI/DR/540005195283/Ola/PAYTM/olamoney@ola/UPI,721217512205,790.69,,424919.98
22-Aug-2025,UPI/DR/260089976285/Indane/ICICI/indanegas@upi/UPI,759447131691,950.12,,423969.86
23-Aug-2025,UPI/DR/050608140644/MSEDCL/UPIN/msedclpayment@upi/UPI,752452802643,"2,750.86",,421219.00
24-Aug-2025,UPI/DR/281396969036/Babita/FDRL/babitanair90@apl/UPI,198800356809,"10,450.98",,410768.02
25-Aug-2025,ATM CASH WITHDRAWAL/52516/PATNA,058921187976,"3,000.00",,407768.02
25-Aug-2025,IMPS-253569396632-Naresh Naik,883309393970,"28,300.63",,379467.39
25-Aug-2025,UPI/DR/757600884946/Blinkit/ICICI/blinkit@kotak/UPI,226432361482,750.48,,378716.91
25-Aug-2025,UPI/DR/856901564228/Jio/PAYTM/airtel@axis/UPI,012095675233,769.00,,377947.91
25-Aug-2025,UPI/CR/729215928358/Pooja/BKID/pooja244@okaxis/UPI,050670535647,,"4,300.03",382247.94
25-Aug-2025,UPI/DR/201795987833/Flipkart/ICICI/flipkart@ybl/UPI,477464829714,"2,450.76",,379797.18
26-Aug-2025,UPI/DR/872068141940/Jio/PAYTM/airtel@axis/UPI,146528049432,219.00,,379578.18
27-Aug-2025,POS BRAND FACTORY PATNA,045189638566,"5,550.94",,374027.24
27-Aug-2025,UPI/DR/433399048813/BSNL/ICICI/bsnlbroadband@upi/UPI,470138369370,"2,370.01",,371657.23
29-Aug-2025,UPI/DR/081127181313/Zepto/ICICI/zepto@apl/UPI,351531158921,410.90,,371246.33
29-Aug-2025,UPI/DR/359541595417/Amazon/ICICI/amazon@apl/UPI,144719838348,"1,560.40",,369685.93
31-Aug-2025,ACCOUNT MAINTENANCE FEE,281494252224,420.00,,369265.93
31-Aug-2025,GST ON CHARGES,329860081375,75.60,,369190.33
02-Sep-2025,UPI/CR/336020120789/Sunil/FDRL/sunil503@pthdfc/UPI,976098053430,,"7,300.05",376490.38
03-Sep-2025,ATM CASH WITHDRAWAL/76887/PATNA,035910625465,"4,500.00",,371990.38
03-Sep-2025,UPI/CR/846851277809/Rajesh/BARB/rajeshnaik81@axl/UPI,800521112640,,"5,750.31",377740.69
03-Sep-2025,UPI/DR/629661871699/Myntra/PAYTM/myntra@ybl/UPI,928662100543,"5,400.58",,372340.11
04-Sep-2025,UPI/DR/982308097337/MakeMyTrip/ICICI/makemytrip@axisbank/UPI,006508709796,599.00,,371741.11
04-Sep-2025,UPI/DR/798006752190/Archana/HDFC/archanamish98@okhdfcbank/UPI,212458022966,"18,750.57",,352990.54
04-Sep-2025,ATM CASH WITHDRAWAL/40601/PATNA,544572897077,"5,000.00",,347990.54
05-Sep-2025,SALARY CREDIT/S4803571112228/Raymond Ltd,343719057548,,"92,445.19",440435.73
05-Sep-2025,UPI/DR/521628120327/Dunzo/ICICI/dunzo@razorpay/UPI,804069458477,"2,120.21",,438315.52
06-Sep-2025,NACH/MANDATE/RNT9937060/RENT MANDATE,021988740916,"9,000.00",,429315.52
07-Sep-2025,UPI/DR/966476320919/Paytm/ICICI/paytm@paytm/UPI,553750593892,670.96,,428644.56
07-Sep-2025,UPI/DR/710218265050/Netmeds/ICICI/netmeds@paytm/UPI,122596335443,"2,100.16",,426544.40
07-Sep-2025,UPI/CR/626862954421/Vishal/BDBL/vishal.banerjee@aubank/UPI,078275052898,,"15,950.05",442494.45
08-Sep-2025,ATM CASH WITHDRAWAL/88401/PATNA,915167985172,"6,500.00",,435994.45
09-Sep-2025,POS VISHAL MEGA MART PATNA,305983527245,"7,650.44",,428344.01
10-Sep-2025,UPI/DR/479419462248/Nykaa/PAYTM/nykaa@razorpay/UPI,668957220487,"2,750.03",,425593.98
10-Sep-2025,UPI/DR/123205319025/Zomato/ICICI/zomato@axisbank/UPI,923353390643,"1,960.71",,423633.27
11-Sep-2025,UPI/DR/559136471217/Bajaj/LICI/licindia@licindia/UPI,407306592276,"6,500.00",,417133.27
11-Sep-2025,UPI/DR/883922594815/Jio/ICICI/jio@paytm/UPI,864411047558,550.04,,416583.23
12-Sep-2025,POS RELIANCE PETROLEUM PATNA,047590057523,"3,250.32",,413332.91
12-Sep-2025,UPI/DR/682323152933/Amazon/ICICI/amazon@apl/UPI,476015270253,840.82,,412492.09
13-Sep-2025,ATM CASH WITHDRAWAL/86118/PATNA,805924370342,"7,000.00",,405492.09
13-Sep-2025,UPI/DR/912176731534/Myntra/ICICI/myntra@ybl/UPI,193988497611,399.00,,405093.09
14-Sep-2025,UPI/DR/731586825352/Vikram/SBIN/vikram653@oksbi/UPI,011005672679,"4,000.77",,401092.32
14-Sep-2025,UPI/DR/874948274208/Zepto/ICICI/zepto@apl/UPI,355447234460,"1,280.09",,399812.23
14-Sep-2025,NACH/MANDATE/SIP5392140/Axis Mutual Fund,186927946023,"6,000.00",,393812.23
15-Sep-2025,IMPS-693102597976-Deepak Ghosh,920112314049,"31,700.05",,362112.18
16-Sep-2025,UPI/DR/404072339567/Mohan/UTIB/mohan130@upi/UPI,555325404810,"11,950.43",,350161.75
16-Sep-2025,POS HP PETROL PUMP PATNA,949771271800,"1,750.19",,348411.56
17-Sep-2025,UPI/DR/365053120648/Ankit/UCBA/ankitkuma54@axl/UPI,595562382155,"7,250.01",,341161.55
18-Sep-2025,UPI/DR/124512284084/PhonePe/ICICI/phonepe@ybl/UPI,497851589241,"2,270.05",,338891.50
18-Sep-2025,UPI/DR/420350251539/Indane/ICICI/indanegas@upi/UPI,381958888439,"1,800.63",,337090.87
18-Sep-2025,UPI/DR/839684216060/Uber/PAYTM/uber@paytm/UPI,970876596801,540.68,,336550.19
18-Sep-2025,UPI/DR/675909558332/MSEDCL/UPIN/msedclpayment@upi/UPI,967426589486,"3,100.59",,333449.60
19-Sep-2025,ATM CASH WITHDRAWAL/87053/PATNA,621058364266,"4,000.00",,329449.60
21-Sep-2025,POS STAR BAZAAR PATNA,778989416030,"1,500.87",,327948.73
21-Sep-2025,POS BIG BAZAAR PATNA,879236397997,"4,050.06",,323898.67
21-Sep-2025,UPI/CR/853077087953/Rohit/BDBL/rohit.malhotra@upi/UPI,027381115022,,"18,050.66",341949.33
21-Sep-2025,UPI/DR/544691084907/Jio/PAYTM/airtel@axis/UPI,161737911375,669.00,,341280.33
21-Sep-2025,POS BIG BAZAAR PATNA,136568373458,"6,050.47",,335229.86
22-Sep-2025,UPI/DR/644742650174/Jio/PAYTM/airtel@axis/UPI,920704940659,789.00,,334440.86
22-Sep-2025,UPI/DR/861751764467/Amazon/ICICI/amazon@apl/UPI,506572377498,"2,380.70",,332060.16
24-Sep-2025,UPI/DR/838910505781/Ola/PAYTM/olamoney@ola/UPI,965580583878,670.60,,331389.56
24-Sep-2025,UPI/DR/126197759914/Jyoti/UTIB/1619934184@ibl/UPI,872428334394,"5,800.07",,325589.49
25-Sep-2025,UPI/DR/092993856989/Ola/ICICI/olamoney@ola/UPI,580911348362,"1,850.30",,323739.19
25-Sep-2025,UPI/DR/904149650606/Uber/PAYTM/uber@paytm/UPI,478134042424,760.73,,322978.46
25-Sep-2025,UPI/DR/012904282185/BigBasket/ICICI/bigbasket@ybl/UPI,804785348157,"2,020.71",,320957.75
26-Sep-2025,UPI/DR/792363979019/Akash/SBIN/akash270@apl/UPI,763585234870,"16,250.61",,304707.14
27-Sep-2025,UPI/DR/146061781441/Amazon/ICICI/amazon@apl/UPI,404685192448,230.31,,304476.83
28-Sep-2025,INTEREST CREDIT,456862390218,,660.76,305137.59
29-Sep-2025,UPI/DR/533906915077/Sushma/FDRL/sushma.rao@aubank/UPI,928921101178,"17,050.38",,288087.21
30-Sep-2025,UPI/DR/344447596918/Ola/ICICI/olamoney@ola/UPI,090123305732,"2,430.22",,285656.99
30-Sep-2025,UPI/DR/149062067649/Zomato/ICICI/zomato@axisbank/UPI,595316251548,"2,320.25",,283336.74
30-Sep-2025,UPI/DR/385271103161/BigBasket/ICICI/bigbasket@ybl/UPI,392663265095,"1,500.03",,281836.71
01-Oct-2025,UPI/CR/046490974173/Girish/HDFC/girishpati94@ptyes/UPI,320245436690,,"6,100.98",287937.69
01-Oct-2025,UPI/DR/684671229077/Paytm/ICICI/paytm@paytm/UPI,551603627610,"2,180.42",,285757.27
01-Oct-2025,UPI/DR/935595884512/Ola/PAYTM/olamoney@ola/UPI,334432787235,230.83,,285526.44
02-Oct-2025,UPI/DR/165362788797/Ola/ICICI/olamoney@ola/UPI,130793227057,810.06,,284716.38
02-Oct-2025,SALARY CREDIT/S9256111796215/Raymond Ltd,589978313954,,"93,608.19",378324.57
02-Oct-2025,UPI/DR/566577490549/Rapido/PAYTM/rapido@icici/UPI,615326782601,260.87,,378063.70
02-Oct-2025,UPI/DR/781489384111/BSNL/ICICI/bsnlbroadband@upi/UPI,235697286888,"2,180.61",,375883.09
03-Oct-2025,POS BHARAT PETROLEUM PATNA,086539735738,"3,650.35",,372232.74
03-Oct-2025,UPI/DR/942775209869/Myntra/PAYTM/myntra@ybl/UPI,684416126485,"2,850.95",,369381.79
04-Oct-2025,UPI/DR/207791869619/Jio/PAYTM/airtel@axis/UPI,109218283844,889.00,,368492.79
04-Oct-2025,UPI/DR/998731363523/Swiggy/ICICI/swiggy@icici/UPI,022186739802,510.35,,367982.44
04-Oct-2025,UPI/DR/308439234678/Apollo/ICICI/apollopharmacy@ybl/UPI,510223459265,649.00,,367333.44
06-Oct-2025,UPI/DR/576006717014/Swiggy/ICICI/swiggy@icici/UPI,825744003546,390.59,,366942.85
06-Oct-2025,NACH/MANDATE/RNT8606038/RENT MANDATE,942857159723,"9,000.00",,357942.85
06-Oct-2025,UPI/DR/971486013896/Mina/KKBK/4181419793@ptyes/UPI,584765299174,"9,700.38",,348242.47
07-Oct-2025,UPI/DR/282195549081/Sarita/BDBL/sarita.patel@ybl/UPI,435874123187,"19,650.10",,328592.37
07-Oct-2025,UPI/CR/357926137773/Varun/BKID/varun.reddy@kotak/UPI,168510343151,,"14,900.36",343492.73
07-Oct-2025,UPI/DR/007485003332/Sachin/UCBA/sachinahuj93@okaxis/UPI,597883337388,"21,000.83",,322491.90
08-Oct-2025,ATM CASH WITHDRAWAL/25120/PATNA,441096401342,"1,000.00",,321491.90
08-Oct-2025,POS D MART PATNA,925729408313,"7,950.45",,313541.45
09-Oct-2025,UPI/DR/733005938735/Amazon/PAYTM/amazon@apl/UPI,738804530589,"5,000.38",,308541.07
10-Oct-2025,UPI/DR/680281562941/Zomato/ICICI/zomato@axisbank/UPI,686348383639,820.24,,307720.83
10-Oct-2025,UPI/DR/389607086499/Uber/PAYTM/uber@paytm/UPI,183333051490,700.48,,307020.35
11-Oct-2025,UPI/DR/589778297817/PhonePe/ICICI/phonepe@ybl/UPI,617652313515,"1,280.96",,305739.39
11-Oct-2025,POS MORE SUPER MARKET PATNA,041815154727,"7,400.52",,298338.87
11-Oct-2025,UPI/DR/743585602648/Ola/ICICI/olamoney@ola/UPI,509714390186,930.80,,297408.07
12-Oct-2025,NACH/MANDATE/SIP3437084/Axis Mutual Fund,410793463825,"6,000.00",,291408.07
12-Oct-2025,UPI/DR/601305244718/MSEDCL/UPIN/msedclpayment@upi/UPI,730199742666,700.37,,290707.70
14-Oct-2025,POS D MART PATNA,869433885200,"2,150.62",,288557.08
14-Oct-2025,UPI/CR/329637351912/Usha/FDRL/usha.kumar@okhdfcbank/UPI,770618752208,,"21,200.50",309757.58
15-Oct-2025,UPI/DR/511885457108/Mukesh/UCBA/mukesh.dutta@okaxis/UPI,867228642425,"5,900.69",,303856.89
15-Oct-2025,UPI/DR/113346227124/Dunzo/ICICI/dunzo@razorpay/UPI,230303717840,"2,160.22",,301696.67
16-Oct-2025,POS BHARAT PETROLEUM PATNA,771369470336,"2,650.15",,299046.52
16-Oct-2025,UPI/DR/411668234141/Indane/ICICI/indanegas@upi/UPI,038770979788,850.63,,298195.89
17-Oct-2025,POS INDIAN OIL PATNA,366384621652,"3,650.95",,294544.94
17-Oct-2025,ATM CASH WITHDRAWAL/36602/PATNA,229636191687,"8,500.00",,286044.94
17-Oct-2025,UPI/DR/785923720075/Vikram/BARB/vikram.shah@okaxis/UPI,930520901410,"8,400.40",,277644.54
18-Oct-2025,UPI/DR/452897380347/Jyoti/UTIB/jyoti526@upi/UPI,450260864371,"4,250.60",,273393.94
20-Oct-2025,UPI/DR/244587886492/Myntra/ICICI/myntra@ybl/UPI,116060128738,799.00,,272594.94
21-Oct-2025,UPI/DR/083564554579/Paytm/ICICI/paytm@paytm/UPI,308394476227,"2,510.94",,270084.00
21-Oct-2025,UPI/DR/774448710652/Vishal/PUNB/1894130879@okaxis/UPI,820753542790,"11,500.07",,258583.93
21-Oct-2025,UPI/DR/347163640263/BigBasket/ICICI/bigbasket@ybl/UPI,349046018770,"2,300.45",,256283.48
21-Oct-2025,ATM CASH WITHDRAWAL/40201/PATNA,876850931037,"1,000.00",,255283.48
21-Oct-2025,UPI/DR/813450361946/Naresh/BARB/naresh.tiwari@ptyes/UPI,982965539632,"13,350.53",,241932.95
21-Oct-2025,POS CENTRAL MALL PATNA,599962430562,"4,200.69",,237732.26
22-Oct-2025,POS D MART PATNA,419701804051,"3,350.95",,234381.31
22-Oct-2025,POS LIFESTYLE STORES PATNA,270999135113,"6,050.84",,228330.47
23-Oct-2025,UPI/DR/270898905527/BigBasket/ICICI/bigbasket@ybl/UPI,086787580882,"2,370.92",,225959.55
23-Oct-2025,UPI/DR/782022539803/Sushma/BARB/sushma.ahuja@apl/UPI,879606202381,"14,250.19",,211709.36
23-Oct-2025,ATM CASH WITHDRAWAL/01431/PATNA,731198777737,"4,000.00",,207709.36
24-Oct-2025,UPI/CR/603817299232/Meena/UCBA/9140317362@pthdfc/UPI,160908971600,,"1,600.48",209309.84
26-Oct-2025,UPI/DR/322489338713/Rapido/PAYTM/rapido@icici/UPI,281435913173,550.98,,208758.86
26-Oct-2025,UPI/DR/099680436987/PhonePe/ICICI/phonepe@ybl/UPI,770611318069,"1,200.69",,207558.17
26-Oct-2025,UPI/DR/321739775593/Seema/UCBA/2499559101@ibl/UPI,442309377721,"15,700.29",,191857.88
27-Oct-2025,UPI/DR/017014492776/Jio/PAYTM/airtel@axis/UPI,311959052534,309.00,,191548.88
28-Oct-2025,UPI/CR/999906523158/Nisha/KKBK/nisha698@okhdfcbank/UPI,783748728436,,"3,000.93",194549.81
29-Oct-2025,UPI/DR/560215292103/Jio/PAYTM/airtel@axis/UPI,507815457960,269.00,,194280.81
30-Oct-2025,UPI/DR/394482051093/Blinkit/ICICI/blinkit@kotak/UPI,212848367050,170.98,,194109.83
01-Nov-2025,UPI/DR/617812768981/Swiggy/ICICI/swiggy@icici/UPI,010116195333,"1,080.15",,193029.68
01-Nov-2025,UPI/DR/076755096265/Swiggy/ICICI/swiggy@icici/UPI,931371511116,"1,010.11",,192019.57
02-Nov-2025,UPI/DR/029668950204/Myntra/PAYTM/myntra@ybl/UPI,706190585076,"4,300.80",,187718.77
03-Nov-2025,UPI/DR/913172637287/Meesho/PAYTM/meesho@ybl/UPI,376060343999,"4,100.38",,183618.39
03-Nov-2025,UPI/DR/862357258772/Renu/BKID/renuverm75@ptsbi/UPI,939835710131,"8,150.35",,175468.04
04-Nov-2025,SALARY CREDIT/S6802796010710/Raymond Ltd,639151843540,,"91,029.19",266497.23
05-Nov-2025,NACH/MANDATE/RNT7096617/RENT MANDATE,781832968236,"9,000.00",,257497.23
05-Nov-2025,ATM CASH WITHDRAWAL/00354/PATNA,439250375070,"8,500.00",,248997.23
05-Nov-2025,UPI/DR/928119236092/Ola/PAYTM/olamoney@ola/UPI,184499575743,390.18,,248607.05
06-Nov-2025,POS RELIANCE MART PATNA,116753882216,"2,150.63",,246456.42
07-Nov-2025,POS INDIAN OIL PATNA,824224910264,"3,700.57",,242755.85
07-Nov-2025,POS HP PETROL PUMP PATNA,254451162650,"3,100.04",,239655.81
07-Nov-2025,UPI/DR/894336441948/Flipkart/ICICI/flipkart@ybl/UPI,192735955464,760.26,,238895.55
08-Nov-2025,POS STAR BAZAAR PATNA,941690265407,"1,900.49",,236995.06
09-Nov-2025,NEFT/N5708257265561/IBM India Pvt Ltd,955292877492,,"23,000.26",259995.32
09-Nov-2025,UPI/DR/983377426876/Uber/ICICI/uber@paytm/UPI,221452898620,"1,050.78",,258944.54
10-Nov-2025,UPI/DR/979585972980/Ola/PAYTM/olamoney@ola/UPI,472589124091,290.48,,258654.06
10-Nov-2025,UPI/DR/730472959412/Rekha/HDFC/1752090938@okhdfcbank/UPI,916966386452,"4,400.73",,254253.33
10-Nov-2025,UPI/DR/315499756211/Netmeds/ICICI/netmeds@paytm/UPI,867371816444,"3,430.35",,250822.98
11-Nov-2025,UPI/DR/781640205997/Blinkit/ICICI/blinkit@kotak/UPI,331069527080,"1,860.49",,248962.49
12-Nov-2025,UPI/CR/388588696014/Kamal/KKBK/kamal407@kotak/UPI,345338941484,,"20,600.12",269562.61
12-Nov-2025,UPI/CR/479559403379/Rani/UCBA/rani966@ptsbi/UPI,158567768931,,"5,350.89",274913.50
12-Nov-2025,UPI/CR/540328400556/Ritu/UTIB/ritukulk91@okhdfcbank/UPI,773769245056,,"16,600.56",291514.06
13-Nov-2025,UPI/CR/133908623835/Deepa/BARB/deepa441@okicici/UPI,270759375992,,150.57,291664.63
14-Nov-2025,POS BIG BAZAAR PATNA,573858512037,"4,250.44",,287414.19
15-Nov-2025,UPI/DR/025697019336/Ola/PAYTM/olamoney@ola/UPI,632006014629,300.65,,287113.54
15-Nov-2025,UPI/DR/063706178899/Jio/ICICI/jio@paytm/UPI,958420706654,"2,250.52",,284863.02
16-Nov-2025,UPI/DR/011070498512/Rohit/KKBK/6335990163@apl/UPI,272993671145,"18,400.35",,266462.67
16-Nov-2025,UPI/DR/801173440402/Dunzo/ICICI/dunzo@razorpay/UPI,299086797128,390.01,,266072.66
16-Nov-2025,UPI/DR/121495963440/Ola/PAYTM/olamoney@ola/UPI,650578582926,440.69,,265631.97
16-Nov-2025,UPI/DR/236424486777/Jio/PAYTM/airtel@axis/UPI,862694378281,459.00,,265172.97
16-Nov-2025,UPI/DR/516604440740/ACT/RAZORPAY/broadband@paytm/UPI,238132557641,899.00,,264273.97
16-Nov-2025,UPI/CR/113289474674/Naveen/BKID/naveen464@ptsbi/UPI,705873110534,,"15,300.16",279574.13
18-Nov-2025,UPI/DR/931344049128/Swiggy/ICICI/swiggy@icici/UPI,290358549802,"2,600.91",,276973.22
18-Nov-2025,UPI/DR/011963209360/Jio/PAYTM/airtel@axis/UPI,965655077506,839.00,,276134.22
19-Nov-2025,NACH/MANDATE/SIP8329921/Axis Mutual Fund,313735202814,"6,000.00",,270134.22
19-Nov-2025,ATM CASH WITHDRAWAL/36292/PATNA,488437162557,"4,000.00",,266134.22
19-Nov-2025,UPI/DR/322910344480/Jio/PAYTM/airtel@axis/UPI,794564134124,309.00,,265825.22
19-Nov-2025,UPI/DR/404971932066/Ola/PAYTM/olamoney@ola/UPI,322242135434,200.88,,265624.34
20-Nov-2025,POS V MART PATNA,319127308695,"1,400.88",,264223.46
20-Nov-2025,UPI/DR/028979610152/Swiggy/ICICI/swiggy@icici/UPI,232808719953,"1,780.05",,262443.41
20-Nov-2025,UPI/DR/352717082797/Indane/ICICI/indanegas@upi/UPI,195822149077,"1,050.87",,261392.54
21-Nov-2025,UPI/DR/614168746532/Paytm/ICICI/paytm@paytm/UPI,734092763062,"1,700.73",,259691.81
21-Nov-2025,UPI/DR/070082929943/MSEDCL/UPIN/msedclpayment@upi/UPI,871720969763,"1,350.97",,258340.84
21-Nov-2025,UPI/DR/547891807970/BigBasket/ICICI/bigbasket@ybl/UPI,845350182062,"2,040.37",,256300.47
22-Nov-2025,UPI/DR/688010231308/Pooja/HDFC/pooja976@ptyes/UPI,609771059559,"5,050.04",,251250.43
23-Nov-2025,UPI/DR/976481566827/Ajay/BDBL/ajaypill10@okicici/UPI,364508999180,"17,950.01",,233300.42
23-Nov-2025,UPI/DR/695587649083/Uber/PAYTM/uber@paytm/UPI,651113787952,840.71,,232459.71
24-Nov-2025,UPI/DR/135150182795/Zomato/ICICI/zomato@axisbank/UPI,389102821149,"2,240.53",,230219.18
25-Nov-2025,UPI/DR/976765483460/Jio/PAYTM/airtel@axis/UPI,965278793235,959.00,,229260.18
25-Nov-2025,UPI/DR/521254083647/Zomato/ICICI/zomato@axisbank/UPI,453638446958,"2,040.57",,227219.61
26-Nov-2025,UPI/CR/407588926648/Mamta/HDFC/mamtashah49@ptsbi/UPI,083848597598,,"10,100.93",237320.54
26-Nov-2025,POS PANTALOONS PATNA,137920367780,"4,800.79",,232519.75
26-Nov-2025,IMPS-613954244862-Naveen Sharma,734661279431,"34,000.13",,198519.62
27-Nov-2025,POS VISHAL MEGA MART PATNA,246272013187,"7,150.50",,191369.12
28-Nov-2025,UPI/DR/759051918049/Jyoti/SBIN/jyoti.saxena@kotak/UPI,863806153526,"10,950.14",,180418.98
29-Nov-2025,ACCOUNT MAINTENANCE FEE,081382908187,110.00,,180308.98
29-Nov-2025,GST ON CHARGES,087683869293,19.80,,180289.18
01-Dec-2025,UPI/CR/898772340116/Shreya/HDFC/9769979405@ptyes/UPI,279583805042,,"13,650.40",193939.58
01-Dec-2025,UPI/DR/476303597665/Flipkart/ICICI/flipkart@ybl/UPI,062314483483,"2,070.07",,191869.51
01-Dec-2025,ATM CASH WITHDRAWAL/44904/PATNA,114533547223,"3,500.00",,188369.51
01-Dec-2025,UPI/CR/063339742730/Vivek/KKBK/vivekshah40@axl/UPI,239086742081,,"18,850.77",207220.28
02-Dec-2025,POS SHOPPERS STOP PATNA,445886151207,"7,350.96",,199869.32
02-Dec-2025,UPI/DR/095499262951/Meesho/PAYTM/meesho@ybl/UPI,129970916008,"1,900.45",,197968.87
03-Dec-2025,UPI/CR/047748517878/Lata/BDBL/lata547@axl/UPI,675979621793,,"3,250.52",201219.39
03-Dec-2025,UPI/DR/589491315240/Uber/PAYTM/uber@paytm/UPI,498971429987,900.29,,200319.10
03-Dec-2025,POS V MART PATNA,367145188758,"4,500.13",,195818.97
04-Dec-2025,UPI/DR/116029772151/Bajaj/LICI/licindia@licindia/UPI,341218120160,"6,500.00",,189318.97
04-Dec-2025,UPI/DR/590885552437/Uber/ICICI/uber@paytm/UPI,218699643568,560.81,,188758.16
05-Dec-2025,UPI/CR/769763380637/Rakesh/SBIN/rakeshshah40@okhdfcbank/UPI,709177362136,,"21,900.31",210658.47
05-Dec-2025,SALARY CREDIT/S4851849011895/Raymond Ltd,970482443860,,"89,439.19",300097.66
05-Dec-2025,UPI/DR/278411972310/Rekha/BDBL/rekha.nambiar@apl/UPI,002239338021,"15,900.51",,284197.15
07-Dec-2025,POS VISHAL MEGA MART PATNA,739676540203,"5,900.90",,278296.25
07-Dec-2025,UPI/DR/469099636913/Sumit/BDBL/sumitdesa60@kotak/UPI,874283904741,"10,350.10",,267946.15
08-Dec-2025,UPI/CR/704421328002/Sneha/KKBK/sneharedd17@ptsbi/UPI,968089087858,,"19,150.57",287096.72
08-Dec-2025,POS RELIANCE MART PATNA,956752484348,"1,900.94",,285195.78
08-Dec-2025,UPI/DR/889674585505/Blinkit/ICICI/blinkit@kotak/UPI,902061672482,810.12,,284385.66
09-Dec-2025,NACH/MANDATE/RNT2729764/RENT MANDATE,442330654452,"9,000.00",,275385.66
09-Dec-2025,UPI/CR/580641625106/Vandana/UCBA/vandana.mishra@paytm/UPI,342917154500,,"6,700.82",282086.48
11-Dec-2025,UPI/DR/201500954455/ACT/RAZORPAY/broadband@paytm/UPI,458524489426,"1,099.00",,280987.48
11-Dec-2025,UPI/DR/634269171873/BigBasket/ICICI/bigbasket@ybl/UPI,711661734652,"1,380.09",,279607.39
11-Dec-2025,POS CENTRAL MALL PATNA,453020232597,"4,950.76",,274656.63
12-Dec-2025,UPI/DR/109217038130/MSEDCL/UPIN/msedclpayment@upi/UPI,310423000132,"3,500.82",,271155.81
12-Dec-2025,UPI/DR/123720390856/Myntra/PAYTM/myntra@ybl/UPI,046323762338,500.06,,270655.75
12-Dec-2025,POS SHELL FUEL STATION PATNA,638784598953,850.20,,269805.55
13-Dec-2025,UPI/DR/100637396111/Jio/PAYTM/airtel@axis/UPI,441543008554,849.00,,268956.55
15-Dec-2025,NACH/MANDATE/SIP7428289/Axis Mutual Fund,207419740298,"6,000.00",,262956.55
15-Dec-2025,UPI/DR/097649405299/Ola/PAYTM/olamoney@ola/UPI,596176856475,260.63,,262695.92
15-Dec-2025,UPI/DR/687251506736/Jio/PAYTM/airtel@axis/UPI,522568557865,409.00,,262286.92
16-Dec-2025,POS PANTALOONS PATNA,482969198198,"2,800.50",,259486.42
16-Dec-2025,UPI/DR/396919608828/Rani/BDBL/rani451@ptsbi/UPI,089272180750,"2,150.12",,257336.30
16-Dec-2025,UPI/DR/665138398744/Flipkart/ICICI/flipkart@ybl/UPI,385828405643,"1,370.94",,255965.36
16-Dec-2025,UPI/CR/502190609268/Kiran/SBIN/kiran650@oksbi/UPI,268190015568,,"2,400.45",258365.81
17-Dec-2025,UPI/DR/632892363369/Swiggy/ICICI/swiggy@icici/UPI,521730196942,"2,370.72",,255995.09
17-Dec-2025,UPI/DR/359280613675/Rapido/PAYTM/rapido@icici/UPI,233075563756,430.11,,255564.98
17-Dec-2025,UPI/DR/431609461325/1mg/ICICI/tatahealth@icici/UPI,838998598936,650.59,,254914.39
18-Dec-2025,UPI/DR/956726761071/Asha/KKBK/ashapand43@ptyes/UPI,858476726711,"21,650.55",,233263.84
20-Dec-2025,IMPS-953538769025-Pallavi Rao,773664678777,"23,000.93",,210262.91
21-Dec-2025,POS INDIAN OIL PATNA,478821270209,"1,100.30",,209162.61
21-Dec-2025,ATM CASH WITHDRAWAL/48056/PATNA,389346382948,"9,000.00",,200162.61
22-Dec-2025,UPI/DR/807607061011/IRCTC/ICICI/irctc@upi/UPI,729134469529,599.00,,199563.61
23-Dec-2025,UPI/DR/235920955980/Mahesh/SBIN/mahesh573@ptaxis/UPI,620773673655,100.75,,199462.86
24-Dec-2025,UPI/DR/297997214254/Jio/PAYTM/airtel@axis/UPI,472515358042,509.00,,198953.86
25-Dec-2025,UPI/DR/528317454245/PhonePe/ICICI/phonepe@ybl/UPI,645399864530,"1,130.26",,197823.60
26-Dec-2025,UPI/DR/967093374964/Indane/ICICI/indanegas@upi/UPI,744630634950,"2,800.63",,195022.97
26-Dec-2025,UPI/CR/015529038192/Amit/UCBA/2318896377@ibl/UPI,453198090278,,"19,900.88",214923.85
26-Dec-2025,INTEREST CREDIT,797694242252,,"1,165.37",216089.22
26-Dec-2025,UPI/DR/611894443194/Sushma/BKID/sushmaahuj85@okicici/UPI,435885916444,"9,350.88",,206738.34
26-Dec-2025,POS BRAND FACTORY PATNA,056607046245,"5,950.70",,200787.64
26-Dec-2025,UPI/DR/678217672571/Swiggy/ICICI/swiggy@icici/UPI,594694188472,340.82,,200446.82
27-Dec-2025,UPI/DR/286044233708/Blinkit/ICICI/blinkit@kotak/UPI,298863233754,"2,100.64",,198346.18
28-Dec-2025,UPI/DR/446787157871/Ola/ICICI/olamoney@ola/UPI,861707599298,"1,420.29",,196925.89
28-Dec-2025,UPI/CR/391692715017/Varun/UCBA/varunmeht81@ptyes/UPI,687368365767,,"9,550.55",206476.44
29-Dec-2025,UPI/DR/547740035421/Nikhil/BDBL/nikhil.pillai@axl/UPI,680747747437,"17,550.67",,188925.77
29-Dec-2025,POS SHELL FUEL STATION PATNA,906089836120,"2,100.06",,186825.71
30-Dec-2025,UPI/CR/721033465415/Shivam/KKBK/7975761525@kotak/UPI,564490654425,,"9,200.12",196025.83
31-Dec-2025,UPI/DR/633576854173/Swiggy/ICICI/swiggy@icici/UPI,414740988998,"1,440.36",,194585.47
31-Dec-2025,UPI/DR/822027155134/Sangita/FDRL/sangitakulk75@okhdfcbank/UPI,670185993767,"15,300.21",,179285.26
01-Jan-2026,POS STAR BAZAAR PATNA,558537113188,650.28,,178634.98
01-Jan-2026,UPI/DR/114764792307/Amit/UTIB/amit.sharma@ybl/UPI,117440310704,900.20,,177734.78
02-Jan-2026,UPI/DR/076413493883/Uber/PAYTM/uber@paytm/UPI,611290958824,660.50,,177074.28
02-Jan-2026,UPI/DR/233787597994/BSNL/ICICI/bsnlbroadband@upi/UPI,726686320790,"1,550.99",,175523.29
03-Jan-2026,UPI/DR/433066691673/Ola/ICICI/olamoney@ola/UPI,203131082545,"1,660.66",,173862.63
03-Jan-2026,UPI/DR/864308454088/Swati/FDRL/swati376@ptaxis/UPI,614102515588,"6,900.57",,166962.06
03-Jan-2026,SALARY CREDIT/S1658583762168/Raymond Ltd,673095068996,,"94,030.19",260992.25
03-Jan-2026,UPI/DR/771487567944/Jio/PAYTM/airtel@axis/UPI,387757757681,849.00,,260143.25
04-Jan-2026,UPI/DR/576353582373/BigBasket/ICICI/bigbasket@ybl/UPI,736739819936,"1,390.63",,258752.62
04-Jan-2026,UPI/DR/475457470670/Maya/KKBK/mayajosh73@aubank/UPI,932105170402,"4,850.77",,253901.85
04-Jan-2026,UPI/DR/978656487590/Rapido/PAYTM/rapido@icici/UPI,281723219318,260.24,,253641.61
04-Jan-2026,UPI/DR/628269854855/Ola/PAYTM/olamoney@ola/UPI,866965236316,200.40,,253441.21
05-Jan-2026,POS HP PETROL PUMP PATNA,109485747046,"3,800.93",,249640.28
06-Jan-2026,UPI/CR/452328000002/Manoj/HDFC/manojbane87@oksbi/UPI,107376716302,,"13,300.39",262940.67
06-Jan-2026,UPI/CR/061001396861/Rahul/BDBL/7684706535@apl/UPI,166887885126,,"13,650.68",276591.35
07-Jan-2026,NACH/MANDATE/RNT3892384/RENT MANDATE,933150364794,"9,000.00",,267591.35
07-Jan-2026,UPI/CR/199897209749/Sumit/PUNB/sumitpati97@oksbi/UPI,567646347191,,"4,050.80",271642.15
07-Jan-2026,UPI/CR/057327412940/Sachin/HDFC/4983512213@paytm/UPI,807318328223,,"20,050.40",291692.55
07-Jan-2026,UPI/DR/282176915654/Jio/PAYTM/airtel@axis/UPI,505008564060,839.00,,290853.55
07-Jan-2026,UPI/DR/614531592889/ACT/RAZORPAY/broadband@paytm/UPI,097559806692,499.00,,290354.55
08-Jan-2026,UPI/DR/858200208678/Rajan/HDFC/rajankuma79@okicici/UPI,219120178422,"16,100.91",,274253.64
08-Jan-2026,UPI/DR/790212540481/Apollo/ICICI/apollopharmacy@ybl/UPI,317435153835,"1,260.01",,272993.63
09-Jan-2026,UPI/DR/465698867322/Myntra/PAYTM/myntra@ybl/UPI,533656707142,"1,800.53",,271193.10
10-Jan-2026,UPI/DR/750240991645/BSNL/ICICI/bsnlbroadband@upi/UPI,411983411965,"2,740.23",,268452.87
11-Jan-2026,UPI/DR/343058166356/Indane/ICICI/indanegas@upi/UPI,736289048237,"2,500.69",,265952.18
11-Jan-2026,POS RELIANCE MART PATNA,407887998485,"5,400.03",,260552.15
12-Jan-2026,UPI/CR/543618792784/Ajay/SBIN/ajay.iyer@ptsbi/UPI,060753325439,,"7,650.91",268203.06
12-Jan-2026,UPI/DR/013122554894/Jyoti/KKBK/jyotighos71@ptaxis/UPI,968226286119,"3,550.66",,264652.40
12-Jan-2026,UPI/DR/513035283973/Akash/HDFC/akash.joshi@upi/UPI,997353005920,"18,500.38",,246152.02
13-Jan-2026,UPI/CR/470185463868/Mahesh/UCBA/maheshmeno20@ybl/UPI,416142075696,,"4,950.47",251102.49
13-Jan-2026,POS SHELL FUEL STATION PATNA,374285411790,"1,600.46",,249502.03
13-Jan-2026,UPI/CR/203916375214/Renu/BDBL/renu.pandey@axl/UPI,017210039096,,"20,550.41",270052.44
14-Jan-2026,UPI/DR/095224304984/MSEDCL/UPIN/msedclpayment@upi/UPI,761647871567,"1,600.71",,268451.73
15-Jan-2026,UPI/DR/287945269274/Ola/ICICI/olamoney@ola/UPI,345696284039,"1,040.14",,267411.59
15-Jan-2026,UPI/DR/141607951597/Amazon/PAYTM/amazon@apl/UPI,204550173800,"4,900.32",,262511.27
15-Jan-2026,UPI/DR/183574864356/Siddharth/SBIN/siddharth374@ybl/UPI,848088014783,"14,200.35",,248310.92
17-Jan-2026,UPI/CR/011572280856/Brijesh/PUNB/brijesh366@okhdfcbank/UPI,979717179369,,"11,450.92",259761.84
17-Jan-2026,ATM CASH WITHDRAWAL/59526/PATNA,726453877332,"8,500.00",,251261.84
17-Jan-2026,POS MORE SUPER MARKET PATNA,847752782915,"7,850.98",,243410.86
18-Jan-2026,NACH/MANDATE/SIP3156798/Axis Mutual Fund,376677064397,"6,000.00",,237410.86
19-Jan-2026,UPI/DR/185889370430/Flipkart/ICICI/flipkart@ybl/UPI,202533382742,590.46,,236820.40
19-Jan-2026,POS VISHAL MEGA MART PATNA,108852279757,"4,900.52",,231919.88
19-Jan-2026,POS RELIANCE PETROLEUM PATNA,633213837888,"2,050.54",,229869.34
19-Jan-2026,POS SHOPPERS STOP PATNA,773302786262,"5,650.63",,224218.71
20-Jan-2026,UPI/CR/656162503007/Mamta/BARB/5551865782@oksbi/UPI,206527350022,,"16,350.76",240569.47
22-Jan-2026,ATM CASH WITHDRAWAL/12667/PATNA,051658744088,"2,000.00",,238569.47
22-Jan-2026,UPI/DR/883883816365/Rapido/PAYTM/rapido@icici/UPI,081221889711,650.73,,237918.74
23-Jan-2026,POS SHELL FUEL STATION PATNA,736367040788,"3,500.96",,234417.78
24-Jan-2026,IMPS-193295456778-Vikram Kapoor,841860210894,"6,400.71",,228017.07
25-Jan-2026,UPI/DR/122509978252/Jio/PAYTM/airtel@axis/UPI,134046404591,479.00,,227538.07
25-Jan-2026,UPI/DR/563450567891/Uber/PAYTM/uber@paytm/UPI,620472262266,870.19,,226667.88
25-Jan-2026,UPI/DR/452859777897/Pooja/SBIN/6423047544@okicici/UPI,336760323509,"19,200.34",,207467.54
26-Jan-2026,UPI/DR/423328209278/Spotify/ICICI/spotify@icici/UPI,662908373993,599.00,,206868.54
27-Jan-2026,UPI/DR/992525097887/Jio/PAYTM/airtel@axis/UPI,431328222090,709.00,,206159.54
27-Jan-2026,UPI/DR/720108545406/Jio/PAYTM/airtel@axis/UPI,244566975017,749.00,,205410.54
27-Jan-2026,IMPS-517816534874-Mukesh Chaudhary,197087375320,"9,600.32",,195810.22
27-Jan-2026,POS V MART PATNA,149380827621,"2,850.20",,192960.02
27-Jan-2026,ATM CASH WITHDRAWAL/45462/PATNA,952490729880,"2,500.00",,190460.02
28-Jan-2026,UPI/DR/889457405814/Zomato/ICICI/zomato@axisbank/UPI,154646247972,"1,930.91",,188529.11
28-Jan-2026,UPI/CR/212446908931/Sanjay/HDFC/sanjay795@upi/UPI,350193033882,,"15,300.27",203829.38
28-Jan-2026,UPI/DR/594880477896/Dunzo/ICICI/dunzo@razorpay/UPI,481545400551,"1,990.42",,201838.96
29-Jan-2026,UPI/DR/823498026983/Blinkit/ICICI/blinkit@kotak/UPI,691657617474,"2,330.81",,199508.15
29-Jan-2026,POS BRAND FACTORY PATNA,189252087121,"6,150.32",,193357.83
29-Jan-2026,UPI/DR/641828698260/Uber/PAYTM/uber@paytm/UPI,451282869376,850.78,,192507.05
29-Jan-2026,UPI/DR/943875366887/Blinkit/ICICI/blinkit@kotak/UPI,502168178518,"2,580.69",,189926.36
30-Jan-2026,POS STAR BAZAAR PATNA,697165432243,"2,550.98",,187375.38
30-Jan-2026,UPI/DR/121157428188/Blinkit/ICICI/blinkit@kotak/UPI,277531478868,720.89,,186654.49
31-Jan-2026,ATM CASH WITHDRAWAL/04350/PATNA,593931302889,"1,500.00",,185154.49
02-Feb-2026,UPI/DR/028894917411/Rapido/PAYTM/rapido@icici/UPI,290902212253,540.01,,184614.48
03-Feb-2026,UPI/DR/382140034288/Uber/PAYTM/uber@paytm/UPI,269695388141,550.62,,184063.86
03-Feb-2026,UPI/DR/284405140307/Sarita/BDBL/saritabane83@oksbi/UPI,310308631284,"3,500.26",,180563.60
03-Feb-2026,UPI/DR/660274074930/Pooja/HDFC/poojapati68@oksbi/UPI,685416715190,"3,350.78",,177212.82
04-Feb-2026,SALARY CREDIT/S7613078796986/Raymond Ltd,927916494458,,"89,570.19",266783.01
05-Feb-2026,ATM CASH WITHDRAWAL/77314/PATNA,711804119876,"7,500.00",,259283.01
05-Feb-2026,UPI/DR/630091170205/BSNL/ICICI/bsnlbroadband@upi/UPI,387832183572,"1,880.14",,257402.87
05-Feb-2026,UPI/DR/431065517159/Rapido/PAYTM/rapido@icici/UPI,557627884822,110.18,,257292.69
06-Feb-2026,UPI/DR/030994525336/Amazon/ICICI/amazon@apl/UPI,772871395114,"1,860.05",,255432.64
06-Feb-2026,UPI/DR/104458289545/Ola/PAYTM/olamoney@ola/UPI,610355242346,220.32,,255212.32
06-Feb-2026,POS MORE SUPER MARKET PATNA,371108770241,"6,150.21",,249062.11
06-Feb-2026,UPI/DR/066427472874/Dunzo/ICICI/dunzo@razorpay/UPI,198984772453,"1,150.78",,247911.33
06-Feb-2026,POS BIG BAZAAR PATNA,042257905873,"3,300.00",,244611.33
07-Feb-2026,POS SHELL FUEL STATION PATNA,384025620234,"2,150.10",,242461.23
07-Feb-2026,UPI/DR/793477323183/Dinesh/FDRL/dineshshar92@oksbi/UPI,529119482619,"8,950.94",,233510.29
07-Feb-2026,NACH/MANDATE/RNT2797254/RENT MANDATE,870343715913,"9,000.00",,224510.29
09-Feb-2026,POS MAX FASHION PATNA,436808930362,"7,100.63",,217409.66
09-Feb-2026,ATM CASH WITHDRAWAL/67494/PATNA,196245201145,"6,000.00",,211409.66
09-Feb-2026,UPI/DR/113540891184/BigBasket/ICICI/bigbasket@ybl/UPI,487693477994,"1,200.26",,210209.40
10-Feb-2026,UPI/DR/903970608395/Zepto/ICICI/zepto@apl/UPI,491874398370,"1,230.97",,208978.43
10-Feb-2026,UPI/DR/773393459225/Ola/ICICI/olamoney@ola/UPI,345632818842,"1,370.21",,207608.22
11-Feb-2026,POS SHELL FUEL STATION PATNA,541921882791,"1,350.06",,206258.16
12-Feb-2026,UPI/DR/425943593983/Blinkit/ICICI/blinkit@kotak/UPI,763411217853,"1,720.24",,204537.92
13-Feb-2026,UPI/CR/991996920606/Amit/PUNB/2312833108@okaxis/UPI,363832764792,,"5,600.95",210138.87
13-Feb-2026,POS STAR BAZAAR PATNA,411786601150,"1,400.67",,208738.20
14-Feb-2026,IMPS-761865534073-Saurabh Pillai,240430275599,"39,300.63",,169437.57
14-Feb-2026,UPI/DR/108049845618/Jio/PAYTM/airtel@axis/UPI,256259841568,559.00,,168878.57
14-Feb-2026,UPI/DR/853072176436/Rapido/PAYTM/rapido@icici/UPI,534624408250,730.78,,168147.79
16-Feb-2026,NACH/MANDATE/SIP5663052/Axis Mutual Fund,740619216898,"6,000.00",,162147.79
16-Feb-2026,UPI/DR/039543676005/ACT/RAZORPAY/broadband@paytm/UPI,595007357318,799.00,,161348.79
16-Feb-2026,UPI/DR/829931846089/Practo/ICICI/practo@paytm/UPI,632317414112,999.00,,160349.79
17-Feb-2026,UPI/DR/854555154435/Jio/PAYTM/airtel@axis/UPI,936686351684,199.00,,160150.79
17-Feb-2026,POS MAX FASHION PATNA,669249841102,"2,900.10",,157250.69
18-Feb-2026,UPI/DR/843762823757/Varsha/BKID/2033998727@axl/UPI,909134669463,"17,950.55",,139300.14
19-Feb-2026,UPI/DR/126637839190/Amazon/PAYTM/amazon@apl/UPI,719504665938,"3,250.81",,136049.33
21-Feb-2026,UPI/DR/781733276239/Arjun/BDBL/arjunagar84@ibl/UPI,080957168211,"15,550.82",,120498.51
21-Feb-2026,UPI/DR/496614587117/Jio/PAYTM/airtel@axis/UPI,858479602851,499.00,,119999.51
22-Feb-2026,ATM CASH WITHDRAWAL/65434/PATNA,978557785219,"3,000.00",,116999.51
22-Feb-2026,UPI/DR/383067581844/Indane/ICICI/indanegas@upi/UPI,682085677283,"2,750.49",,114249.02
22-Feb-2026,UPI/DR/368180320290/MSEDCL/UPIN/msedclpayment@upi/UPI,039458567631,"3,650.96",,110598.06
23-Feb-2026,UPI/CR/441895772977/Prashant/BDBL/8659658830@okhdfcbank/UPI,441237104992,,"9,900.05",120498.11
24-Feb-2026,UPI/DR/004598881089/Sushma/PUNB/sushma933@ptaxis/UPI,267949149837,"16,350.34",,104147.77
25-Feb-2026,UPI/DR/353778589580/Yogesh/BDBL/2932966486@aubank/UPI,466008200152,"16,750.89",,87396.88
25-Feb-2026,ATM CASH WITHDRAWAL/52856/PATNA,711155470658,"3,000.00",,84396.88
25-Feb-2026,UPI/DR/034551943730/Amazon/ICICI/amazon@apl/UPI,981076541208,910.30,,83486.58
26-Feb-2026,UPI/DR/330458466319/Flipkart/PAYTM/flipkart@ybl/UPI,118533735616,"2,600.03",,80886.55
26-Feb-2026,UPI/CR/959466728933/Lata/KKBK/lata.chopra@axl/UPI,374369079097,,"4,250.55",85137.10
27-Feb-2026,POS BHARAT PETROLEUM PATNA,402576946647,"1,050.61",,84086.49
28-Feb-2026,ATM CASH WITHDRAWAL/10160/PATNA,879740873814,"5,500.00",,78586.49
01-Mar-2026,GST ON CHARGES,374645010314,14.40,,78572.09
01-Mar-2026,UPI/DR/394262857580/Nikhil/KKBK/nikhil.tiwari@upi/UPI,807056724330,100.22,,78471.87
01-Mar-2026,ACCOUNT MAINTENANCE FEE,777407687861,80.00,,78391.87
02-Mar-2026,POS SHOPPERS STOP PATNA,487192671270,"6,400.66",,71991.21
02-Mar-2026,UPI/CR/750142813299/Preeti/UCBA/preeti.srivastava@paytm/UPI,915197581093,,"17,300.71",89291.92
02-Mar-2026,POS SHELL FUEL STATION PATNA,351729629009,"4,500.32",,84791.60
02-Mar-2026,POS PANTALOONS PATNA,053258461566,"1,500.45",,83291.15
02-Mar-2026,UPI/DR/727725450662/Ravi/FDRL/ravi.verma@okicici/UPI,834949437282,"14,900.09",,68391.06
02-Mar-2026,UPI/DR/567039889982/IRCTC/ICICI/irctc@upi/UPI,325085496211,449.00,,67942.06
03-Mar-2026,UPI/DR/553191796531/Jio/PAYTM/airtel@axis/UPI,461205149440,309.00,,67633.06
03-Mar-2026,POS RELIANCE MART PATNA,288417445431,"3,400.75",,64232.31
04-Mar-2026,UPI/CR/752307576636/Krishna/UCBA/0172400931@oksbi/UPI,043100364811,,"15,900.04",80132.35
04-Mar-2026,UPI/DR/674343470669/Bajaj/LICI/licindia@licindia/UPI,179211504574,"6,500.00",,73632.35
04-Mar-2026,SALARY CREDIT/S1501557681630/Raymond Ltd,336605634180,,"93,353.19",166985.54
04-Mar-2026,UPI/DR/056736651488/Jio/PAYTM/airtel@axis/UPI,223494042448,459.00,,166526.54
05-Mar-2026,POS LIFESTYLE STORES PATNA,259536540430,"5,350.01",,161176.53
05-Mar-2026,UPI/DR/896971520040/Flipkart/ICICI/flipkart@ybl/UPI,159005310531,"1,460.08",,159716.45
06-Mar-2026,NACH/MANDATE/RNT0159742/RENT MANDATE,817151993824,"9,000.00",,150716.45
06-Mar-2026,UPI/DR/324996246479/Meesho/PAYTM/meesho@ybl/UPI,151384394534,"1,800.08",,148916.37
06-Mar-2026,UPI/CR/426468620686/Maya/BARB/mayakapo75@aubank/UPI,784789608690,,"11,900.64",160817.01
07-Mar-2026,POS STAR BAZAAR PATNA,672965298901,"5,000.94",,155816.07
07-Mar-2026,UPI/DR/559527531897/Sunita/SBIN/sunitashuk87@paytm/UPI,327788916882,"16,350.52",,139465.55
08-Mar-2026,UPI/DR/886980207533/Zomato/ICICI/zomato@axisbank/UPI,585738288686,770.64,,138694.91
08-Mar-2026,POS BHARAT PETROLEUM PATNA,147110249560,"2,800.55",,135894.36
09-Mar-2026,UPI/DR/985437791283/Ola/ICICI/olamoney@ola/UPI,374407888154,"2,150.14",,133744.22
09-Mar-2026,UPI/DR/360602821162/Dunzo/ICICI/dunzo@razorpay/UPI,040341257640,"1,570.35",,132173.87
09-Mar-2026,UPI/DR/741298020056/ACT/RAZORPAY/broadband@paytm/UPI,866832697967,"1,249.00",,130924.87
10-Mar-2026,POS PANTALOONS PATNA,243122947150,"5,150.07",,125774.80
10-Mar-2026,POS VISHAL MEGA MART PATNA,258602060024,"4,150.36",,121624.44
11-Mar-2026,UPI/DR/318907918077/Amazon/ICICI/amazon@apl/UPI,500547900852,"1,650.74",,119973.70
12-Mar-2026,UPI/DR/640572472668/Naveen/FDRL/naveen.jain@kotak/UPI,445541227257,"15,850.26",,104123.44
12-Mar-2026,POS RELIANCE MART PATNA,419194547699,"5,500.13",,98623.31
12-Mar-2026,UPI/CR/749484024717/Vikram/UCBA/9181903491@ybl/UPI,249248748198,,"12,050.54",110673.85
13-Mar-2026,UPI/DR/235068402241/MSEDCL/UPIN/msedclpayment@upi/UPI,016342002232,"2,600.51",,108073.34
14-Mar-2026,UPI/DR/894331603992/Dunzo/ICICI/dunzo@razorpay/UPI,170218701348,"2,090.48",,105982.86
14-Mar-2026,UPI/DR/810004443224/BSNL/ICICI/bsnlbroadband@upi/UPI,401840370171,"1,400.92",,104581.94
15-Mar-2026,UPI/DR/201173655309/Jio/PAYTM/airtel@axis/UPI,617148957077,449.00,,104132.94
15-Mar-2026,UPI/CR/420589644066/Sarita/BKID/sarita.naik@axl/UPI,215411569891,,"21,650.94",125783.88
15-Mar-2026,POS RELIANCE MART PATNA,248624536890,"4,750.16",,121033.72
16-Mar-2026,UPI/DR/180698157428/Deepak/SBIN/deepak.kumar@kotak/UPI,417566069749,"6,050.94",,114982.78
16-Mar-2026,UPI/DR/406292390956/Kamal/SBIN/kamal.joshi@kotak/UPI,128475753380,"1,350.93",,113631.85
16-Mar-2026,POS METRO CASH CARRY PATNA,940433106475,300.86,,113330.99
17-Mar-2026,UPI/CR/637615511627/Yogesh/HDFC/7106119092@okhdfcbank/UPI,640219439392,,"8,150.98",121481.97
17-Mar-2026,UPI/DR/169728203356/Paytm/ICICI/paytm@paytm/UPI,410206863656,"1,680.29",,119801.68
18-Mar-2026,UPI/DR/003810706514/Poonam/BARB/8780819478@apl/UPI,466222479648,"21,950.71",,97850.97
18-Mar-2026,NACH/MANDATE/SIP9532525/Axis Mutual Fund,935798901415,"6,000.00",,91850.97
18-Mar-2026,UPI/DR/192161127942/PhonePe/ICICI/phonepe@ybl/UPI,087809636254,"1,480.23",,90370.74
19-Mar-2026,UPI/CR/623719144194/Manish/SBIN/manish411@oksbi/UPI,541582227971,,"15,300.00",105670.74
19-Mar-2026,UPI/DR/844493986975/Ashish/UTIB/ashish.dubey@okhdfcbank/UPI,281786037068,"12,400.37",,93270.37
19-Mar-2026,UPI/DR/571026872490/Myntra/PAYTM/myntra@ybl/UPI,827164414174,"1,250.55",,92019.82
20-Mar-2026,UPI/DR/690407730083/Jio/PAYTM/airtel@axis/UPI,611754241262,499.00,,91520.82
20-Mar-2026,UPI/CR/917934518098/Gaurav/PUNB/gaurav293@ptsbi/UPI,949775398387,,"16,250.70",107771.52
23-Mar-2026,UPI/CR/829987705616/Nisha/BKID/5006660819@ibl/UPI,816536382102,,"9,200.06",116971.58
23-Mar-2026,UPI/DR/952857011157/Jio/PAYTM/airtel@axis/UPI,213064522371,629.00,,116342.58
23-Mar-2026,UPI/DR/658786156702/Maya/UTIB/maya967@paytm/UPI,681278725214,"8,000.94",,108341.64
23-Mar-2026,UPI/DR/897834600797/Rajan/PUNB/3937597072@oksbi/UPI,209675606757,"9,400.91",,98940.73
23-Mar-2026,ATM CASH WITHDRAWAL/39559/PATNA,995625073145,"4,000.00",,94940.73
23-Mar-2026,UPI/DR/777775324097/Ritu/UTIB/ritunamb99@okhdfcbank/UPI,751240054980,"10,100.51",,84840.22
24-Mar-2026,UPI/DR/187765484985/Uber/PAYTM/uber@paytm/UPI,161924708342,500.22,,84340.00
24-Mar-2026,UPI/CR/616538355180/Swati/SBIN/swatinamb98@paytm/UPI,391136221466,,"10,450.75",94790.75
24-Mar-2026,UPI/DR/480054525273/Indane/ICICI/indanegas@upi/UPI,449485559063,"1,950.92",,92839.83
24-Mar-2026,UPI/DR/043535084663/Nisha/KKBK/nisha764@paytm/UPI,497619073135,"4,150.45",,88689.38
25-Mar-2026,UPI/DR/909830549876/Flipkart/ICICI/flipkart@ybl/UPI,080317240198,"2,240.98",,86448.40
26-Mar-2026,UPI/DR/516643823135/Rapido/PAYTM/rapido@icici/UPI,246486863566,140.48,,86307.92
27-Mar-2026,UPI/DR/814431366372/BSNL/ICICI/bsnlbroadband@upi/UPI,864608778260,"2,800.74",,83507.18
27-Mar-2026,UPI/CR/644639921728/Ritu/SBIN/ritu845@aubank/UPI,546091572283,,"1,950.89",85458.07
28-Mar-2026,INTEREST CREDIT,601818787968,,385.35,85843.42
28-Mar-2026,UPI/DR/979639185457/Rapido/PAYTM/rapido@icici/UPI,719710520661,130.38,,85713.04
28-Mar-2026,POS SHELL FUEL STATION PATNA,251821598911,"2,550.12",,83162.92
31-Mar-2026,POS SHELL FUEL STATION PATNA,321897777515,"3,650.26",,79512.66
31-Mar-2026,UPI/DR/964831722892/Zomato/ICICI/zomato@axisbank/UPI,507900939298,"1,000.13",,78512.53
31-Mar-2026,ATM CASH WITHDRAWAL/82575/PATNA,515775176873,"1,000.00",,77512.53
01-Apr-2026,UPI/CR/799028681631/Neha/KKBK/6508727920@apl/UPI,711385112804,,"20,600.49",98113.02
02-Apr-2026,ATM CASH WITHDRAWAL/08411/PATNA,092055497824,"9,500.00",,88613.02
03-Apr-2026,UPI/CR/990478279023/Mahesh/FDRL/maheshrao74@aubank/UPI,094015740458,,"20,750.60",109363.62
04-Apr-2026,UPI/DR/970815564895/Jio/PAYTM/airtel@axis/UPI,642460349709,759.00,,108604.62
04-Apr-2026,UPI/DR/876275841267/Gaurav/HDFC/gaurav.sen@kotak/UPI,611420399557,"17,050.36",,91554.26
04-Apr-2026,SALARY CREDIT/S9629977150047/Raymond Ltd,310543833391,,"90,890.19",182444.45
05-Apr-2026,POS SHELL FUEL STATION PATNA,367188573983,"1,700.57",,180743.88
06-Apr-2026,UPI/DR/784688844560/ACT/RAZORPAY/broadband@paytm/UPI,193247162936,"1,299.00",,179444.88
07-Apr-2026,UPI/DR/015844402727/Paytm/ICICI/paytm@paytm/UPI,311404912582,"1,910.76",,177534.12
07-Apr-2026,POS BIG BAZAAR PATNA,710241432943,"3,500.68",,174033.44
07-Apr-2026,ATM CASH WITHDRAWAL/73429/PATNA,491484846362,"5,000.00",,169033.44
07-Apr-2026,UPI/DR/498653193200/Amazon/ICICI/amazon@apl/UPI,248698497173,"1,270.04",,167763.40
07-Apr-2026,UPI/DR/338454749635/Flipkart/ICICI/flipkart@ybl/UPI,976954572917,"2,370.75",,165392.65
09-Apr-2026,NACH/MANDATE/RNT6084114/RENT MANDATE,887936525421,"9,000.00",,156392.65
09-Apr-2026,POS SHELL FUEL STATION PATNA,471162412819,"1,050.36",,155342.29
09-Apr-2026,UPI/DR/375274793636/Uber/PAYTM/uber@paytm/UPI,446749480162,460.48,,154881.81
09-Apr-2026,UPI/CR/218842617933/Prashant/UCBA/3636216421@apl/UPI,857529014686,,"4,200.80",159082.61
09-Apr-2026,UPI/DR/475806497022/Vishal/KKBK/2529784818@paytm/UPI,526089216102,"16,700.71",,142381.90
10-Apr-2026,UPI/DR/338469733773/Poonam/KKBK/poonam.naik@pthdfc/UPI,646643835829,"6,800.28",,135581.62
10-Apr-2026,UPI/CR/192366076146/Usha/FDRL/3615320999@kotak/UPI,589823543829,,"20,150.13",155731.75
10-Apr-2026,UPI/DR/239448907532/Ritu/BARB/7948291591@okicici/UPI,515600281810,"5,750.03",,149981.72
10-Apr-2026,UPI/DR/576902008319/BigBasket/ICICI/bigbasket@ybl/UPI,087008795642,"2,130.73",,147850.99
10-Apr-2026,UPI/DR/316146833810/1mg/ICICI/tatahealth@icici/UPI,242850144888,440.45,,147410.54
11-Apr-2026,UPI/DR/745045900287/Rohit/HDFC/rohit.sethi@paytm/UPI,042472958172,"21,750.02",,125660.52
11-Apr-2026,UPI/CR/587280912247/Tarun/SBIN/1833230927@ibl/UPI,374466408581,,"19,550.68",145211.20
11-Apr-2026,UPI/DR/892986440882/Jio/PAYTM/airtel@axis/UPI,626831665349,179.00,,145032.20
11-Apr-2026,ATM CASH WITHDRAWAL/80172/PATNA,425027837528,"6,000.00",,139032.20
14-Apr-2026,IMPS-123092403865-Mukesh Naik,580048255091,"40,700.19",,98332.01
14-Apr-2026,UPI/DR/937768909738/Girish/BDBL/girishtiwa33@pthdfc/UPI,584301152311,"6,900.96",,91431.05
15-Apr-2026,UPI/DR/990893307633/Ola/PAYTM/olamoney@ola/UPI,196671228435,470.00,,90961.05
15-Apr-2026,POS STAR BAZAAR PATNA,576886982845,"7,250.56",,83710.49
16-Apr-2026,UPI/DR/643975021850/Indane/ICICI/indanegas@upi/UPI,497250577007,"2,650.57",,81059.92
16-Apr-2026,UPI/DR/617601577394/Amazon/ICICI/amazon@apl/UPI,815424786001,"2,090.14",,78969.78
16-Apr-2026,UPI/DR/765426821557/Ola/PAYTM/olamoney@ola/UPI,494132072936,280.19,,78689.59
17-Apr-2026,NACH/MANDATE/SIP2426182/Axis Mutual Fund,468854201550,"6,000.00",,72689.59
17-Apr-2026,UPI/DR/874118328545/MSEDCL/UPIN/msedclpayment@upi/UPI,228777937483,"2,650.86",,70038.73
17-Apr-2026,UPI/CR/943259623374/Naresh/HDFC/3328557296@paytm/UPI,379906083415,,"4,450.41",74489.14
17-Apr-2026,UPI/DR/683622293622/Jio/ICICI/jio@paytm/UPI,181898355832,"1,050.74",,73438.40
17-Apr-2026,POS D MART PATNA,544965992311,"7,050.92",,66387.48
19-Apr-2026,UPI/DR/894463183939/Paytm/ICICI/paytm@paytm/UPI,804223548956,"2,160.00",,64227.48
19-Apr-2026,UPI/DR/463947983048/Uber/PAYTM/uber@paytm/UPI,938666922012,160.90,,64066.58
19-Apr-2026,UPI/CR/989910633104/Vikas/FDRL/7166947154@ptaxis/UPI,970925448732,,"6,100.26",70166.84
20-Apr-2026,UPI/DR/075343527123/Rahul/HDFC/rahul.shukla@ptsbi/UPI,187886305921,"3,950.72",,66216.12
20-Apr-2026,UPI/DR/453748337637/Jio/PAYTM/airtel@axis/UPI,010381545281,799.00,,65417.12
21-Apr-2026,UPI/DR/659550265572/Gaurav/UTIB/9580507233@ptsbi/UPI,685483261261,"17,700.59",,47716.53
21-Apr-2026,UPI/CR/348047686215/Tarun/UCBA/tarunsing60@ptaxis/UPI,041866710495,,"11,500.05",59216.58
21-Apr-2026,UPI/CR/971642808369/Manoj/FDRL/manoj434@paytm/UPI,900995080051,,"5,750.96",64967.54
21-Apr-2026,UPI/DR/558309964678/Kiran/UCBA/kiran321@okaxis/UPI,169850048716,"13,050.87",,51916.67
21-Apr-2026,UPI/DR/687613290332/Rapido/PAYTM/rapido@icici/UPI,125679411565,290.69,,51625.98
21-Apr-2026,UPI/DR/129933983175/Jio/PAYTM/airtel@axis/UPI,703752971381,939.00,,50686.98
23-Apr-2026,POS BHARAT PETROLEUM PATNA,088754458662,"1,850.17",,48836.81
24-Apr-2026,UPI/DR/691139360540/Paytm/ICICI/paytm@paytm/UPI,203513841635,"2,440.61",,46396.20
25-Apr-2026,UPI/DR/937634909623/Uber/ICICI/uber@paytm/UPI,060353179367,"1,490.12",,44906.08
25-Apr-2026,UPI/DR/424026775875/Meesho/PAYTM/meesho@ybl/UPI,316443601983,"1,500.92",,43405.16
25-Apr-2026,UPI/CR/215279471576/Sushma/PUNB/sushma780@ptaxis/UPI,069631570803,,"7,600.60",51005.76
28-Apr-2026,UPI/DR/120030204839/Jio/PAYTM/airtel@axis/UPI,421212333655,819.00,,50186.76
28-Apr-2026,UPI/CR/078040308569/Kavita/BDBL/5303605981@okicici/UPI,820958392494,,"18,850.90",69037.66
28-Apr-2026,ATM CASH WITHDRAWAL/79187/PATNA,035027043225,"7,000.00",,62037.66
28-Apr-2026,ATM CASH WITHDRAWAL/79647/PATNA,244498612880,"8,500.00",,53537.66
29-Apr-2026,UPI/DR/861264866679/Dunzo/ICICI/dunzo@razorpay/UPI,981091208372,"1,930.55",,51607.11
29-Apr-2026,POS HP PETROL PUMP PATNA,595351405646,"3,050.51",,48556.60
29-Apr-2026,UPI/DR/633099628239/Amazon/PAYTM/amazon@apl/UPI,845145084715,"5,000.58",,43556.02
01-May-2026,GST ON CHARGES,651723274603,64.80,,43491.22
01-May-2026,ACCOUNT MAINTENANCE FEE,004166300120,360.00,,43131.22
01-May-2026,UPI/DR/457958987379/Varun/BARB/1255519378@paytm/UPI,227876910699,"14,850.65",,28280.57
01-May-2026,UPI/DR/523382898285/Uber/ICICI/uber@paytm/UPI,706576584264,"1,350.09",,26930.48
01-May-2026,UPI/DR/499670244235/Jio/ICICI/jio@paytm/UPI,212431975008,"1,530.42",,25400.06
02-May-2026,SALARY CREDIT/S9711032823571/Raymond Ltd,985735084374,,"90,706.19",116106.25
02-May-2026,UPI/DR/478104270421/Vivek/UCBA/vivek566@okhdfcbank/UPI,978702656958,"2,950.97",,113155.28
03-May-2026,UPI/DR/310358853660/Flipkart/ICICI/flipkart@ybl/UPI,430121016543,"1,110.63",,112044.65
04-May-2026,UPI/DR/375050356976/Flipkart/ICICI/flipkart@ybl/UPI,221715640907,"2,540.24",,109504.41
04-May-2026,UPI/DR/428091200395/Rohit/BKID/rohit232@ptaxis/UPI,974096649866,"6,800.83",,102703.58
04-May-2026,UPI/CR/841504928093/Geeta/SBIN/geeta.patel@okaxis/UPI,229698041274,,"11,400.22",114103.80
04-May-2026,POS STAR BAZAAR PATNA,146157812913,900.13,,113203.67
05-May-2026,UPI/DR/543274392353/BigBasket/ICICI/bigbasket@ybl/UPI,248943653270,840.94,,112362.73
05-May-2026,ATM CASH WITHDRAWAL/96793/PATNA,974139928339,"5,000.00",,107362.73
06-May-2026,UPI/DR/414356529640/Blinkit/ICICI/blinkit@kotak/UPI,152204962981,"2,190.89",,105171.84
06-May-2026,NACH/MANDATE/RNT8578453/RENT MANDATE,361261018855,"9,000.00",,96171.84
06-May-2026,UPI/DR/794623985688/Sneha/UCBA/sneha698@okicici/UPI,365308983179,350.10,,95821.74
08-May-2026,ATM CASH WITHDRAWAL/15584/PATNA,959905140867,"6,000.00",,89821.74
09-May-2026,UPI/DR/298840663691/Uber/PAYTM/uber@paytm/UPI,219288159088,800.26,,89021.48
09-May-2026,UPI/DR/407009539105/Jio/PAYTM/airtel@axis/UPI,120986426010,639.00,,88382.48
09-May-2026,UPI/DR/992712727108/Paytm/ICICI/paytm@paytm/UPI,540451246908,"1,920.63",,86461.85
09-May-2026,POS LIFESTYLE STORES PATNA,162404510809,"2,350.28",,84111.57
