Bank Name,UCO BANK
Account Number,3646678344002840
Account Holder Name,RENU SHUKLA
Branch,GOMTI NAGAR
IFSC Code,UCBA0694354
Statement Period,02-12-2024 To 09-05-2026

Date,Description,Ref/ChequeNo,Debit,Credit,Balance
02-12-2024,UPI/CR/278929134460/Sonia/BARB/soniaredd51@ibl/UPI,776960565665,,"3,750.28",1365341.40
03-12-2024,UPI/DR/035848343142/Zepto/ICICI/zepto@apl/UPI,007457899922,"2,720.53",,1362620.87
03-12-2024,UPI/DR/268992239772/Zomato/ICICI/zomato@axisbank/UPI,437721888775,"1,420.32",,1361200.55
03-12-2024,UPI/DR/552129117359/Ola/PAYTM/olamoney@ola/UPI,800189146945,600.05,,1360600.50
03-12-2024,UPI/DR/799127448845/Paytm/ICICI/paytm@paytm/UPI,234207921901,"2,160.50",,1358440.00
03-12-2024,UPI/DR/357707649348/Ola/PAYTM/olamoney@ola/UPI,439390682744,500.38,,1357939.62
04-12-2024,UPI/DR/425825218081/Prashant/BDBL/prashant471@ptsbi/UPI,368840762346,"9,050.33",,1348889.29
04-12-2024,UPI/DR/464459667945/Rapido/PAYTM/rapido@icici/UPI,408445073738,90.25,,1348799.04
04-12-2024,POS STAR BAZAAR JODHPUR,311781643732,"8,350.91",,1340448.13
05-12-2024,UPI/DR/728581472912/Amazon/ICICI/amazon@apl/UPI,004037797215,"1,500.36",,1338947.77
05-12-2024,UPI/DR/779209382050/Tarun/HDFC/tarun.sharma@ptaxis/UPI,279406722419,"10,350.48",,1328597.29
05-12-2024,UPI/DR/195865772388/PhonePe/ICICI/phonepe@ybl/UPI,967509978751,"2,360.18",,1326237.11
05-12-2024,UPI/DR/544365952428/Vi/PAYTM/vi@airtelaxis/UPI,765382506558,289.00,,1325948.11
05-12-2024,ATM CASH WITHDRAWAL/49052/JODHPUR,533978001429,"2,000.00",,1323948.11
06-12-2024,SALARY CREDIT/S4468558040006/Lupin Limited,747947088569,,"98,341.70",1422289.81
07-12-2024,UPI/DR/454896174337/Vi/PAYTM/vi@airtelaxis/UPI,900233200134,489.00,,1421800.81
07-12-2024,POS RELIANCE MART JODHPUR,952279349189,"7,150.03",,1414650.78
08-12-2024,UPI/DR/739509302459/SBI/LICI/licindia@licindia/UPI,001222761191,"5,600.00",,1409050.78
08-12-2024,POS HP PETROL PUMP JODHPUR,324553620785,"2,600.20",,1406450.58
08-12-2024,UPI/DR/002995492577/Zepto/ICICI/zepto@apl/UPI,044182627267,"2,390.20",,1404060.38
08-12-2024,IMPS-109854929320-Prashant Mishra,271817714764,900.42,,1403159.96
08-12-2024,UPI/DR/167447213733/Akash/BKID/akashsing52@paytm/UPI,036550162945,"5,050.47",,1398109.49
08-12-2024,UPI/DR/525653342443/BSNL/RAZORPAY/broadband@paytm/UPI,163773285926,"1,299.00",,1396810.49
09-12-2024,UPI/DR/634606807625/PhonePe/ICICI/phonepe@ybl/UPI,908526888603,"1,520.70",,1395289.79
10-12-2024,UPI/DR/904925615716/Seema/BARB/seema.mehta@pthdfc/UPI,062786418269,"4,200.96",,1391088.83
11-12-2024,NACH/MANDATE/RNT6794019/RENT MANDATE,169778878640,"18,000.00",,1373088.83
11-12-2024,POS D MART JODHPUR,448489222460,"1,250.33",,1371838.50
11-12-2024,UPI/DR/572868523512/Flipkart/ICICI/flipkart@ybl/UPI,410776331601,"2,280.62",,1369557.88
11-12-2024,UPI/DR/003430819760/Krishna/HDFC/krishna.naik@ibl/UPI,102739292669,"21,850.57",,1347707.31
12-12-2024,ATM CASH WITHDRAWAL/81865/JODHPUR,818687307724,"9,000.00",,1338707.31
12-12-2024,ATM CASH WITHDRAWAL/67326/JODHPUR,913151938210,"2,500.00",,1336207.31
13-12-2024,UPI/CR/197930098776/Mohit/KKBK/mohit921@ptyes/UPI,423641265958,,"5,600.64",1341807.95
13-12-2024,UPI/DR/633602790311/Vi/PAYTM/vi@airtelaxis/UPI,756011612791,259.00,,1341548.95
13-12-2024,NACH/MANDATE/LN095012157820/HDFC Ltd,428695215027,"15,500.00",,1326048.95
13-12-2024,UPI/CR/765849801154/Arun/BARB/arun628@upi/UPI,928904684871,,"9,300.01",1335348.96
14-12-2024,UPI/DR/270761340938/KSEB/UPIN/ksebpayment@upi/UPI,615838787357,"4,100.69",,1331248.27
14-12-2024,UPI/DR/836690253442/Indane/ICICI/indanegas@upi/UPI,014377562049,"1,900.06",,1329348.21
14-12-2024,UPI/DR/313091720800/Uber/PAYTM/uber@paytm/UPI,431834329560,550.74,,1328797.47
16-12-2024,UPI/CR/052249432344/Kavita/HDFC/kavita651@oksbi/UPI,751907861476,,"9,000.12",1337797.59
17-12-2024,UPI/DR/020836459673/Mahesh/FDRL/mahesh694@ibl/UPI,323534661306,"5,800.60",,1331996.99
18-12-2024,UPI/DR/258660049237/Dunzo/ICICI/dunzo@razorpay/UPI,159257666202,"1,360.12",,1330636.87
18-12-2024,UPI/DR/328969278485/Flipkart/ICICI/flipkart@ybl/UPI,028476982854,350.01,,1330286.86
18-12-2024,UPI/DR/851439285856/Ola/ICICI/olamoney@ola/UPI,160927896694,260.75,,1330026.11
19-12-2024,ATM CASH WITHDRAWAL/36230/JODHPUR,125419456509,"8,500.00",,1321526.11
19-12-2024,UPI/DR/784440664093/Priya/BKID/9635814617@okaxis/UPI,594848290923,"19,150.34",,1302375.77
19-12-2024,UPI/CR/933535556862/Sneha/BARB/sneha.malhotra@ptsbi/UPI,748404735593,,"4,600.42",1306976.19
21-12-2024,UPI/CR/980838114955/Shweta/BDBL/shweta.ahuja@kotak/UPI,342338279853,,"14,150.75",1321126.94
21-12-2024,UPI/DR/368424647775/Sunil/UCBA/sunil672@upi/UPI,560048106254,"11,750.13",,1309376.81
21-12-2024,UPI/DR/201092534116/PhonePe/ICICI/phonepe@ybl/UPI,047107095797,420.24,,1308956.57
21-12-2024,UPI/DR/215280268104/Myntra/PAYTM/myntra@ybl/UPI,635767656761,"2,250.37",,1306706.20
21-12-2024,POS BHARAT PETROLEUM JODHPUR,536582934416,"2,350.35",,1304355.85
22-12-2024,UPI/DR/968254510674/Ola/ICICI/olamoney@ola/UPI,423985308563,480.20,,1303875.65
22-12-2024,UPI/DR/590559465713/Sushma/HDFC/sushma698@paytm/UPI,118902391048,"18,800.56",,1285075.09
22-12-2024,UPI/CR/753428765319/Poonam/BARB/poonammukh64@pthdfc/UPI,150986643378,,"17,250.96",1302326.05
22-12-2024,POS HP PETROL PUMP JODHPUR,927115115683,"4,450.52",,1297875.53
23-12-2024,UPI/DR/620418098926/Vivek/KKBK/viveksing77@upi/UPI,969723559770,"19,800.97",,1278074.56
23-12-2024,UPI/DR/727678590076/Geeta/UCBA/geeta.gupta@ptaxis/UPI,288970337477,"4,550.23",,1273524.33
24-12-2024,UPI/DR/919730470064/Ola/ICICI/olamoney@ola/UPI,970159115962,"2,310.41",,1271213.92
24-12-2024,UPI/DR/959936870398/Akash/UTIB/akashmeht11@pthdfc/UPI,679854597453,"21,750.06",,1249463.86
25-12-2024,UPI/CR/702275423700/Pooja/PUNB/pooja322@upi/UPI,322976163863,,"11,100.82",1260564.68
26-12-2024,UPI/DR/057844469135/Jio/ICICI/jio@paytm/UPI,053473461479,570.07,,1259994.61
26-12-2024,UPI/DR/965272793085/Prashant/FDRL/prashantiyer91@okicici/UPI,395155291764,"13,900.53",,1246094.08
26-12-2024,UPI/DR/509746992125/Vi/PAYTM/vi@airtelaxis/UPI,242054202527,689.00,,1245405.08
27-12-2024,UPI/CR/961543951537/Mina/KKBK/mina420@okhdfcbank/UPI,752965835661,,"21,200.70",1266605.78
27-12-2024,UPI/DR/428761744346/Dunzo/ICICI/dunzo@razorpay/UPI,781747482756,"2,750.22",,1263855.56
27-12-2024,UPI/DR/105340363347/Vi/PAYTM/vi@airtelaxis/UPI,072418123007,869.00,,1262986.56
28-12-2024,INTEREST CREDIT,540773945891,,585.30,1263571.86
29-12-2024,UPI/DR/566952700206/Uber/PAYTM/uber@paytm/UPI,022021744268,780.30,,1262791.56
30-12-2024,UPI/DR/815213175044/PhonePe/ICICI/phonepe@ybl/UPI,462209010139,"1,460.88",,1261330.68
30-12-2024,POS SHOPPERS STOP JODHPUR,386725448507,"4,900.82",,1256429.86
02-01-2025,UPI/DR/277253489039/Amazon/ICICI/amazon@apl/UPI,609595228017,910.80,,1255519.06
03-01-2025,SALARY CREDIT/S5662279699927/Lupin Limited,039752590960,,"95,428.70",1350947.76
03-01-2025,UPI/DR/651899848439/BSNL/ICICI/bsnlbroadband@upi/UPI,281183830901,"1,220.43",,1349727.33
03-01-2025,UPI/DR/154987324566/BSNL/ICICI/bsnlbroadband@upi/UPI,183432092507,"2,340.42",,1347386.91
03-01-2025,UPI/DR/679042348129/PhonePe/ICICI/phonepe@ybl/UPI,049087211262,"2,760.56",,1344626.35
04-01-2025,UPI/CR/750642781088/Priya/BKID/priya355@oksbi/UPI,697628094858,,"2,100.57",1346726.92
04-01-2025,UPI/CR/181769592933/Renu/SBIN/8909092660@okicici/UPI,573438553348,,"4,850.04",1351576.96
06-01-2025,UPI/DR/928292192585/BSNL/ICICI/bsnlbroadband@upi/UPI,464627232078,640.16,,1350936.80
07-01-2025,UPI/DR/391716603969/Usha/BDBL/usha338@ybl/UPI,182169679158,"17,150.53",,1333786.27
07-01-2025,UPI/DR/306676011910/BSNL/RAZORPAY/broadband@paytm/UPI,651229194129,449.00,,1333337.27
07-01-2025,IMPS-440282526023-Santosh Patil,445698986189,"34,300.87",,1299036.40
07-01-2025,UPI/DR/750102740237/Sanjay/UTIB/sanjay928@ptyes/UPI,403855426213,"3,150.86",,1295885.54
07-01-2025,NACH/MANDATE/RNT8978798/RENT MANDATE,616385630032,"18,000.00",,1277885.54
07-01-2025,UPI/DR/977249463744/Ola/PAYTM/olamoney@ola/UPI,008139071067,610.70,,1277274.84
08-01-2025,POS CENTRAL MALL JODHPUR,936005199727,"1,750.74",,1275524.10
08-01-2025,UPI/DR/336144131693/Zepto/ICICI/zepto@apl/UPI,420113141358,"2,250.80",,1273273.30
08-01-2025,UPI/DR/535371543295/SBI/LICI/licindia@licindia/UPI,277527757535,"5,600.00",,1267673.30
09-01-2025,NACH/MANDATE/LN095012157820/HDFC Ltd,290119069304,"15,500.00",,1252173.30
09-01-2025,UPI/DR/405202867347/Dunzo/ICICI/dunzo@razorpay/UPI,809148745955,"2,120.59",,1250052.71
10-01-2025,UPI/DR/422778986597/Anil/SBIN/anilrao17@okhdfcbank/UPI,326318652591,"18,250.57",,1231802.14
11-01-2025,UPI/DR/128172587415/Vi/PAYTM/vi@airtelaxis/UPI,657984791372,979.00,,1230823.14
11-01-2025,UPI/CR/915037744233/Himanshu/KKBK/7310367287@okaxis/UPI,138704914169,,"15,500.07",1246323.21
11-01-2025,POS SHELL FUEL STATION JODHPUR,810954699836,"2,550.94",,1243772.27
12-01-2025,POS LIFESTYLE STORES JODHPUR,635732773013,"6,150.95",,1237621.32
12-01-2025,UPI/DR/259043773251/PhonePe/ICICI/phonepe@ybl/UPI,572229403182,920.20,,1236701.12
12-01-2025,ATM CASH WITHDRAWAL/97223/JODHPUR,608514702659,"1,500.00",,1235201.12
13-01-2025,UPI/CR/104100778692/Sumit/FDRL/sumit.srivastava@upi/UPI,697376671334,,"15,750.38",1250951.50
14-01-2025,UPI/DR/976915948438/Manoj/PUNB/1558320131@pthdfc/UPI,336012736248,"17,600.53",,1233350.97
14-01-2025,UPI/DR/437453816830/Vi/PAYTM/vi@airtelaxis/UPI,680895934303,959.00,,1232391.97
14-01-2025,UPI/DR/920316509871/Jio/ICICI/jio@paytm/UPI,359280137854,"1,370.41",,1231021.56
14-01-2025,UPI/DR/558868935371/Vi/PAYTM/vi@airtelaxis/UPI,842566020140,739.00,,1230282.56
15-01-2025,UPI/DR/538317552873/Ola/PAYTM/olamoney@ola/UPI,864470018390,400.38,,1229882.18
15-01-2025,ATM CASH WITHDRAWAL/92860/JODHPUR,142543548253,"4,500.00",,1225382.18
15-01-2025,UPI/DR/568834927914/Pallavi/BKID/pallavinaik47@ptaxis/UPI,941855298369,"11,050.84",,1214331.34
16-01-2025,UPI/DR/599131193295/Zomato/ICICI/zomato@axisbank/UPI,509057889651,900.96,,1213430.38
17-01-2025,UPI/DR/128533015400/Zomato/ICICI/zomato@axisbank/UPI,418312687855,"1,680.80",,1211749.58
17-01-2025,UPI/CR/675318018917/Rajan/BKID/rajan264@okicici/UPI,860622237290,,"14,200.30",1225949.88
17-01-2025,UPI/DR/591836931726/Anil/PUNB/anil.khanna@oksbi/UPI,540450161442,"8,850.84",,1217099.04
18-01-2025,UPI/CR/299335486306/Pooja/KKBK/0308317622@pthdfc/UPI,788644751113,,"18,800.45",1235899.49
19-01-2025,UPI/DR/509790005561/Zepto/ICICI/zepto@apl/UPI,834567181056,720.34,,1235179.15
19-01-2025,UPI/DR/420889850285/Indane/ICICI/indanegas@upi/UPI,719053388926,"1,000.12",,1234179.03
19-01-2025,UPI/DR/794496192857/Zepto/ICICI/zepto@apl/UPI,730532602194,"1,920.74",,1232258.29
19-01-2025,UPI/DR/625572881779/Anita/FDRL/anita811@okhdfcbank/UPI,933514768076,"5,100.26",,1227158.03
19-01-2025,ATM CASH WITHDRAWAL/36114/JODHPUR,666684309251,"6,500.00",,1220658.03
20-01-2025,UPI/DR/589531129063/KSEB/UPIN/ksebpayment@upi/UPI,259719466850,"3,350.84",,1217307.19
21-01-2025,UPI/DR/648512995584/Mohan/HDFC/3160256650@ptaxis/UPI,826473044355,"2,150.85",,1215156.34
21-01-2025,UPI/DR/419181870728/Amit/HDFC/amit607@paytm/UPI,356684615987,"16,800.79",,1198355.55
22-01-2025,ATM CASH WITHDRAWAL/66651/JODHPUR,937547876718,"9,500.00",,1188855.55
22-01-2025,UPI/CR/758297720208/Divya/BARB/4423156067@paytm/UPI,179627933783,,"13,750.29",1202605.84
22-01-2025,UPI/CR/235486228384/Siddharth/PUNB/siddharth975@axl/UPI,843527862099,,"1,200.05",1203805.89
23-01-2025,UPI/DR/667286565993/PhonePe/ICICI/phonepe@ybl/UPI,279771393502,480.80,,1203325.09
23-01-2025,NEFT/N4862929919007/L&T Infotech Ltd,390541904826,,"48,000.68",1251325.77
23-01-2025,UPI/DR/238843007665/IRCTC/ICICI/irctc@upi/UPI,886305525477,499.00,,1250826.77
24-01-2025,POS SHOPPERS STOP JODHPUR,805457873825,"4,100.67",,1246726.10
24-01-2025,POS SHOPPERS STOP JODHPUR,941663583213,"8,300.95",,1238425.15
24-01-2025,UPI/DR/674528264763/Brijesh/BKID/8321902343@pthdfc/UPI,405314141485,"5,650.48",,1232774.67
27-01-2025,UPI/DR/622893517866/Rapido/PAYTM/rapido@icici/UPI,599255888255,80.85,,1232693.82
28-01-2025,UPI/DR/302930258506/BigBasket/ICICI/bigbasket@ybl/UPI,805379499621,"1,900.06",,1230793.76
28-01-2025,UPI/DR/716614659181/Nykaa/PAYTM/nykaa@razorpay/UPI,381884331844,"5,250.30",,1225543.46
28-01-2025,UPI/DR/846141509759/Sapna/FDRL/sapna340@okhdfcbank/UPI,282624127414,"10,350.58",,1215192.88
28-01-2025,POS INDIAN OIL JODHPUR,671253610780,"3,050.22",,1212142.66
29-01-2025,UPI/DR/361915951109/Ola/PAYTM/olamoney@ola/UPI,942386273126,210.40,,1211932.26
29-01-2025,UPI/DR/855553199411/Zomato/ICICI/zomato@axisbank/UPI,947328120801,"2,100.93",,1209831.33
29-01-2025,UPI/DR/387920554358/Vandana/UCBA/vandanapati72@pthdfc/UPI,740227815750,"12,250.05",,1197581.28
29-01-2025,UPI/DR/913875089609/Jio/ICICI/jio@paytm/UPI,479281405954,"2,360.74",,1195220.54
31-01-2025,UPI/DR/610925069920/Nikhil/BARB/nikhildas32@upi/UPI,421742558752,"5,800.10",,1189420.44
31-01-2025,MAINTENANCE CHARGES,686244191073,460.00,,1188960.44
31-01-2025,POS SHELL FUEL STATION JODHPUR,459218376822,"1,700.99",,1187259.45
31-01-2025,UPI/DR/660837383333/Swiggy/ICICI/swiggy@icici/UPI,282204291660,"1,700.08",,1185559.37
31-01-2025,UPI/DR/234534583991/Neha/KKBK/neha.naik@oksbi/UPI,769394640257,"14,400.11",,1171159.26
31-01-2025,GST ON CHARGES,589030021643,82.80,,1171076.46
01-02-2025,UPI/DR/517323062990/Ola/PAYTM/olamoney@ola/UPI,258925169428,670.42,,1170406.04
01-02-2025,UPI/DR/442444764213/PhonePe/ICICI/phonepe@ybl/UPI,210072457871,"1,890.74",,1168515.30
01-02-2025,IMPS-881070064807-Rajesh Ahuja,354600889107,"40,000.81",,1128514.49
02-02-2025,UPI/DR/274503301642/Ola/PAYTM/olamoney@ola/UPI,265936855251,530.20,,1127984.29
02-02-2025,UPI/DR/552929642144/Vikram/HDFC/vikram193@ptyes/UPI,740172921986,"14,600.75",,1113383.54
03-02-2025,POS D MART JODHPUR,237919683584,"4,850.03",,1108533.51
03-02-2025,SALARY CREDIT/S8228283345909/Lupin Limited,771816960237,,"96,710.70",1205244.21
04-02-2025,POS BHARAT PETROLEUM JODHPUR,961453059823,"1,900.30",,1203343.91
04-02-2025,UPI/DR/455919020011/Vi/PAYTM/vi@airtelaxis/UPI,788642346436,239.00,,1203104.91
04-02-2025,UPI/DR/985948469833/Zepto/ICICI/zepto@apl/UPI,774833524579,730.18,,1202374.73
04-02-2025,UPI/DR/407777408405/Vi/PAYTM/vi@airtelaxis/UPI,578578027542,189.00,,1202185.73
05-02-2025,NACH/MANDATE/RNT5567632/RENT MANDATE,222311721187,"18,000.00",,1184185.73
05-02-2025,UPI/CR/142250565192/Girish/BDBL/0691472713@okicici/UPI,148879165859,,"17,550.46",1201736.19
06-02-2025,NACH/MANDATE/LN095012157820/HDFC Ltd,544054377129,"15,500.00",,1186236.19
07-02-2025,UPI/DR/553347399986/PhonePe/ICICI/phonepe@ybl/UPI,346330628245,"2,360.17",,1183876.02
07-02-2025,UPI/DR/794130247538/Kunal/BARB/8142889656@paytm/UPI,359635039942,"9,500.99",,1174375.03
07-02-2025,POS INDIAN OIL JODHPUR,868533040323,"2,600.46",,1171774.57
07-02-2025,POS BHARAT PETROLEUM JODHPUR,515311076752,"2,850.80",,1168923.77
08-02-2025,UPI/CR/439307614996/Himanshu/UCBA/himanshu.pandey@apl/UPI,477953180662,,"12,050.30",1180974.07
08-02-2025,UPI/DR/040282550474/SBI/LICI/licindia@licindia/UPI,771602013396,"5,600.00",,1175374.07
09-02-2025,UPI/DR/794404239312/Deepa/PUNB/deepa870@ybl/UPI,541968613283,"12,100.50",,1163273.57
10-02-2025,UPI/DR/940268634067/KSEB/UPIN/ksebpayment@upi/UPI,758413397522,"2,950.41",,1160323.16
10-02-2025,UPI/CR/421984794684/Lalit/UTIB/8548081692@okaxis/UPI,181033096125,,"14,150.67",1174473.83
12-02-2025,UPI/CR/908418372019/Deepak/UTIB/deepak.iyer@ptyes/UPI,279349010613,,"7,700.31",1182174.14
12-02-2025,UPI/DR/632040333233/Indane/ICICI/indanegas@upi/UPI,990745435819,"2,600.74",,1179573.40
13-02-2025,UPI/CR/524562638277/Rohit/UTIB/7813765985@ptaxis/UPI,595937346924,,"20,350.06",1199923.46
13-02-2025,UPI/DR/383568746496/Rapido/PAYTM/rapido@icici/UPI,703468744804,820.20,,1199103.26
14-02-2025,ATM CASH WITHDRAWAL/80335/JODHPUR,896977168042,"4,000.00",,1195103.26
15-02-2025,UPI/DR/240067241989/Vi/PAYTM/vi@airtelaxis/UPI,176849600429,359.00,,1194744.26
15-02-2025,NEFT/N1741175674480/Fortis Healthcare Lt,707024790104,,"42,500.35",1237244.61
16-02-2025,UPI/DR/955285411651/Ola/PAYTM/olamoney@ola/UPI,594367217991,650.43,,1236594.18
17-02-2025,UPI/DR/661888958322/Pooja/FDRL/pooja574@apl/UPI,476171790924,950.26,,1235643.92
17-02-2025,UPI/DR/896524092641/PhonePe/ICICI/phonepe@ybl/UPI,543958343187,350.66,,1235293.26
18-02-2025,UPI/CR/872586965212/Naveen/BDBL/naveen446@ptyes/UPI,869230354439,,"11,200.71",1246493.97
18-02-2025,UPI/DR/967799090216/Dunzo/ICICI/dunzo@razorpay/UPI,869362724709,700.10,,1245793.87
19-02-2025,UPI/DR/911788000885/Blinkit/ICICI/blinkit@kotak/UPI,645938764687,"2,340.31",,1243453.56
19-02-2025,UPI/DR/003397519086/Manish/UCBA/2320157436@upi/UPI,888144358642,"13,250.06",,1230203.50
20-02-2025,POS LIFESTYLE STORES JODHPUR,748205471524,"4,600.47",,1225603.03
20-02-2025,UPI/DR/234364560199/Amazon/ICICI/amazon@apl/UPI,286899008316,650.73,,1224952.30
21-02-2025,UPI/DR/507569113592/Meesho/PAYTM/meesho@ybl/UPI,838906277463,"5,150.69",,1219801.61
21-02-2025,UPI/DR/060774840504/Mohan/PUNB/4874457072@okhdfcbank/UPI,824899148576,"19,000.37",,1200801.24
22-02-2025,UPI/CR/427468141020/Isha/FDRL/isharedd61@ptyes/UPI,674790593812,,"11,200.83",1212002.07
22-02-2025,UPI/DR/884328381466/Ola/ICICI/olamoney@ola/UPI,338396301176,"1,790.89",,1210211.18
23-02-2025,UPI/DR/102519710485/Sanjay/PUNB/sanjaypand47@apl/UPI,085423362842,"14,900.45",,1195310.73
23-02-2025,ATM CASH WITHDRAWAL/68067/JODHPUR,357434956034,"4,500.00",,1190810.73
24-02-2025,POS SHOPPERS STOP JODHPUR,928667319744,"4,700.50",,1186110.23
25-02-2025,UPI/DR/018119993893/Shreya/BKID/5090714172@okicici/UPI,534715836360,"18,500.64",,1167609.59
26-02-2025,UPI/DR/508422420788/Geeta/UTIB/geeta522@apl/UPI,325489513862,"12,050.07",,1155559.52
26-02-2025,UPI/DR/428399512693/Vi/PAYTM/vi@airtelaxis/UPI,536680664238,579.00,,1154980.52
26-02-2025,UPI/DR/477359684099/Asha/UCBA/asha.dutta@ptyes/UPI,093546323205,"12,000.31",,1142980.21
27-02-2025,UPI/DR/104518840429/BSNL/RAZORPAY/broadband@paytm/UPI,554620741413,899.00,,1142081.21
27-02-2025,UPI/DR/316356449004/Amazon/ICICI/amazon@apl/UPI,397763294835,500.52,,1141580.69
28-02-2025,POS RELIANCE MART JODHPUR,681481997395,"5,900.79",,1135679.90
28-02-2025,UPI/CR/376581904102/Mamta/HDFC/mamta.gupta@paytm/UPI,527382512829,,"11,950.15",1147630.05
28-02-2025,UPI/DR/678608619705/Apollo/ICICI/apollopharmacy@ybl/UPI,017366342383,499.00,,1147131.05
01-03-2025,UPI/CR/002827595254/Sonia/PUNB/9098229820@pthdfc/UPI,313582164312,,"20,650.66",1167781.71
01-03-2025,IMPS-258341733159-Mohan Tiwari,501470663626,"19,500.54",,1148281.17
01-03-2025,UPI/DR/514841060773/Sonia/BKID/7486377912@pthdfc/UPI,338665269108,"12,100.07",,1136181.10
01-03-2025,UPI/DR/025040974544/Vi/PAYTM/vi@airtelaxis/UPI,451834099290,969.00,,1135212.10
02-03-2025,UPI/DR/374117518335/Nykaa/PAYTM/nykaa@razorpay/UPI,637980429786,"5,400.12",,1129811.98
02-03-2025,UPI/DR/695367092692/Rapido/PAYTM/rapido@icici/UPI,434834367473,310.66,,1129501.32
03-03-2025,SALARY CREDIT/S9091770730390/Lupin Limited,448927325091,,"93,925.70",1223427.02
03-03-2025,UPI/DR/243842961429/Saurabh/PUNB/3646242737@okhdfcbank/UPI,588416219281,"8,750.61",,1214676.41
03-03-2025,UPI/DR/118929703518/Pankaj/BDBL/pankaj.malhotra@okicici/UPI,789957064876,"1,550.03",,1213126.38
03-03-2025,UPI/DR/351295676679/Prashant/UTIB/prashant951@aubank/UPI,030159664201,"6,600.71",,1206525.67
04-03-2025,POS BRAND FACTORY JODHPUR,842253989203,"7,200.28",,1199325.39
04-03-2025,UPI/DR/785475182621/Amazon/ICICI/amazon@apl/UPI,847672622152,"2,130.94",,1197194.45
04-03-2025,UPI/DR/768449024550/Vi/PAYTM/vi@airtelaxis/UPI,568568033166,539.00,,1196655.45
04-03-2025,UPI/DR/897778843824/Uber/PAYTM/uber@paytm/UPI,330040433854,460.42,,1196195.03
05-03-2025,UPI/DR/811141310027/BSNL/ICICI/bsnlbroadband@upi/UPI,801668346784,"1,010.21",,1195184.82
06-03-2025,UPI/DR/812774667602/BigBasket/ICICI/bigbasket@ybl/UPI,236320534085,840.09,,1194344.73
07-03-2025,NACH/MANDATE/RNT1148712/RENT MANDATE,609326471726,"18,000.00",,1176344.73
08-03-2025,UPI/CR/034371456414/Geeta/UCBA/geeta.ghosh@okhdfcbank/UPI,094452765010,,"6,400.11",1182744.84
08-03-2025,NACH/MANDATE/LN095012157820/HDFC Ltd,389696660125,"15,500.00",,1167244.84
09-03-2025,UPI/DR/586860874112/Ola/ICICI/olamoney@ola/UPI,215217933832,720.66,,1166524.18
09-03-2025,UPI/DR/356376240136/Netmeds/ICICI/netmeds@paytm/UPI,444636012308,550.38,,1165973.80
10-03-2025,UPI/DR/926762007703/KSEB/UPIN/ksebpayment@upi/UPI,177875874411,"4,150.21",,1161823.59
10-03-2025,POS PANTALOONS JODHPUR,048635729770,"4,050.58",,1157773.01
10-03-2025,UPI/DR/200834577356/SBI/LICI/licindia@licindia/UPI,326349661651,"5,600.00",,1152173.01
11-03-2025,UPI/DR/431217909173/Rapido/PAYTM/rapido@icici/UPI,648665753736,640.31,,1151532.70
12-03-2025,UPI/DR/340199652565/Nykaa/PAYTM/nykaa@razorpay/UPI,833228587153,"2,700.98",,1148831.72
12-03-2025,POS INDIAN OIL JODHPUR,732543680254,"4,250.99",,1144580.73
12-03-2025,UPI/DR/827117599420/BSNL/RAZORPAY/broadband@paytm/UPI,480059175657,799.00,,1143781.73
13-03-2025,UPI/DR/940232638883/Flipkart/ICICI/flipkart@ybl/UPI,531801544731,480.08,,1143301.65
13-03-2025,ATM CASH WITHDRAWAL/96743/JODHPUR,327962673172,"8,000.00",,1135301.65
13-03-2025,UPI/DR/120224314003/Indane/ICICI/indanegas@upi/UPI,812861268933,"1,800.02",,1133501.63
14-03-2025,UPI/CR/320988963646/Mukesh/UCBA/6145281793@ybl/UPI,106741533775,,"15,850.26",1149351.89
15-03-2025,POS CENTRAL MALL JODHPUR,551653150601,"2,250.92",,1147100.97
15-03-2025,POS CENTRAL MALL JODHPUR,822241179433,"5,750.64",,1141350.33
16-03-2025,UPI/DR/858206956583/Abhishek/HDFC/abhishek382@apl/UPI,672765812859,"5,050.42",,1136299.91
16-03-2025,UPI/DR/083987689012/Flipkart/ICICI/flipkart@ybl/UPI,252884795950,"1,480.50",,1134819.41
16-03-2025,UPI/DR/808568999067/Vi/PAYTM/vi@airtelaxis/UPI,876129943232,589.00,,1134230.41
17-03-2025,UPI/DR/672984986937/Rapido/PAYTM/rapido@icici/UPI,912187322148,480.81,,1133749.60
17-03-2025,ATM CASH WITHDRAWAL/92044/JODHPUR,790236916191,"6,000.00",,1127749.60
17-03-2025,UPI/DR/208147968526/Dunzo/ICICI/dunzo@razorpay/UPI,462994674352,"2,360.47",,1125389.13
17-03-2025,UPI/DR/262189467765/Blinkit/ICICI/blinkit@kotak/UPI,390045890930,"2,750.41",,1122638.72
18-03-2025,UPI/DR/469774849502/Rapido/PAYTM/rapido@icici/UPI,441834285071,570.05,,1122068.67
18-03-2025,UPI/DR/330438892662/Tarun/BARB/tarun.chatterjee@aubank/UPI,311396527039,"21,500.58",,1100568.09
19-03-2025,ATM CASH WITHDRAWAL/33260/JODHPUR,338151382100,"6,500.00",,1094068.09
19-03-2025,UPI/DR/189871732805/Kavya/BDBL/kavyamalh13@ptyes/UPI,384855413130,650.63,,1093417.46
19-03-2025,ATM CASH WITHDRAWAL/16054/JODHPUR,527995541397,"1,000.00",,1092417.46
20-03-2025,UPI/DR/638349983805/Sonia/HDFC/sonia441@upi/UPI,698076515218,"13,100.67",,1079316.79
20-03-2025,ATM CASH WITHDRAWAL/98132/JODHPUR,856329142193,"9,000.00",,1070316.79
21-03-2025,UPI/DR/416093268237/Vi/PAYTM/vi@airtelaxis/UPI,871680972799,209.00,,1070107.79
21-03-2025,UPI/DR/442273769210/Vi/PAYTM/vi@airtelaxis/UPI,233281411857,329.00,,1069778.79
21-03-2025,UPI/DR/026802925036/BSNL/ICICI/bsnlbroadband@upi/UPI,344874856942,810.79,,1068968.00
22-03-2025,UPI/DR/267680584438/Vi/PAYTM/vi@airtelaxis/UPI,267016602150,959.00,,1068009.00
22-03-2025,UPI/DR/839850211296/Shreya/PUNB/shreya.desai@ptyes/UPI,819298134282,"3,600.13",,1064408.87
22-03-2025,POS RELIANCE PETROLEUM JODHPUR,644751990210,"3,900.15",,1060508.72
22-03-2025,UPI/DR/195006982684/Amazon/PAYTM/amazon@apl/UPI,052964834224,"3,900.86",,1056607.86
23-03-2025,UPI/DR/830243976091/Himanshu/UTIB/himanshunaik53@ptyes/UPI,949703182447,"12,900.76",,1043707.10
23-03-2025,UPI/CR/471368700736/Ashish/UTIB/ashish918@apl/UPI,064527470106,,"15,900.32",1059607.42
25-03-2025,UPI/CR/042948950197/Abhishek/UCBA/5743721915@apl/UPI,963004481806,,"19,750.48",1079357.90
26-03-2025,UPI/DR/946281416594/Jio/ICICI/jio@paytm/UPI,731750682881,630.64,,1078727.26
26-03-2025,UPI/DR/521504068720/Jio/ICICI/jio@paytm/UPI,249193538493,"1,420.42",,1077306.84
26-03-2025,POS SHOPPERS STOP JODHPUR,399400329670,"5,300.00",,1072006.84
27-03-2025,POS SHELL FUEL STATION JODHPUR,413050866878,"4,400.64",,1067606.20
27-03-2025,UPI/DR/514202842536/Paytm/ICICI/paytm@paytm/UPI,911871313374,"2,760.61",,1064845.59
27-03-2025,INTEREST CREDIT,186679698611,,990.85,1065836.44
27-03-2025,UPI/DR/262007261865/Zepto/ICICI/zepto@apl/UPI,727083916606,"1,440.21",,1064396.23
28-03-2025,UPI/DR/925745147976/Amazon/ICICI/amazon@apl/UPI,407257669827,220.53,,1064175.70
29-03-2025,ATM CASH WITHDRAWAL/76813/JODHPUR,015327518582,"8,500.00",,1055675.70
29-03-2025,UPI/CR/868848122897/Siddharth/BDBL/siddharthroy50@ibl/UPI,901240311882,,"8,900.58",1064576.28
29-03-2025,UPI/DR/924552008371/Myntra/ICICI/myntra@ybl/UPI,919190703275,499.00,,1064077.28
29-03-2025,UPI/CR/387234450375/Saurabh/KKBK/saurabh852@oksbi/UPI,846983338024,,"21,550.54",1085627.82
30-03-2025,POS LIFESTYLE STORES JODHPUR,708805224522,"2,150.78",,1083477.04
31-03-2025,UPI/CR/741458073608/Preeti/UCBA/preetidutt38@ptsbi/UPI,046624434013,,"10,200.85",1093677.89
31-03-2025,UPI/DR/823391089638/Anita/KKBK/anita.malhotra@upi/UPI,458551427324,"5,400.77",,1088277.12
31-03-2025,UPI/DR/118604742747/Rakesh/UCBA/4370964149@ptsbi/UPI,191096442081,"5,200.75",,1083076.37
01-04-2025,UPI/DR/240714922574/Swiggy/ICICI/swiggy@icici/UPI,254624117970,"2,440.13",,1080636.24
02-04-2025,POS INDIAN OIL JODHPUR,187312364775,"1,500.93",,1079135.31
02-04-2025,UPI/DR/415715803733/Flipkart/PAYTM/flipkart@ybl/UPI,167029624938,"1,250.63",,1077884.68
03-04-2025,UPI/DR/405669837438/Rapido/PAYTM/rapido@icici/UPI,177828074351,620.23,,1077264.45
03-04-2025,SALARY CREDIT/S8814184659030/Lupin Limited,726403950633,,"98,107.70",1175372.15
04-04-2025,ATM CASH WITHDRAWAL/26070/JODHPUR,786613804635,"1,500.00",,1173872.15
04-04-2025,UPI/DR/766886121685/Vi/PAYTM/vi@airtelaxis/UPI,871145728754,619.00,,1173253.15
04-04-2025,UPI/DR/442033765881/Mina/FDRL/minakhan79@ybl/UPI,363210453417,"16,000.63",,1157252.52
04-04-2025,UPI/DR/708572685059/Swiggy/ICICI/swiggy@icici/UPI,372597022746,930.85,,1156321.67
04-04-2025,POS INDIAN OIL JODHPUR,883870961540,"1,050.68",,1155270.99
04-04-2025,UPI/DR/849380827897/Usha/BDBL/usha.srivastava@apl/UPI,638102490456,"4,900.83",,1150370.16
05-04-2025,UPI/DR/039648231034/Sangita/HDFC/sangita103@kotak/UPI,559464738800,"3,800.15",,1146570.01
05-04-2025,IMPS-939954679255-Mukesh Mishra,147731763418,"2,300.94",,1144269.07
05-04-2025,NACH/MANDATE/RNT1899338/RENT MANDATE,791417952837,"18,000.00",,1126269.07
05-04-2025,UPI/DR/705237803625/Uber/PAYTM/uber@paytm/UPI,679021404702,260.29,,1126008.78
05-04-2025,NACH/MANDATE/LN095012157820/HDFC Ltd,493477245905,"15,500.00",,1110508.78
05-04-2025,UPI/DR/098040069658/Flipkart/ICICI/flipkart@ybl/UPI,168888045354,660.02,,1109848.76
06-04-2025,UPI/DR/825491575573/Ritu/BKID/ritu423@okicici/UPI,030501991157,"1,050.81",,1108797.95
06-04-2025,UPI/DR/221753436904/Vi/PAYTM/vi@airtelaxis/UPI,588514924898,229.00,,1108568.95
07-04-2025,UPI/DR/369413022957/Amazon/ICICI/amazon@apl/UPI,003158376847,"1,050.64",,1107518.31
07-04-2025,UPI/DR/444496169676/BSNL/ICICI/bsnlbroadband@upi/UPI,936164727601,"1,520.97",,1105997.34
07-04-2025,UPI/DR/308356370580/Amazon/ICICI/amazon@apl/UPI,850889087346,"1,710.84",,1104286.50
08-04-2025,UPI/DR/533479622330/Uber/PAYTM/uber@paytm/UPI,502787772496,400.99,,1103885.51
08-04-2025,UPI/CR/173199644297/Kunal/KKBK/6391616867@apl/UPI,654555093527,,"5,950.79",1109836.30
09-04-2025,UPI/DR/626002652736/KSEB/UPIN/ksebpayment@upi/UPI,715423762776,"4,050.20",,1105786.10
09-04-2025,UPI/DR/908385184610/Ola/ICICI/olamoney@ola/UPI,843469555897,720.36,,1105065.74
10-04-2025,UPI/DR/569757491140/Zepto/ICICI/zepto@apl/UPI,322363503026,"2,480.39",,1102585.35
13-04-2025,UPI/DR/855719745523/Paytm/ICICI/paytm@paytm/UPI,945552874650,"2,040.13",,1100545.22
13-04-2025,UPI/DR/518368509262/SBI/LICI/licindia@licindia/UPI,884600762199,"5,600.00",,1094945.22
13-04-2025,UPI/DR/510920536679/Dunzo/ICICI/dunzo@razorpay/UPI,802015707913,"2,270.50",,1092674.72
14-04-2025,UPI/DR/142374922820/Rapido/PAYTM/rapido@icici/UPI,974539204895,860.62,,1091814.10
14-04-2025,UPI/CR/275697672012/Gaurav/HDFC/gauraviyer24@oksbi/UPI,477740429972,,"12,400.73",1104214.83
14-04-2025,UPI/DR/468375210818/Amazon/ICICI/amazon@apl/UPI,429131399356,"1,230.60",,1102984.23
14-04-2025,ATM CASH WITHDRAWAL/93980/JODHPUR,862300665677,"8,000.00",,1094984.23
14-04-2025,UPI/DR/032746868226/Uber/ICICI/uber@paytm/UPI,151539162295,450.75,,1094533.48
15-04-2025,ATM CASH WITHDRAWAL/46747/JODHPUR,899112254472,"1,000.00",,1093533.48
15-04-2025,ATM CASH WITHDRAWAL/56542/JODHPUR,829900289151,"4,000.00",,1089533.48
15-04-2025,UPI/DR/141003612521/Jio/ICICI/jio@paytm/UPI,697065317648,"1,350.35",,1088183.13
16-04-2025,POS LIFESTYLE STORES JODHPUR,129256241915,"2,950.40",,1085232.73
16-04-2025,UPI/DR/733425886743/Indane/ICICI/indanegas@upi/UPI,054041906917,"1,500.89",,1083731.84
18-04-2025,POS PANTALOONS JODHPUR,240978941132,800.16,,1082931.68
18-04-2025,ATM CASH WITHDRAWAL/41646/JODHPUR,038550181802,"5,500.00",,1077431.68
18-04-2025,UPI/DR/483128503823/Blinkit/ICICI/blinkit@kotak/UPI,732081481107,640.69,,1076790.99
22-04-2025,UPI/DR/400169474721/BSNL/RAZORPAY/broadband@paytm/UPI,615120554279,449.00,,1076341.99
22-04-2025,UPI/DR/369631087369/Swiggy/ICICI/swiggy@icici/UPI,660085273292,"2,540.05",,1073801.94
22-04-2025,UPI/CR/909642934439/Manish/HDFC/manish809@upi/UPI,328666906887,,"8,800.79",1082602.73
22-04-2025,POS BIG BAZAAR JODHPUR,191113461488,"3,200.35",,1079402.38
23-04-2025,UPI/DR/075136566633/Amazon/PAYTM/amazon@apl/UPI,231909088554,"4,050.83",,1075351.55
24-04-2025,UPI/CR/629931180787/Archana/BKID/archana342@paytm/UPI,213164929700,,"21,150.45",1096502.00
24-04-2025,UPI/DR/033038615525/Flipkart/ICICI/flipkart@ybl/UPI,461815809197,"1,340.04",,1095161.96
24-04-2025,UPI/DR/604790728052/Vi/PAYTM/vi@airtelaxis/UPI,205401381408,239.00,,1094922.96
27-04-2025,UPI/DR/788154987884/Rapido/PAYTM/rapido@icici/UPI,405579398395,720.06,,1094202.90
27-04-2025,UPI/DR/928818367954/Flipkart/PAYTM/flipkart@ybl/UPI,446612240525,"3,050.77",,1091152.13
27-04-2025,UPI/DR/385778247541/Uber/PAYTM/uber@paytm/UPI,233084016445,620.98,,1090531.15
28-04-2025,UPI/DR/134464584509/Sonia/BDBL/soniapate23@pthdfc/UPI,501148175241,"12,250.13",,1078281.02
28-04-2025,UPI/DR/516835940764/Blinkit/ICICI/blinkit@kotak/UPI,281456201543,"2,630.01",,1075651.01
28-04-2025,UPI/DR/489476501894/Naveen/BDBL/1232944790@ybl/UPI,866622312567,"12,950.87",,1062700.14
29-04-2025,POS MORE SUPER MARKET JODHPUR,184898734412,"6,150.43",,1056549.71
30-04-2025,UPI/DR/864155766878/Paytm/ICICI/paytm@paytm/UPI,944006064371,"2,070.72",,1054478.99
30-04-2025,UPI/CR/047725141812/Anil/PUNB/anil566@ybl/UPI,851530500809,,"21,400.87",1075879.86
01-05-2025,UPI/CR/423231572850/Kunal/KKBK/kunal690@pthdfc/UPI,106829292135,,"13,700.26",1089580.12
01-05-2025,POS SHELL FUEL STATION JODHPUR,913767575900,"2,300.06",,1087280.06
01-05-2025,POS BRAND FACTORY JODHPUR,765559875103,"7,050.13",,1080229.93
02-05-2025,UPI/DR/210393052539/Zomato/ICICI/zomato@axisbank/UPI,546198997527,"2,360.49",,1077869.44
02-05-2025,ATM CASH WITHDRAWAL/53058/JODHPUR,512907873060,"8,000.00",,1069869.44
03-05-2025,UPI/DR/301027638304/Varun/HDFC/7539532140@ptaxis/UPI,954919030871,"21,100.49",,1048768.95
03-05-2025,SALARY CREDIT/S4651731054468/Lupin Limited,001006898540,,"95,272.70",1144041.65
03-05-2025,POS BRAND FACTORY JODHPUR,286973755470,"6,200.96",,1137840.69
03-05-2025,POS BIG BAZAAR JODHPUR,586771771042,"4,400.86",,1133439.83
04-05-2025,ATM CASH WITHDRAWAL/43153/JODHPUR,575178753717,"1,000.00",,1132439.83
04-05-2025,UPI/CR/290624492462/Krishna/KKBK/5968317614@axl/UPI,293350020104,,"12,900.64",1145340.47
05-05-2025,UPI/DR/274418266161/Blinkit/ICICI/blinkit@kotak/UPI,100956513160,400.69,,1144939.78
05-05-2025,UPI/DR/284795360910/Vi/PAYTM/vi@airtelaxis/UPI,541494105488,389.00,,1144550.78
05-05-2025,POS BHARAT PETROLEUM JODHPUR,594208043194,"1,600.67",,1142950.11
05-05-2025,UPI/DR/816264120433/SBI/LICI/licindia@licindia/UPI,645740678021,"5,600.00",,1137350.11
05-05-2025,UPI/DR/154091748976/Ola/PAYTM/olamoney@ola/UPI,786169054349,590.23,,1136759.88
06-05-2025,UPI/DR/348925583440/Krishna/UCBA/krishna.khanna@ptsbi/UPI,902277669742,"12,600.86",,1124159.02
06-05-2025,UPI/DR/952359366660/Rapido/PAYTM/rapido@icici/UPI,805106162858,100.08,,1124058.94
06-05-2025,UPI/DR/425672400441/Blinkit/ICICI/blinkit@kotak/UPI,750408077999,"1,440.15",,1122618.79
08-05-2025,ATM CASH WITHDRAWAL/86384/JODHPUR,161766030971,"8,000.00",,1114618.79
08-05-2025,NACH/MANDATE/RNT1280549/RENT MANDATE,746873584156,"18,000.00",,1096618.79
09-05-2025,UPI/DR/227766574703/Meesho/PAYTM/meesho@ybl/UPI,628430321903,"4,850.99",,1091767.80
09-05-2025,UPI/DR/700183312609/Paytm/ICICI/paytm@paytm/UPI,236164743165,690.35,,1091077.45
09-05-2025,UPI/DR/215519181765/Paytm/ICICI/paytm@paytm/UPI,107838925896,350.75,,1090726.70
09-05-2025,UPI/DR/071594975727/Vandana/UCBA/vandana.verma@ybl/UPI,580001802284,"3,400.76",,1087325.94
09-05-2025,UPI/DR/987838563923/Hotstar/ICICI/hotstar@hdfcbank/UPI,772496527632,749.00,,1086576.94
10-05-2025,UPI/DR/407223603575/Zepto/ICICI/zepto@apl/UPI,663053879220,"2,140.29",,1084436.65
10-05-2025,UPI/CR/036803676274/Pallavi/FDRL/pallavichat84@pthdfc/UPI,109841535733,,"21,350.59",1105787.24
10-05-2025,UPI/DR/225076991441/Blinkit/ICICI/blinkit@kotak/UPI,421364068909,"1,760.17",,1104027.07
11-05-2025,UPI/DR/407989903786/Vi/PAYTM/vi@airtelaxis/UPI,245897749461,279.00,,1103748.07
11-05-2025,NACH/MANDATE/LN095012157820/HDFC Ltd,064664762705,"15,500.00",,1088248.07
11-05-2025,UPI/DR/942677023631/Ola/PAYTM/olamoney@ola/UPI,949100036863,150.59,,1088097.48
12-05-2025,UPI/DR/389363777952/Ola/PAYTM/olamoney@ola/UPI,255371148716,550.99,,1087546.49
12-05-2025,POS V MART JODHPUR,875472462874,"5,700.58",,1081845.91
13-05-2025,UPI/DR/590093357335/Ritu/PUNB/4781673186@ptaxis/UPI,352627224111,"14,050.66",,1067795.25
14-05-2025,UPI/DR/464537919667/MakeMyTrip/ICICI/makemytrip@axisbank/UPI,821312457806,899.00,,1066896.25
14-05-2025,UPI/DR/778522223787/BigBasket/ICICI/bigbasket@ybl/UPI,207219594921,700.52,,1066195.73
14-05-2025,ATM CASH WITHDRAWAL/38441/JODHPUR,374975255015,"5,500.00",,1060695.73
15-05-2025,UPI/DR/645587940184/Siddharth/BKID/siddharth.jain@oksbi/UPI,421243048359,"11,300.24",,1049395.49
18-05-2025,UPI/DR/463566683769/BSNL/RAZORPAY/broadband@paytm/UPI,120697875617,549.00,,1048846.49
18-05-2025,POS D MART JODHPUR,372986597954,"1,550.57",,1047295.92
18-05-2025,UPI/DR/569162967152/KSEB/UPIN/ksebpayment@upi/UPI,174651889942,"3,650.11",,1043645.81
19-05-2025,UPI/DR/403476219105/BSNL/ICICI/bsnlbroadband@upi/UPI,611896788552,370.74,,1043275.07
19-05-2025,UPI/DR/556466667716/Rajesh/BKID/rajesh241@upi/UPI,290424644671,"20,800.81",,1022474.26
20-05-2025,POS INDIAN OIL JODHPUR,455290650300,"3,800.45",,1018673.81
20-05-2025,UPI/DR/721697704042/Swiggy/ICICI/swiggy@icici/UPI,459466020897,"1,050.24",,1017623.57
20-05-2025,UPI/DR/856053795483/Blinkit/ICICI/blinkit@kotak/UPI,903351730526,"1,680.95",,1015942.62
21-05-2025,UPI/CR/874944181175/Vivek/FDRL/vivek.sethi@aubank/UPI,309207287717,,"3,700.35",1019642.97
21-05-2025,UPI/DR/357445558271/Sangita/BARB/sangita689@ptsbi/UPI,992883338042,"17,400.09",,1002242.88
22-05-2025,POS VISHAL MEGA MART JODHPUR,231392789011,"1,800.97",,1000441.91
22-05-2025,POS MAX FASHION JODHPUR,101886405558,"2,550.69",,997891.22
23-05-2025,UPI/DR/590393731790/Naresh/PUNB/nareshsen42@paytm/UPI,866076608446,"18,750.32",,979140.90
23-05-2025,UPI/DR/362776563278/Indane/ICICI/indanegas@upi/UPI,888609160034,"1,350.02",,977790.88
23-05-2025,UPI/DR/865149905111/Ola/PAYTM/olamoney@ola/UPI,464972420064,540.50,,977250.38
24-05-2025,UPI/DR/040856582080/Vi/PAYTM/vi@airtelaxis/UPI,962011866310,709.00,,976541.38
25-05-2025,UPI/DR/753073088535/Siddharth/HDFC/siddharthshah57@apl/UPI,067204858736,750.42,,975790.96
25-05-2025,UPI/DR/084056528409/Flipkart/PAYTM/flipkart@ybl/UPI,003925648221,"2,750.72",,973040.24
26-05-2025,UPI/DR/357349310079/Zomato/ICICI/zomato@axisbank/UPI,631401473454,"1,220.23",,971820.01
27-05-2025,ATM CASH WITHDRAWAL/26990/JODHPUR,248916987551,"7,000.00",,964820.01
27-05-2025,POS RELIANCE PETROLEUM JODHPUR,255454765605,"4,400.68",,960419.33
27-05-2025,UPI/DR/526005534296/Flipkart/PAYTM/flipkart@ybl/UPI,648707433318,"2,500.98",,957918.35
29-05-2025,UPI/DR/216926045451/Gopal/KKBK/gopal119@ibl/UPI,365993741239,"12,000.79",,945917.56
29-05-2025,UPI/CR/210596497532/Vikas/SBIN/vikas606@ptaxis/UPI,695764233026,,"11,150.89",957068.45
29-05-2025,UPI/DR/866130683759/Vi/PAYTM/vi@airtelaxis/UPI,741049830800,639.00,,956429.45
30-05-2025,POS METRO CASH CARRY JODHPUR,611045467861,"2,000.30",,954429.15
31-05-2025,UPI/DR/852559550673/Gopal/KKBK/3826565816@apl/UPI,228011576881,650.93,,953778.22
02-06-2025,UPI/DR/940455949090/Uber/PAYTM/uber@paytm/UPI,972753603684,460.20,,953318.02
02-06-2025,UPI/CR/309708202765/Sanjay/SBIN/sanjay490@aubank/UPI,914501175672,,"15,350.13",968668.15
03-06-2025,ATM CASH WITHDRAWAL/27805/JODHPUR,868106002789,"3,000.00",,965668.15
03-06-2025,SALARY CREDIT/S4812103952649/Lupin Limited,122812854121,,"98,465.70",1064133.85
03-06-2025,UPI/DR/837707301865/Vi/PAYTM/vi@airtelaxis/UPI,340877852302,389.00,,1063744.85
04-06-2025,ATM CASH WITHDRAWAL/15454/JODHPUR,488566743618,"8,500.00",,1055244.85
05-06-2025,NACH/MANDATE/LN095012157820/HDFC Ltd,128589314923,"15,500.00",,1039744.85
05-06-2025,POS LIFESTYLE STORES JODHPUR,169717475972,"4,950.65",,1034794.20
06-06-2025,POS PANTALOONS JODHPUR,271115886300,"1,400.50",,1033393.70
07-06-2025,NACH/MANDATE/RNT3086312/RENT MANDATE,734763800790,"18,000.00",,1015393.70
07-06-2025,UPI/DR/301904629021/Vi/PAYTM/vi@airtelaxis/UPI,146962665266,209.00,,1015184.70
08-06-2025,NEFT/N6522183522736/HCL Technologies Ltd,720958946060,,"20,500.74",1035685.44
08-06-2025,UPI/DR/357076183397/Uber/ICICI/uber@paytm/UPI,942978556441,"2,730.23",,1032955.21
09-06-2025,UPI/DR/342575734665/1mg/ICICI/tatahealth@icici/UPI,062316091221,"3,150.77",,1029804.44
10-06-2025,UPI/DR/643804087059/Asha/PUNB/1720178549@ptsbi/UPI,182294885995,"16,850.02",,1012954.42
10-06-2025,UPI/CR/718812007726/Santosh/PUNB/santoshkuma94@ptsbi/UPI,460725410449,,"3,450.13",1016404.55
11-06-2025,POS RELIANCE MART JODHPUR,571259169389,"3,600.25",,1012804.30
11-06-2025,UPI/DR/050050712906/BSNL/RAZORPAY/broadband@paytm/UPI,791702775917,"1,099.00",,1011705.30
11-06-2025,UPI/DR/681762143649/Uber/PAYTM/uber@paytm/UPI,036457094101,150.55,,1011554.75
13-06-2025,POS MAX FASHION JODHPUR,854971187290,"1,450.52",,1010104.23
13-06-2025,UPI/DR/012197703030/Uber/PAYTM/uber@paytm/UPI,234941516996,90.92,,1010013.31
13-06-2025,UPI/DR/416295192815/Sonia/FDRL/8753694317@oksbi/UPI,973700613711,"3,500.49",,1006512.82
13-06-2025,UPI/DR/519744588583/SBI/LICI/licindia@licindia/UPI,514967605606,"5,600.00",,1000912.82
14-06-2025,UPI/DR/933237181198/Spotify/ICICI/spotify@icici/UPI,391664096821,899.00,,1000013.82
14-06-2025,UPI/DR/145727525612/Zomato/ICICI/zomato@axisbank/UPI,169400139404,"2,520.85",,997492.97
14-06-2025,UPI/DR/490557314831/PhonePe/ICICI/phonepe@ybl/UPI,070752765586,"2,110.73",,995382.24
15-06-2025,POS SHELL FUEL STATION JODHPUR,423709994269,"3,750.40",,991631.84
15-06-2025,IMPS-034238040155-Poonam Patel,642711750368,"44,800.21",,946831.63
15-06-2025,UPI/DR/711437440913/Flipkart/PAYTM/flipkart@ybl/UPI,921119888978,"4,700.97",,942130.66
16-06-2025,UPI/CR/084612077740/Brijesh/BKID/brijesh503@kotak/UPI,512462684410,,"1,850.39",943981.05
16-06-2025,POS SHOPPERS STOP JODHPUR,224068959285,"7,550.12",,936430.93
16-06-2025,RTGS/R09200230076/KIRAN KULKARNI/PUNB0497941,R09200230076,"352,000.22",,584430.71
17-06-2025,UPI/DR/239186384886/Vi/PAYTM/vi@airtelaxis/UPI,018401008086,359.00,,584071.71
17-06-2025,UPI/DR/839058094999/BigBasket/ICICI/bigbasket@ybl/UPI,102961002590,"1,500.29",,582571.42
18-06-2025,UPI/DR/868833237312/Hotstar/ICICI/hotstar@hdfcbank/UPI,161066928187,799.00,,581772.42
20-06-2025,UPI/DR/101497255644/Vi/PAYTM/vi@airtelaxis/UPI,610596424615,639.00,,581133.42
21-06-2025,ATM CASH WITHDRAWAL/63430/JODHPUR,541921767878,"2,500.00",,578633.42
21-06-2025,UPI/DR/588929272784/Vi/PAYTM/vi@airtelaxis/UPI,156005693016,349.00,,578284.42
21-06-2025,UPI/DR/816251032900/Zepto/ICICI/zepto@apl/UPI,301162835459,"1,790.31",,576494.11
22-06-2025,UPI/DR/420518072125/Meesho/PAYTM/meesho@ybl/UPI,790116233133,"2,850.85",,573643.26
23-06-2025,IMPS-233785920439-Mamta Pillai,025652992234,"5,100.50",,568542.76
23-06-2025,UPI/DR/508932822202/Dunzo/ICICI/dunzo@razorpay/UPI,467674551247,"1,140.59",,567402.17
23-06-2025,UPI/DR/933502415036/KSEB/UPIN/ksebpayment@upi/UPI,849454142396,"2,800.69",,564601.48
24-06-2025,ATM CASH WITHDRAWAL/89153/JODHPUR,500107798708,"7,000.00",,557601.48
24-06-2025,UPI/DR/309833476283/Flipkart/PAYTM/flipkart@ybl/UPI,783513200760,"3,400.60",,554200.88
25-06-2025,UPI/DR/390095001301/Indane/ICICI/indanegas@upi/UPI,906925576596,"2,100.78",,552100.10
26-06-2025,UPI/CR/435907142953/Prashant/PUNB/9814700129@okaxis/UPI,064937162969,,"3,500.32",555600.42
26-06-2025,ATM CASH WITHDRAWAL/75428/JODHPUR,945879635913,"3,000.00",,552600.42
27-06-2025,UPI/CR/533288646673/Mohan/PUNB/mohanseth13@ibl/UPI,352595789183,,"19,700.13",572300.55
27-06-2025,ATM CASH WITHDRAWAL/41459/JODHPUR,419609119824,"2,000.00",,570300.55
27-06-2025,UPI/DR/480235975692/Zomato/ICICI/zomato@axisbank/UPI,913030063880,560.15,,569740.40
28-06-2025,GST ON CHARGES,813785509314,30.60,,569709.80
28-06-2025,MAINTENANCE CHARGES,238810215752,170.00,,569539.80
28-06-2025,INTEREST CREDIT,892958721778,,920.62,570460.42
28-06-2025,UPI/CR/707560495381/Maya/UCBA/mayashuk25@okhdfcbank/UPI,071445717566,,350.38,570810.80
28-06-2025,UPI/DR/847378700933/Paytm/ICICI/paytm@paytm/UPI,141795274825,"2,170.83",,568639.97
29-06-2025,POS METRO CASH CARRY JODHPUR,538449388197,"7,900.12",,560739.85
29-06-2025,UPI/DR/189090276990/BigBasket/ICICI/bigbasket@ybl/UPI,978406701670,630.07,,560109.78
29-06-2025,UPI/DR/060208774751/Jio/ICICI/jio@paytm/UPI,246657108799,580.99,,559528.79
29-06-2025,UPI/DR/335990615551/Kavita/BARB/kavitanamb80@pthdfc/UPI,181709814546,"20,500.67",,539028.12
29-06-2025,UPI/DR/711735702215/Manish/SBIN/manishthap15@ptsbi/UPI,686546622864,"8,900.57",,530127.55
30-06-2025,POS SHELL FUEL STATION JODHPUR,013222311050,"2,600.40",,527527.15
30-06-2025,UPI/DR/243662819547/Harish/KKBK/5024980039@apl/UPI,470089721373,"13,000.27",,514526.88
01-07-2025,UPI/CR/794415218509/Rajan/BDBL/rajandutt74@axl/UPI,956228120705,,"12,750.90",527277.78
01-07-2025,POS SHELL FUEL STATION JODHPUR,914614581035,"1,950.32",,525327.46
01-07-2025,UPI/DR/270262612650/Babita/KKBK/babitachat43@okicici/UPI,537426040388,"17,350.59",,507976.87
03-07-2025,UPI/CR/184542821594/Kavya/BKID/2463935167@oksbi/UPI,227776234746,,"6,100.55",514077.42
03-07-2025,UPI/DR/597008275505/Uber/ICICI/uber@paytm/UPI,474705186799,"1,940.02",,512137.40
03-07-2025,UPI/DR/058706860319/MakeMyTrip/ICICI/makemytrip@axisbank/UPI,474496754327,699.00,,511438.40
04-07-2025,UPI/DR/148793006992/Myntra/PAYTM/myntra@ybl/UPI,089353103253,850.11,,510588.29
05-07-2025,SALARY CREDIT/S4992996421616/Lupin Limited,805363007692,,"98,356.70",608944.99
06-07-2025,NACH/MANDATE/RNT4169256/RENT MANDATE,173158156314,"18,000.00",,590944.99
07-07-2025,UPI/DR/115184877302/Arun/BKID/5830048198@ybl/UPI,637985465732,"13,200.23",,577744.76
07-07-2025,UPI/DR/027982006526/Krishna/UCBA/krishnasing73@paytm/UPI,689529536497,"6,800.56",,570944.20
08-07-2025,POS RELIANCE PETROLEUM JODHPUR,851773514148,"2,650.12",,568294.08
08-07-2025,UPI/DR/535830632232/BSNL/RAZORPAY/broadband@paytm/UPI,006799124609,699.00,,567595.08
09-07-2025,UPI/DR/814453110508/BSNL/ICICI/bsnlbroadband@upi/UPI,986524823301,"2,660.65",,564934.43
09-07-2025,UPI/CR/078062787887/Poonam/KKBK/poonam349@ibl/UPI,554062507305,,"13,200.94",578135.37
09-07-2025,NACH/MANDATE/LN095012157820/HDFC Ltd,719251255952,"15,500.00",,562635.37
10-07-2025,UPI/DR/673026273035/Rapido/PAYTM/rapido@icici/UPI,651188349942,490.56,,562144.81
10-07-2025,UPI/CR/312157803976/Asha/BDBL/asha.menon@axl/UPI,543979747623,,"16,000.81",578145.62
11-07-2025,UPI/DR/315847731876/Blinkit/ICICI/blinkit@kotak/UPI,875961643525,"1,650.26",,576495.36
11-07-2025,UPI/DR/459136235702/Kavya/UTIB/kavya874@okaxis/UPI,377990601625,"3,300.37",,573194.99
11-07-2025,UPI/DR/346930832725/Paytm/ICICI/paytm@paytm/UPI,938074446571,260.50,,572934.49
12-07-2025,UPI/DR/642745769221/Uber/PAYTM/uber@paytm/UPI,723260175095,180.56,,572753.93
12-07-2025,UPI/DR/704440231224/Rapido/PAYTM/rapido@icici/UPI,720499924741,400.64,,572353.29
13-07-2025,UPI/DR/105104646558/Arjun/UTIB/arjunghos96@aubank/UPI,737690183819,"11,400.37",,560952.92
13-07-2025,UPI/DR/991945745737/Ola/ICICI/olamoney@ola/UPI,482481141139,"1,350.01",,559602.91
13-07-2025,UPI/DR/314329870698/SBI/LICI/licindia@licindia/UPI,018035762916,"5,600.00",,554002.91
14-07-2025,UPI/DR/558494297967/Jio/ICICI/jio@paytm/UPI,011887399423,"1,270.11",,552732.80
14-07-2025,POS D MART JODHPUR,423422814339,"1,200.45",,551532.35
15-07-2025,UPI/DR/849884749932/Zepto/ICICI/zepto@apl/UPI,826185626344,"2,150.19",,549382.16
15-07-2025,UPI/DR/255620634326/Vi/PAYTM/vi@airtelaxis/UPI,139956945212,809.00,,548573.16
15-07-2025,UPI/DR/749403415456/Pallavi/BKID/pallavi.thapar@aubank/UPI,698852743329,"18,500.25",,530072.91
16-07-2025,UPI/CR/772327813398/Varsha/HDFC/6329667287@apl/UPI,230415595042,,"20,950.27",551023.18
16-07-2025,POS SHELL FUEL STATION JODHPUR,751603577314,"1,850.34",,549172.84
16-07-2025,UPI/DR/947759278785/Indane/ICICI/indanegas@upi/UPI,439881745590,"1,050.28",,548122.56
16-07-2025,UPI/CR/893218493146/Archana/PUNB/archana327@ibl/UPI,020336813614,,"5,500.74",553623.30
17-07-2025,UPI/CR/418894281594/Shivam/BDBL/shivam.pillai@aubank/UPI,492092595056,,"19,800.10",573423.40
17-07-2025,NEFT/N2529888434572/IBM India Pvt Ltd,692648136917,,"55,000.64",628424.04
17-07-2025,UPI/DR/032486375766/KSEB/UPIN/ksebpayment@upi/UPI,339318105496,"3,150.52",,625273.52
18-07-2025,POS RELIANCE PETROLEUM JODHPUR,519208522884,"2,650.22",,622623.30
18-07-2025,POS MAX FASHION JODHPUR,528062572716,"5,700.15",,616923.15
18-07-2025,POS CENTRAL MALL JODHPUR,978903814473,"6,550.28",,610372.87
18-07-2025,UPI/CR/834840682984/Ritu/UCBA/ritumeht41@ptyes/UPI,298436519967,,"21,000.72",631373.59
19-07-2025,UPI/CR/748875913493/Sunita/BDBL/sunitasen42@okaxis/UPI,057026786900,,"21,650.22",653023.81
19-07-2025,UPI/DR/333742273389/Anjali/PUNB/4132828208@kotak/UPI,281965500175,"8,250.23",,644773.58
19-07-2025,UPI/DR/888492494172/Krishna/KKBK/krishnashar31@apl/UPI,026305130334,"6,200.73",,638572.85
20-07-2025,UPI/DR/709757825881/Kapil/KKBK/kapil.sethi@okaxis/UPI,826714433180,"6,150.59",,632422.26
20-07-2025,UPI/DR/957232625873/Mahesh/BDBL/5555836641@okhdfcbank/UPI,694544051632,"21,800.98",,610621.28
21-07-2025,UPI/DR/855078217897/Kavita/HDFC/2063518526@oksbi/UPI,677190541272,"17,900.81",,592720.47
21-07-2025,UPI/DR/301728277884/Amazon/ICICI/amazon@apl/UPI,591076773550,940.50,,591779.97
21-07-2025,UPI/DR/733628363086/Flipkart/ICICI/flipkart@ybl/UPI,112906108817,510.77,,591269.20
21-07-2025,UPI/DR/201972784701/Ola/PAYTM/olamoney@ola/UPI,785319544174,460.69,,590808.51
22-07-2025,ATM CASH WITHDRAWAL/17952/JODHPUR,629700033209,"8,000.00",,582808.51
23-07-2025,UPI/DR/482905030873/Uber/ICICI/uber@paytm/UPI,875844106578,"1,680.10",,581128.41
23-07-2025,UPI/DR/145122941523/Ola/ICICI/olamoney@ola/UPI,395710637067,"2,130.35",,578998.06
23-07-2025,UPI/CR/405329407639/Usha/UCBA/0997415656@apl/UPI,719772359680,,"12,450.40",591448.46
23-07-2025,UPI/DR/984937960358/Blinkit/ICICI/blinkit@kotak/UPI,716759559316,"1,220.23",,590228.23
24-07-2025,UPI/DR/871630956321/Uber/PAYTM/uber@paytm/UPI,380279928649,730.48,,589497.75
25-07-2025,POS STAR BAZAAR JODHPUR,789011591197,"4,850.23",,584647.52
26-07-2025,UPI/DR/212574374562/Vi/PAYTM/vi@airtelaxis/UPI,206966575458,939.00,,583708.52
26-07-2025,UPI/DR/817398540123/Ola/ICICI/olamoney@ola/UPI,107409452840,"2,650.58",,581057.94
26-07-2025,UPI/DR/883671791084/Vi/PAYTM/vi@airtelaxis/UPI,950857897401,569.00,,580488.94
28-07-2025,ATM CASH WITHDRAWAL/36501/JODHPUR,010169484020,"3,500.00",,576988.94
29-07-2025,UPI/DR/375474656136/Vi/PAYTM/vi@airtelaxis/UPI,253991243068,739.00,,576249.94
31-07-2025,MAINTENANCE CHARGES,727072642655,150.00,,576099.94
31-07-2025,UPI/CR/404541065716/Pallavi/BDBL/pallavi908@ptaxis/UPI,314582161752,,"11,150.79",587250.73
31-07-2025,GST ON CHARGES,914657149135,27.00,,587223.73
01-08-2025,UPI/DR/286871725698/Uber/PAYTM/uber@paytm/UPI,090022703606,840.14,,586383.59
01-08-2025,UPI/DR/664783046221/Uber/PAYTM/uber@paytm/UPI,664843211284,440.41,,585943.18
01-08-2025,UPI/DR/931651911284/Ola/ICICI/olamoney@ola/UPI,745549902462,"1,500.14",,584443.04
02-08-2025,UPI/DR/442293505523/Ola/PAYTM/olamoney@ola/UPI,234193157328,900.32,,583542.72
03-08-2025,UPI/DR/501452932285/Nykaa/PAYTM/nykaa@razorpay/UPI,335052869003,"1,250.46",,582292.26
04-08-2025,SALARY CREDIT/S4224307377264/Lupin Limited,116449552401,,"95,528.70",677820.96
04-08-2025,UPI/DR/918370568350/Kapil/UCBA/kapil.das@axl/UPI,113615306584,"14,050.56",,663770.40
05-08-2025,UPI/DR/993507801289/Pallavi/SBIN/pallavi388@okhdfcbank/UPI,606331545371,"4,050.10",,659720.30
05-08-2025,UPI/DR/254471201054/Kavita/UTIB/kavita.pillai@ybl/UPI,547326540940,"10,450.66",,649269.64
05-08-2025,UPI/DR/325050011318/Zepto/ICICI/zepto@apl/UPI,614708851363,980.53,,648289.11
07-08-2025,NACH/MANDATE/LN095012157820/HDFC Ltd,745022515763,"15,500.00",,632789.11
08-08-2025,UPI/DR/813098311443/Meesho/PAYTM/meesho@ybl/UPI,281726983888,"1,500.09",,631289.02
09-08-2025,UPI/DR/860982082291/Nikhil/PUNB/nikhildas54@kotak/UPI,335038755902,"17,600.41",,613688.61
09-08-2025,NACH/MANDATE/RNT7401765/RENT MANDATE,428776800082,"18,000.00",,595688.61
10-08-2025,UPI/DR/959379373425/Arun/BKID/arundutt81@oksbi/UPI,620233146036,"4,650.95",,591037.66
10-08-2025,UPI/DR/188397510766/Vi/PAYTM/vi@airtelaxis/UPI,269670543962,409.00,,590628.66
10-08-2025,UPI/DR/217625998411/SBI/LICI/licindia@licindia/UPI,203119021696,"5,600.00",,585028.66
10-08-2025,UPI/DR/368359396686/Ajay/FDRL/ajayyada77@kotak/UPI,296017339667,"13,650.93",,571377.73
10-08-2025,UPI/DR/944004077202/Blinkit/ICICI/blinkit@kotak/UPI,310442633591,"1,270.54",,570107.19
12-08-2025,UPI/DR/995294268604/Nikhil/SBIN/0730351019@axl/UPI,454561840741,"1,150.81",,568956.38
13-08-2025,UPI/CR/937716198111/Anjali/HDFC/anjalimeht29@kotak/UPI,831901041124,,"11,900.49",580856.87
13-08-2025,UPI/DR/158275148962/BigBasket/ICICI/bigbasket@ybl/UPI,821664740722,"1,280.81",,579576.06
14-08-2025,UPI/DR/073277121509/Zepto/ICICI/zepto@apl/UPI,083735316499,820.51,,578755.55
14-08-2025,UPI/DR/262818193439/BigBasket/ICICI/bigbasket@ybl/UPI,091305813900,"1,410.32",,577345.23
15-08-2025,UPI/DR/564487637141/Vi/PAYTM/vi@airtelaxis/UPI,098439306910,179.00,,577166.23
15-08-2025,POS CENTRAL MALL JODHPUR,881142133563,"3,450.66",,573715.57
15-08-2025,POS HP PETROL PUMP JODHPUR,431283705448,"4,000.90",,569714.67
15-08-2025,UPI/DR/670110908439/Gopal/HDFC/4299796662@axl/UPI,276853318226,"17,250.97",,552463.70
15-08-2025,UPI/DR/669598381347/Paytm/ICICI/paytm@paytm/UPI,561600673779,"1,660.16",,550803.54
15-08-2025,UPI/DR/540592086190/Ravi/PUNB/ravi.pillai@apl/UPI,648904827933,"21,800.38",,529003.16
15-08-2025,POS V MART JODHPUR,162246576432,"7,100.57",,521902.59
15-08-2025,UPI/DR/485035295515/Rapido/PAYTM/rapido@icici/UPI,068744687912,860.07,,521042.52
17-08-2025,UPI/DR/304613584765/Flipkart/ICICI/flipkart@ybl/UPI,927167909261,"1,220.74",,519821.78
17-08-2025,UPI/DR/272856370330/Myntra/PAYTM/myntra@ybl/UPI,550088392805,"5,700.28",,514121.50
18-08-2025,UPI/CR/039148573430/Sunil/UTIB/sunil825@apl/UPI,708843601803,,"7,800.64",521922.14
20-08-2025,UPI/DR/194211445530/KSEB/UPIN/ksebpayment@upi/UPI,047087307389,"1,100.18",,520821.96
20-08-2025,UPI/DR/636920264766/Sanjay/UTIB/1863847502@paytm/UPI,463197633016,"17,050.02",,503771.94
20-08-2025,IMPS-029032492201-Mahesh Mukherjee,106090644186,"13,100.08",,490671.86
20-08-2025,UPI/DR/882395603012/Paytm/ICICI/paytm@paytm/UPI,187486473921,"1,980.11",,488691.75
22-08-2025,UPI/CR/807899231607/Ankit/FDRL/9504080159@upi/UPI,307696635281,,"15,600.32",504292.07
22-08-2025,UPI/DR/197525266331/Swiggy/ICICI/swiggy@icici/UPI,368774392486,710.59,,503581.48
22-08-2025,UPI/CR/527925487225/Shweta/FDRL/shweta.sharma@pthdfc/UPI,884986434252,,"17,950.80",521532.28
22-08-2025,UPI/DR/869181331972/Indane/ICICI/indanegas@upi/UPI,690278283345,"2,650.78",,518881.50
23-08-2025,UPI/DR/576248379614/Vi/PAYTM/vi@airtelaxis/UPI,017089390396,879.00,,518002.50
23-08-2025,POS SHELL FUEL STATION JODHPUR,946949811859,"2,800.59",,515201.91
25-08-2025,UPI/DR/142182283859/Shivam/SBIN/1820609222@kotak/UPI,989044067563,"21,850.68",,493351.23
25-08-2025,UPI/DR/928789880150/Uber/PAYTM/uber@paytm/UPI,543481373168,510.41,,492840.82
25-08-2025,UPI/DR/203282556885/Pooja/BDBL/pooja176@axl/UPI,535266503056,"14,700.18",,478140.64
25-08-2025,UPI/DR/478670597418/Swiggy/ICICI/swiggy@icici/UPI,689831149978,680.65,,477459.99
27-08-2025,ATM CASH WITHDRAWAL/50730/JODHPUR,074342424954,"8,000.00",,469459.99
27-08-2025,POS MAX FASHION JODHPUR,138937691141,450.42,,469009.57
27-08-2025,UPI/DR/269303838318/Anil/BKID/anil.nambiar@ybl/UPI,764735177990,"2,350.69",,466658.88
27-08-2025,POS INDIAN OIL JODHPUR,971318912036,"2,300.50",,464358.38
28-08-2025,POS LIFESTYLE STORES JODHPUR,508964687579,"2,150.77",,462207.61
28-08-2025,UPI/CR/297384377303/Preeti/UTIB/5507242469@aubank/UPI,857023179422,,"2,200.81",464408.42
28-08-2025,UPI/CR/576239989983/Dinesh/BKID/dinesh.mukherjee@ybl/UPI,721658298358,,"3,300.28",467708.70
28-08-2025,POS BRAND FACTORY JODHPUR,474609911838,900.17,,466808.53
29-08-2025,UPI/DR/091147323865/Abhishek/UCBA/abhishek747@ptaxis/UPI,213315140903,"9,750.22",,457058.31
29-08-2025,UPI/DR/198492002014/Dunzo/ICICI/dunzo@razorpay/UPI,429941401176,"1,890.94",,455167.37
30-08-2025,UPI/CR/072630794172/Deepak/HDFC/8236209954@ybl/UPI,570491931658,,"7,900.48",463067.85
30-08-2025,ATM CASH WITHDRAWAL/37478/JODHPUR,101229589144,"10,000.00",,453067.85
31-08-2025,POS HP PETROL PUMP JODHPUR,362964365653,"3,450.21",,449617.64
02-09-2025,UPI/CR/776963872573/Shreya/UTIB/shreya326@okhdfcbank/UPI,145144646837,,"21,600.50",471218.14
03-09-2025,UPI/CR/730655713702/Sachin/BDBL/7829067049@okicici/UPI,566612406189,,"12,600.00",483818.14
04-09-2025,POS INDIAN OIL JODHPUR,162659934092,"1,950.32",,481867.82
04-09-2025,UPI/DR/626653273325/Rani/HDFC/9452436856@aubank/UPI,989750244891,"5,850.62",,476017.20
04-09-2025,UPI/DR/736261361207/Amazon/PAYTM/amazon@apl/UPI,476476686538,"1,900.05",,474117.15
04-09-2025,UPI/DR/698875693826/Vi/PAYTM/vi@airtelaxis/UPI,696603905493,819.00,,473298.15
04-09-2025,UPI/DR/734588207071/BSNL/RAZORPAY/broadband@paytm/UPI,977684175091,"1,049.00",,472249.15
04-09-2025,UPI/DR/942726122303/Vi/PAYTM/vi@airtelaxis/UPI,633080219745,929.00,,471320.15
05-09-2025,POS BHARAT PETROLEUM JODHPUR,635830124102,"1,450.80",,469869.35
06-09-2025,SALARY CREDIT/S0954841173993/Lupin Limited,035304397030,,"96,716.70",566586.05
06-09-2025,UPI/DR/157291998061/Swiggy/ICICI/swiggy@icici/UPI,156233537758,"1,020.27",,565565.78
06-09-2025,UPI/DR/190176113666/Blinkit/ICICI/blinkit@kotak/UPI,344297629302,"1,650.40",,563915.38
07-09-2025,UPI/DR/459833393342/Abhishek/BKID/9742288222@okhdfcbank/UPI,908104802895,"3,850.51",,560064.87
08-09-2025,ATM CASH WITHDRAWAL/18157/JODHPUR,877073617086,"5,500.00",,554564.87
08-09-2025,IMPS-744529365404-Kavya Sharma,716119566915,"29,400.30",,525164.57
08-09-2025,NACH/MANDATE/RNT3758527/RENT MANDATE,876091676598,"18,000.00",,507164.57
08-09-2025,UPI/DR/788018598015/Zomato/ICICI/zomato@axisbank/UPI,279300023861,"1,120.15",,506044.42
09-09-2025,UPI/DR/951662739549/Rapido/PAYTM/rapido@icici/UPI,417349805982,630.29,,505414.13
10-09-2025,UPI/DR/220352397065/Vi/PAYTM/vi@airtelaxis/UPI,359624228300,819.00,,504595.13
11-09-2025,UPI/DR/838229674023/Uber/ICICI/uber@paytm/UPI,938161323661,"1,570.77",,503024.36
11-09-2025,UPI/DR/268094829346/Flipkart/ICICI/flipkart@ybl/UPI,836703678023,660.33,,502364.03
11-09-2025,UPI/DR/700602188632/Zomato/ICICI/zomato@axisbank/UPI,327464424396,"2,720.79",,499643.24
12-09-2025,UPI/DR/497310317580/SBI/LICI/licindia@licindia/UPI,116494303097,"5,600.00",,494043.24
12-09-2025,UPI/CR/134788009679/Priya/SBIN/priya.sen@ptyes/UPI,522243945868,,"18,850.02",512893.26
12-09-2025,UPI/DR/098402194834/Rapido/PAYTM/rapido@icici/UPI,220209719032,590.74,,512302.52
13-09-2025,NACH/MANDATE/LN095012157820/HDFC Ltd,472347036832,"15,500.00",,496802.52
13-09-2025,POS METRO CASH CARRY JODHPUR,323895553188,"3,800.46",,493002.06
16-09-2025,UPI/DR/094785060052/Vi/PAYTM/vi@airtelaxis/UPI,579572159278,809.00,,492193.06
17-09-2025,POS PANTALOONS JODHPUR,236710769668,"4,150.52",,488042.54
17-09-2025,UPI/DR/107106326240/Uber/ICICI/uber@paytm/UPI,822306619147,"1,050.06",,486992.48
17-09-2025,UPI/DR/606235846896/Flipkart/PAYTM/flipkart@ybl/UPI,379996052575,"4,500.26",,482492.22
18-09-2025,UPI/DR/965198676433/Paytm/ICICI/paytm@paytm/UPI,273640164363,"2,140.46",,480351.76
19-09-2025,UPI/DR/648827983547/Amazon/PAYTM/amazon@apl/UPI,028632210943,"1,550.71",,478801.05
20-09-2025,UPI/DR/693801800058/Amazon/ICICI/amazon@apl/UPI,277249979472,"2,130.30",,476670.75
21-09-2025,UPI/DR/869376915788/1mg/ICICI/tatahealth@icici/UPI,725754531617,"2,400.65",,474270.10
23-09-2025,UPI/DR/441253959585/KSEB/UPIN/ksebpayment@upi/UPI,258730548213,"2,450.97",,471819.13
24-09-2025,POS CENTRAL MALL JODHPUR,668582571854,"4,150.69",,467668.44
25-09-2025,UPI/DR/325976937900/Indane/ICICI/indanegas@upi/UPI,324099357632,850.69,,466817.75
25-09-2025,INTEREST CREDIT,590105014568,,860.03,467677.78
25-09-2025,IMPS-679052243680-Kunal Ahuja,501601516318,"13,200.92",,454476.86
26-09-2025,UPI/DR/654071788909/BSNL/ICICI/bsnlbroadband@upi/UPI,369696238616,"1,120.78",,453356.08
26-09-2025,UPI/DR/326504776449/Vi/PAYTM/vi@airtelaxis/UPI,189872712720,589.00,,452767.08
27-09-2025,GST ON CHARGES,373889846212,82.80,,452684.28
27-09-2025,MAINTENANCE CHARGES,332305110297,460.00,,452224.28
27-09-2025,UPI/DR/780775339876/Practo/ICICI/practo@paytm/UPI,199251474880,849.00,,451375.28
27-09-2025,UPI/DR/994685577102/Flipkart/ICICI/flipkart@ybl/UPI,639704395572,"1,690.34",,449684.94
27-09-2025,POS RELIANCE PETROLEUM JODHPUR,502303430811,"1,550.87",,448134.07
27-09-2025,ATM CASH WITHDRAWAL/61162/JODHPUR,056665439133,"4,500.00",,443634.07
28-09-2025,UPI/DR/873585176454/Dunzo/ICICI/dunzo@razorpay/UPI,852482361082,820.84,,442813.23
28-09-2025,UPI/DR/665381595751/Ola/PAYTM/olamoney@ola/UPI,890537551998,860.31,,441952.92
28-09-2025,UPI/DR/108827910087/Jio/ICICI/jio@paytm/UPI,875887695556,"1,300.43",,440652.49
28-09-2025,UPI/DR/054247174847/Pooja/KKBK/pooja.roy@kotak/UPI,854057451338,"20,400.19",,420252.30
28-09-2025,UPI/DR/499170937048/Mohit/SBIN/0588912369@okicici/UPI,028594965494,450.13,,419802.17
29-09-2025,UPI/DR/947373790095/Rapido/PAYTM/rapido@icici/UPI,207234533586,850.95,,418951.22
01-10-2025,UPI/CR/871164318027/Kiran/PUNB/9855220207@axl/UPI,614615006087,,"3,600.45",422551.67
01-10-2025,UPI/DR/470085894279/Isha/BDBL/ishabaja46@okicici/UPI,627297666027,"10,650.19",,411901.48
01-10-2025,UPI/DR/768243382008/Kiran/UTIB/kiran760@apl/UPI,407058700245,"6,000.99",,405900.49
01-10-2025,UPI/DR/126009110017/Kiran/BARB/6152674304@pthdfc/UPI,657451894853,"3,350.88",,402549.61
01-10-2025,UPI/DR/736636889707/Blinkit/ICICI/blinkit@kotak/UPI,327598315640,"1,220.94",,401328.67
01-10-2025,ATM CASH WITHDRAWAL/30414/JODHPUR,799786526348,"8,500.00",,392828.67
02-10-2025,UPI/DR/198627255416/Ritu/BDBL/ritughos11@ibl/UPI,334922180678,"12,450.30",,380378.37
02-10-2025,UPI/CR/376036773438/Usha/UTIB/0181003312@okaxis/UPI,939477638583,,"15,900.58",396278.95
04-10-2025,SALARY CREDIT/S4284060166819/Lupin Limited,939478110020,,"94,294.70",490573.65
04-10-2025,UPI/DR/731898716511/Vi/PAYTM/vi@airtelaxis/UPI,511052868075,939.00,,489634.65
04-10-2025,UPI/DR/086793356999/Apollo/ICICI/apollopharmacy@ybl/UPI,381172335996,449.00,,489185.65
04-10-2025,POS HP PETROL PUMP JODHPUR,178248565287,900.05,,488285.60
05-10-2025,UPI/DR/750445431183/Apollo/ICICI/apollopharmacy@ybl/UPI,874233848075,"1,150.91",,487134.69
05-10-2025,NACH/MANDATE/RNT7113301/RENT MANDATE,245664214854,"18,000.00",,469134.69
05-10-2025,UPI/DR/511859351857/PhonePe/ICICI/phonepe@ybl/UPI,522401116808,"2,250.49",,466884.20
06-10-2025,UPI/DR/231210497240/Zepto/ICICI/zepto@apl/UPI,489361919593,"1,100.26",,465783.94
06-10-2025,UPI/DR/761354122291/Paytm/ICICI/paytm@paytm/UPI,447969049343,"2,470.57",,463313.37
07-10-2025,IMPS-665326258121-Radha Banerjee,289897524166,"33,500.82",,429812.55
07-10-2025,UPI/DR/248378828533/Tarun/HDFC/tarunnaik37@ptyes/UPI,686136359097,"10,500.43",,419312.12
08-10-2025,POS V MART JODHPUR,185344805521,"5,800.58",,413511.54
08-10-2025,UPI/DR/929730559638/SBI/LICI/licindia@licindia/UPI,672569482750,"5,600.00",,407911.54
08-10-2025,UPI/DR/359931797398/Paytm/ICICI/paytm@paytm/UPI,187337326164,"2,530.01",,405381.53
09-10-2025,ATM CASH WITHDRAWAL/91643/JODHPUR,772236133323,"2,000.00",,403381.53
09-10-2025,UPI/DR/027922884810/Ola/ICICI/olamoney@ola/UPI,332910789338,"2,280.07",,401101.46
09-10-2025,NACH/MANDATE/LN095012157820/HDFC Ltd,980445534943,"15,500.00",,385601.46
10-10-2025,UPI/CR/484033201574/Kamal/SBIN/kamal.yadav@ptsbi/UPI,937930327554,,"1,500.13",387101.59
10-10-2025,UPI/DR/015095279121/Flipkart/PAYTM/flipkart@ybl/UPI,740109865607,"3,600.15",,383501.44
10-10-2025,UPI/DR/822888359369/Ola/ICICI/olamoney@ola/UPI,625974460172,320.69,,383180.75
12-10-2025,UPI/DR/599236819062/Blinkit/ICICI/blinkit@kotak/UPI,194356137907,330.24,,382850.51
12-10-2025,UPI/DR/307902297823/Uber/ICICI/uber@paytm/UPI,450281659499,"1,970.76",,380879.75
13-10-2025,POS PANTALOONS JODHPUR,074943010167,550.95,,380328.80
13-10-2025,POS SHOPPERS STOP JODHPUR,608336048948,"2,500.30",,377828.50
14-10-2025,UPI/DR/218962363243/Lalit/BDBL/1036589393@ptyes/UPI,931570175948,"4,050.88",,373777.62
14-10-2025,UPI/DR/531263614146/Indane/ICICI/indanegas@upi/UPI,384100319217,"2,200.18",,371577.44
15-10-2025,UPI/CR/558323474081/Jyoti/BARB/jyoti.pillai@oksbi/UPI,542512727265,,"11,500.42",383077.86
16-10-2025,UPI/DR/397719731613/Divya/BARB/divya.kulkarni@okaxis/UPI,297256721180,"20,200.46",,362877.40
17-10-2025,UPI/DR/354176349490/Zomato/ICICI/zomato@axisbank/UPI,231876888538,160.04,,362717.36
17-10-2025,UPI/DR/341195431965/Shreya/FDRL/1683428197@oksbi/UPI,753535612717,"20,750.82",,341966.54
18-10-2025,UPI/DR/763149881409/Uber/ICICI/uber@paytm/UPI,790195851052,"2,440.51",,339526.03
18-10-2025,UPI/DR/984096815394/Pallavi/UTIB/9652055659@kotak/UPI,436499889462,"19,650.38",,319875.65
19-10-2025,UPI/DR/082318221385/KSEB/UPIN/ksebpayment@upi/UPI,568067336485,900.42,,318975.23
19-10-2025,UPI/DR/121574295912/Vi/PAYTM/vi@airtelaxis/UPI,668083518623,739.00,,318236.23
20-10-2025,ATM CASH WITHDRAWAL/03368/JODHPUR,582712255418,"1,500.00",,316736.23
20-10-2025,UPI/DR/623456456053/Ajay/BKID/7057454658@ptyes/UPI,365718206803,"16,050.22",,300686.01
21-10-2025,UPI/DR/454898581604/Zomato/ICICI/zomato@axisbank/UPI,567641795929,"1,720.04",,298965.97
21-10-2025,UPI/CR/669380300306/Swati/UTIB/swati.jain@pthdfc/UPI,049771181356,,"4,950.53",303916.50
22-10-2025,UPI/DR/556632996442/Vijay/KKBK/vijay.pillai@pthdfc/UPI,691557036460,"8,000.59",,295915.91
22-10-2025,UPI/DR/177463472669/Uber/PAYTM/uber@paytm/UPI,341311443192,160.79,,295755.12
22-10-2025,UPI/CR/415775033884/Siddharth/UTIB/siddharth281@pthdfc/UPI,804074762168,,"12,700.43",308455.55
22-10-2025,ATM CASH WITHDRAWAL/58634/JODHPUR,593620381167,"4,500.00",,303955.55
23-10-2025,POS SHELL FUEL STATION JODHPUR,777502687410,"1,200.05",,302755.50
25-10-2025,UPI/DR/397000316201/BSNL/ICICI/bsnlbroadband@upi/UPI,505479927402,"1,830.60",,300924.90
25-10-2025,UPI/DR/376463976367/Amazon/ICICI/amazon@apl/UPI,292428797404,"2,170.92",,298753.98
25-10-2025,UPI/DR/054525231871/Rapido/PAYTM/rapido@icici/UPI,592258991056,340.31,,298413.67
26-10-2025,UPI/CR/187544906485/Girish/FDRL/girish.das@paytm/UPI,098488830747,,"13,850.27",312263.94
26-10-2025,UPI/DR/490094336285/Vikram/BDBL/vikram.agarwal@okhdfcbank/UPI,505526629974,"5,650.19",,306613.75
27-10-2025,UPI/DR/863224423554/Rapido/PAYTM/rapido@icici/UPI,434299345045,130.85,,306482.90
28-10-2025,UPI/DR/485145944199/Vi/PAYTM/vi@airtelaxis/UPI,793475851463,489.00,,305993.90
28-10-2025,UPI/DR/892443471976/Rajan/SBIN/rajanpate83@ptaxis/UPI,220868388672,"3,400.12",,302593.78
28-10-2025,UPI/DR/207196862819/Vi/PAYTM/vi@airtelaxis/UPI,198561808500,739.00,,301854.78
29-10-2025,UPI/CR/161985507556/Kapil/SBIN/kapil.menon@ybl/UPI,326469786175,,850.01,302704.79
29-10-2025,UPI/DR/469106545919/Ola/ICICI/olamoney@ola/UPI,895914707936,"2,270.31",,300434.48
29-10-2025,UPI/DR/078333640675/Paytm/ICICI/paytm@paytm/UPI,024306946379,"2,480.69",,297953.79
29-10-2025,UPI/DR/068654240546/Yogesh/KKBK/yogeshdas60@oksbi/UPI,264699462471,"5,450.60",,292503.19
30-10-2025,POS BHARAT PETROLEUM JODHPUR,723831649512,"1,300.90",,291202.29
30-10-2025,UPI/DR/141080479512/Amit/BKID/amitpati17@ybl/UPI,220872967208,"6,050.02",,285152.27
30-10-2025,POS SHELL FUEL STATION JODHPUR,186051507916,"3,450.46",,281701.81
30-10-2025,UPI/DR/449125970945/Swiggy/ICICI/swiggy@icici/UPI,395354488870,"1,630.19",,280071.62
31-10-2025,POS VISHAL MEGA MART JODHPUR,785070073364,"5,850.53",,274221.09
31-10-2025,UPI/DR/608428567485/Zomato/ICICI/zomato@axisbank/UPI,536192441538,"1,650.45",,272570.64
01-11-2025,UPI/DR/320664197574/Neha/SBIN/neha.rao@ptyes/UPI,758614674066,600.07,,271970.57
01-11-2025,UPI/DR/319451401375/Vandana/BDBL/vandana.das@axl/UPI,108322745111,"6,350.72",,265619.85
02-11-2025,UPI/DR/045199039440/Ajay/UCBA/7657666607@apl/UPI,767092525126,"9,100.83",,256519.02
03-11-2025,UPI/CR/543601697205/Preeti/SBIN/preetinair63@ybl/UPI,412941368985,,"18,750.70",275269.72
05-11-2025,UPI/DR/354990873804/Manish/PUNB/2640843673@ptsbi/UPI,396669464749,950.32,,274319.40
06-11-2025,SALARY CREDIT/S2801527183585/Lupin Limited,741094533887,,"93,683.70",368003.10
06-11-2025,ATM CASH WITHDRAWAL/05193/JODHPUR,269972844457,"10,000.00",,358003.10
06-11-2025,UPI/DR/967775994229/Ajay/UCBA/ajaybaja64@apl/UPI,341392696444,"6,400.22",,351602.88
07-11-2025,NACH/MANDATE/RNT9896904/RENT MANDATE,355820347620,"18,000.00",,333602.88
07-11-2025,POS LIFESTYLE STORES JODHPUR,863543700535,"6,600.66",,327002.22
08-11-2025,ATM CASH WITHDRAWAL/61224/JODHPUR,547041189808,"2,000.00",,325002.22
08-11-2025,POS MORE SUPER MARKET JODHPUR,348016636905,"8,150.47",,316851.75
09-11-2025,UPI/DR/088789712214/SBI/LICI/licindia@licindia/UPI,128293547902,"5,600.00",,311251.75
09-11-2025,UPI/DR/015369643104/Rapido/PAYTM/rapido@icici/UPI,410755723392,370.55,,310881.20
10-11-2025,UPI/DR/877016038754/Sunita/BDBL/2586787096@paytm/UPI,736031133682,"16,250.80",,294630.40
10-11-2025,IMPS-253188013936-Sangita Yadav,265937829707,"37,200.47",,257429.93
11-11-2025,POS METRO CASH CARRY JODHPUR,250260428822,"2,250.60",,255179.33
13-11-2025,UPI/DR/947810068944/Uber/ICICI/uber@paytm/UPI,084667271870,"1,490.92",,253688.41
13-11-2025,UPI/DR/907320382770/Vi/PAYTM/vi@airtelaxis/UPI,707634026159,879.00,,252809.41
14-11-2025,UPI/DR/501276090613/Flipkart/ICICI/flipkart@ybl/UPI,134909363898,"2,110.45",,250698.96
14-11-2025,UPI/DR/865568811593/Dunzo/ICICI/dunzo@razorpay/UPI,797305169893,410.51,,250288.45
14-11-2025,NACH/MANDATE/LN095012157820/HDFC Ltd,297395341459,"15,500.00",,234788.45
15-11-2025,UPI/DR/632481925408/Vi/PAYTM/vi@airtelaxis/UPI,945153780753,529.00,,234259.45
15-11-2025,UPI/DR/919063798199/Paytm/ICICI/paytm@paytm/UPI,280946831333,320.45,,233939.00
16-11-2025,UPI/DR/611989919557/Paytm/ICICI/paytm@paytm/UPI,204570309579,"2,210.33",,231728.67
17-11-2025,UPI/DR/183527896619/Rapido/PAYTM/rapido@icici/UPI,183920178777,440.84,,231287.83
17-11-2025,UPI/DR/175700737647/KSEB/UPIN/ksebpayment@upi/UPI,146628629147,"1,850.21",,229437.62
17-11-2025,UPI/DR/557184210303/Zepto/ICICI/zepto@apl/UPI,388479346535,"2,010.97",,227426.65
17-11-2025,UPI/DR/352495442186/Indane/ICICI/indanegas@upi/UPI,306417090024,950.66,,226475.99
18-11-2025,ATM CASH WITHDRAWAL/38425/JODHPUR,676408971355,"1,000.00",,225475.99
19-11-2025,UPI/CR/616097236706/Lata/KKBK/lata.mukherjee@paytm/UPI,177646094750,,"20,750.67",246226.66
19-11-2025,UPI/DR/720999126666/Ola/PAYTM/olamoney@ola/UPI,757698701366,670.92,,245555.74
19-11-2025,UPI/DR/746726249006/Flipkart/PAYTM/flipkart@ybl/UPI,662492578660,"4,450.92",,241104.82
19-11-2025,UPI/DR/711634153016/Blinkit/ICICI/blinkit@kotak/UPI,462296230988,"2,300.46",,238804.36
20-11-2025,UPI/CR/412852715771/Yogesh/BARB/yogesh.sethi@ibl/UPI,213961429894,,"17,350.58",256154.94
21-11-2025,UPI/DR/086178340223/Vi/PAYTM/vi@airtelaxis/UPI,101527545661,519.00,,255635.94
21-11-2025,UPI/DR/289302222849/Rapido/PAYTM/rapido@icici/UPI,008044749830,860.34,,254775.60
21-11-2025,UPI/CR/507224343965/Rajesh/HDFC/rajeshnamb82@okicici/UPI,169746374617,,"12,750.91",267526.51
22-11-2025,UPI/DR/799174506789/Uber/PAYTM/uber@paytm/UPI,310095569835,820.09,,266706.42
23-11-2025,ATM CASH WITHDRAWAL/67763/JODHPUR,842316563132,"6,000.00",,260706.42
23-11-2025,UPI/DR/167338902330/Myntra/ICICI/myntra@ybl/UPI,411041623554,649.00,,260057.42
24-11-2025,UPI/DR/867342469045/Rajesh/BKID/rajeshthap79@upi/UPI,736117560874,"20,050.46",,240006.96
24-11-2025,POS HP PETROL PUMP JODHPUR,236789606960,"2,150.19",,237856.77
24-11-2025,POS RELIANCE PETROLEUM JODHPUR,482597566552,"1,000.30",,236856.47
27-11-2025,POS PANTALOONS JODHPUR,979650790101,"3,550.48",,233305.99
27-11-2025,UPI/DR/542622408387/MakeMyTrip/ICICI/makemytrip@axisbank/UPI,457237820484,299.00,,233006.99
27-11-2025,UPI/DR/722644589244/PhonePe/ICICI/phonepe@ybl/UPI,181596697351,"1,330.76",,231676.23
28-11-2025,POS STAR BAZAAR JODHPUR,145658300545,"2,350.68",,229325.55
28-11-2025,UPI/DR/425315490364/Archana/HDFC/archanaghos63@aubank/UPI,373003840709,"5,500.61",,223824.94
29-11-2025,UPI/DR/344804234764/Rapido/PAYTM/rapido@icici/UPI,382099101666,860.58,,222964.36
29-11-2025,UPI/DR/923095411004/Vi/PAYTM/vi@airtelaxis/UPI,722531175673,489.00,,222475.36
29-11-2025,UPI/DR/935665273498/Uber/ICICI/uber@paytm/UPI,112984106064,"2,670.95",,219804.41
29-11-2025,UPI/DR/742806411222/Vi/PAYTM/vi@airtelaxis/UPI,930678679121,199.00,,219605.41
29-11-2025,POS V MART JODHPUR,984936279960,"1,700.09",,217905.32
29-11-2025,UPI/DR/196997059984/Sangita/FDRL/sangitajosh98@axl/UPI,954686971696,"19,650.98",,198254.34
30-11-2025,UPI/DR/491458538918/Zomato/ICICI/zomato@axisbank/UPI,618717585991,"1,640.80",,196613.54
01-12-2025,POS RELIANCE MART JODHPUR,343641088764,"6,150.65",,190462.89
02-12-2025,UPI/DR/971087769680/Zepto/ICICI/zepto@apl/UPI,208354792039,"2,240.75",,188222.14
04-12-2025,POS METRO CASH CARRY JODHPUR,531637771810,"2,100.89",,186121.25
04-12-2025,UPI/DR/248057447486/Vi/PAYTM/vi@airtelaxis/UPI,573469154128,269.00,,185852.25
05-12-2025,UPI/DR/450145490995/Maya/SBIN/7024041150@ibl/UPI,216953892932,"7,950.50",,177901.75
05-12-2025,POS D MART JODHPUR,452635687660,500.86,,177400.89
05-12-2025,UPI/DR/410019624666/Swati/BKID/8532437389@ptsbi/UPI,013074501300,"12,200.05",,165200.84
05-12-2025,SALARY CREDIT/S2262200782646/Lupin Limited,163302203622,,"94,759.70",259960.54
05-12-2025,ATM CASH WITHDRAWAL/81085/JODHPUR,426965847928,"4,500.00",,255460.54
05-12-2025,UPI/DR/335721721767/SBI/LICI/licindia@licindia/UPI,993336170694,"5,600.00",,249860.54
06-12-2025,ATM CASH WITHDRAWAL/55620/JODHPUR,280438346659,"3,000.00",,246860.54
06-12-2025,UPI/DR/432759844057/Rapido/PAYTM/rapido@icici/UPI,896789623064,770.85,,246089.69
06-12-2025,UPI/DR/668619079749/Zepto/ICICI/zepto@apl/UPI,662757608013,920.97,,245168.72
07-12-2025,UPI/DR/461913249532/Amazon/ICICI/amazon@apl/UPI,210632019337,"1,820.63",,243348.09
07-12-2025,UPI/DR/032969991069/Deepa/BDBL/deepa236@oksbi/UPI,521044258041,"2,500.13",,240847.96
08-12-2025,UPI/DR/740214050058/Gopal/HDFC/gopal.srivastava@okhdfcbank/UPI,222746964872,"6,450.69",,234397.27
08-12-2025,UPI/CR/044652347742/Anil/FDRL/anilsing43@upi/UPI,780129202970,,"21,800.52",256197.79
08-12-2025,UPI/DR/273471888345/Zomato/ICICI/zomato@axisbank/UPI,641838379966,460.54,,255737.25
09-12-2025,UPI/DR/217618184355/Vi/PAYTM/vi@airtelaxis/UPI,799434998318,449.00,,255288.25
09-12-2025,POS SHELL FUEL STATION JODHPUR,405676235912,"3,800.57",,251487.68
09-12-2025,UPI/DR/479721134291/Sushma/KKBK/sushma.rao@kotak/UPI,363976559697,"13,400.12",,238087.56
10-12-2025,NACH/MANDATE/RNT1440039/RENT MANDATE,991754888280,"18,000.00",,220087.56
10-12-2025,UPI/CR/926946084532/Mukesh/HDFC/1068673309@oksbi/UPI,353849158952,,"15,000.71",235088.27
10-12-2025,UPI/CR/780788510072/Naresh/UCBA/nareshpate31@pthdfc/UPI,465301186777,,"9,500.13",244588.40
11-12-2025,UPI/DR/921871054145/Shweta/FDRL/shweta.saxena@upi/UPI,215465542051,"9,650.17",,234938.23
12-12-2025,UPI/DR/580158210271/Uber/ICICI/uber@paytm/UPI,600390280969,140.73,,234797.50
12-12-2025,UPI/CR/011988066831/Pallavi/UTIB/7810777067@okicici/UPI,518773856476,,"19,000.47",253797.97
12-12-2025,ATM CASH WITHDRAWAL/62165/JODHPUR,560506479949,"4,000.00",,249797.97
12-12-2025,UPI/DR/254514582946/Myntra/ICICI/myntra@ybl/UPI,729498441905,449.00,,249348.97
13-12-2025,NACH/MANDATE/LN095012157820/HDFC Ltd,744587515899,"15,500.00",,233848.97
13-12-2025,NEFT/N4898289048162/NIIT Technologies,595891031994,,"24,000.63",257849.60
14-12-2025,POS BHARAT PETROLEUM JODHPUR,859011601593,"2,100.87",,255748.73
14-12-2025,UPI/DR/277583276399/Jio/ICICI/jio@paytm/UPI,103230356603,510.17,,255238.56
14-12-2025,UPI/CR/563333080749/Varsha/SBIN/6882168256@kotak/UPI,775045437192,,"7,800.81",263039.37
14-12-2025,UPI/DR/958199874732/BigBasket/ICICI/bigbasket@ybl/UPI,589638638178,"2,620.83",,260418.54
14-12-2025,POS RELIANCE PETROLEUM JODHPUR,262642929648,"3,100.83",,257317.71
14-12-2025,UPI/DR/538586376295/Vi/PAYTM/vi@airtelaxis/UPI,716247164633,889.00,,256428.71
15-12-2025,UPI/CR/960467305107/Arun/BARB/1484222992@okicici/UPI,422438720071,,"15,700.49",272129.20
15-12-2025,UPI/DR/444203614364/Manish/UTIB/manish301@okaxis/UPI,216988239562,"20,300.64",,251828.56
16-12-2025,UPI/DR/158233326740/BigBasket/ICICI/bigbasket@ybl/UPI,377293503816,"2,320.08",,249508.48
17-12-2025,ATM CASH WITHDRAWAL/91535/JODHPUR,202235749214,"3,000.00",,246508.48
17-12-2025,UPI/DR/813359468641/BSNL/RAZORPAY/broadband@paytm/UPI,422930127487,949.00,,245559.48
17-12-2025,UPI/DR/843141426823/Hotstar/ICICI/hotstar@hdfcbank/UPI,552954362999,449.00,,245110.48
18-12-2025,UPI/DR/042692664866/Ola/PAYTM/olamoney@ola/UPI,087967627641,450.84,,244659.64
19-12-2025,UPI/DR/309640339443/Swiggy/ICICI/swiggy@icici/UPI,739421128076,"2,630.04",,242029.60
19-12-2025,POS PANTALOONS JODHPUR,330032050979,"6,700.51",,235329.09
19-12-2025,ATM CASH WITHDRAWAL/39483/JODHPUR,679951503032,"5,500.00",,229829.09
20-12-2025,UPI/DR/187405960901/Myntra/PAYTM/myntra@ybl/UPI,872301879792,"2,900.06",,226929.03
20-12-2025,UPI/DR/905453263690/Sushma/BKID/sushma.naik@axl/UPI,522961312987,"11,950.86",,214978.17
20-12-2025,POS RELIANCE PETROLEUM JODHPUR,415422508361,"2,500.83",,212477.34
20-12-2025,UPI/DR/272692049492/Jio/ICICI/jio@paytm/UPI,761325723335,"1,270.15",,211207.19
21-12-2025,UPI/DR/282693620562/Ola/PAYTM/olamoney@ola/UPI,211379692659,570.81,,210636.38
21-12-2025,POS LIFESTYLE STORES JODHPUR,679699120862,"7,500.88",,203135.50
21-12-2025,UPI/DR/803320298328/KSEB/UPIN/ksebpayment@upi/UPI,392992796941,"2,950.50",,200185.00
22-12-2025,UPI/DR/308420316234/Manish/UTIB/manish304@paytm/UPI,801001823859,"9,400.18",,190784.82
22-12-2025,UPI/CR/198897395714/Sachin/FDRL/sachin504@kotak/UPI,936783787519,,"11,000.15",201784.97
23-12-2025,UPI/CR/832820540030/Ritu/BKID/6150183187@ybl/UPI,987973386298,,"19,500.18",221285.15
23-12-2025,UPI/DR/131786345534/Blinkit/ICICI/blinkit@kotak/UPI,136383846007,250.78,,221034.37
23-12-2025,UPI/DR/065877344145/Vi/PAYTM/vi@airtelaxis/UPI,727640057516,369.00,,220665.37
24-12-2025,UPI/DR/819422192788/Manoj/UCBA/manoj332@oksbi/UPI,358297722195,"20,000.88",,200664.49
24-12-2025,UPI/CR/564018580988/Naveen/BARB/5973931618@oksbi/UPI,464594802236,,250.35,200914.84
25-12-2025,UPI/DR/310838972441/Vi/PAYTM/vi@airtelaxis/UPI,526132603746,179.00,,200735.84
25-12-2025,UPI/DR/572474349265/Amazon/PAYTM/amazon@apl/UPI,992322327464,700.49,,200035.35
25-12-2025,UPI/DR/993006461588/Flipkart/ICICI/flipkart@ybl/UPI,099692007610,"1,000.09",,199035.26
25-12-2025,UPI/DR/980507366181/Indane/ICICI/indanegas@upi/UPI,617649873397,950.94,,198084.32
26-12-2025,UPI/CR/215120561161/Harish/HDFC/harishpand40@apl/UPI,894149613164,,100.95,198185.27
27-12-2025,UPI/CR/780024132484/Rekha/KKBK/rekhashah88@apl/UPI,997295311258,,"3,900.88",202086.15
27-12-2025,UPI/DR/514887255123/BigBasket/ICICI/bigbasket@ybl/UPI,702638370667,690.89,,201395.26
27-12-2025,UPI/DR/607902238767/Blinkit/ICICI/blinkit@kotak/UPI,860516496014,"1,490.96",,199904.30
28-12-2025,UPI/DR/913577318229/Uber/ICICI/uber@paytm/UPI,360869537726,"1,990.80",,197913.50
28-12-2025,UPI/DR/903045447015/Myntra/PAYTM/myntra@ybl/UPI,251033886676,"5,650.18",,192263.32
28-12-2025,POS LIFESTYLE STORES JODHPUR,727602872307,"6,350.33",,185912.99
28-12-2025,POS V MART JODHPUR,427761922439,"6,350.76",,179562.23
28-12-2025,INTEREST CREDIT,440242333732,,410.49,179972.72
30-12-2025,UPI/DR/076050557313/Amazon/ICICI/amazon@apl/UPI,985666274491,480.41,,179492.31
31-12-2025,UPI/DR/421253275895/Blinkit/ICICI/blinkit@kotak/UPI,215547400845,"1,510.97",,177981.34
01-01-2026,UPI/DR/308068164303/Flipkart/ICICI/flipkart@ybl/UPI,588529096582,"2,710.40",,175270.94
02-01-2026,POS RELIANCE MART JODHPUR,233038821640,"3,900.05",,171370.89
02-01-2026,UPI/DR/470799695581/Ola/PAYTM/olamoney@ola/UPI,374933709201,740.99,,170629.90
03-01-2026,UPI/DR/603931665565/Myntra/PAYTM/myntra@ybl/UPI,950581322449,"5,850.17",,164779.73
04-01-2026,UPI/CR/108306561678/Preeti/SBIN/preeti430@axl/UPI,360746597927,,"17,750.87",182530.60
04-01-2026,UPI/CR/321830938579/Geeta/SBIN/geeta.dubey@upi/UPI,156167177833,,"20,700.70",203231.30
04-01-2026,SALARY CREDIT/S5968918608795/Lupin Limited,695950061284,,"93,866.70",297098.00
05-01-2026,UPI/DR/225297228811/Zepto/ICICI/zepto@apl/UPI,508102564506,210.45,,296887.55
05-01-2026,NACH/MANDATE/RNT2826247/RENT MANDATE,454782791721,"18,000.00",,278887.55
06-01-2026,UPI/DR/125882439670/Sonia/UTIB/3903324193@aubank/UPI,076306142067,"11,600.43",,267287.12
06-01-2026,ATM CASH WITHDRAWAL/36837/JODHPUR,494286116819,"7,000.00",,260287.12
07-01-2026,UPI/CR/163892779950/Asha/BKID/asha578@oksbi/UPI,045069374000,,"20,000.02",280287.14
07-01-2026,UPI/DR/613371028755/Dunzo/ICICI/dunzo@razorpay/UPI,459793523642,"1,120.11",,279167.03
07-01-2026,IMPS-333053213578-Ritu Thapar,427489726174,"5,400.77",,273766.26
08-01-2026,UPI/DR/495514187895/Ankit/UCBA/ankit.shukla@okaxis/UPI,099235009341,"20,050.49",,253715.77
09-01-2026,NACH/MANDATE/LN095012157820/HDFC Ltd,296649480542,"15,500.00",,238215.77
11-01-2026,UPI/DR/687803032985/SBI/LICI/licindia@licindia/UPI,363453592536,"5,600.00",,232615.77
12-01-2026,UPI/DR/131112996643/PhonePe/ICICI/phonepe@ybl/UPI,747513912428,"1,840.57",,230775.20
12-01-2026,UPI/DR/645367488054/KSEB/UPIN/ksebpayment@upi/UPI,145327491627,"2,150.97",,228624.23
13-01-2026,POS HP PETROL PUMP JODHPUR,360777620499,"1,500.03",,227124.20
13-01-2026,UPI/DR/748474960575/Flipkart/PAYTM/flipkart@ybl/UPI,794638032037,"4,950.67",,222173.53
14-01-2026,UPI/DR/391000037888/Dunzo/ICICI/dunzo@razorpay/UPI,801952076784,960.37,,221213.16
15-01-2026,UPI/CR/552473568854/Rahul/HDFC/rahulyada31@ybl/UPI,780015287102,,"21,500.62",242713.78
15-01-2026,UPI/DR/784891606159/Rapido/PAYTM/rapido@icici/UPI,622287672361,600.82,,242112.96
15-01-2026,UPI/DR/553414286040/Vi/PAYTM/vi@airtelaxis/UPI,332400587288,509.00,,241603.96
17-01-2026,UPI/DR/874024636061/Ola/PAYTM/olamoney@ola/UPI,151270514410,490.81,,241113.15
17-01-2026,UPI/DR/350727591164/Shreya/BKID/9892230478@kotak/UPI,222778868451,"10,850.39",,230262.76
19-01-2026,ATM CASH WITHDRAWAL/24929/JODHPUR,298043560654,"8,000.00",,222262.76
20-01-2026,UPI/DR/450546406110/BSNL/ICICI/bsnlbroadband@upi/UPI,937995218309,"1,140.38",,221122.38
20-01-2026,UPI/DR/231531840556/Myntra/ICICI/myntra@ybl/UPI,400393734578,999.00,,220123.38
22-01-2026,UPI/DR/334803631012/Indane/ICICI/indanegas@upi/UPI,863070567985,"1,500.84",,218622.54
22-01-2026,UPI/DR/441182478573/Zomato/ICICI/zomato@axisbank/UPI,073500850071,"1,230.32",,217392.22
22-01-2026,UPI/DR/380464571742/Zepto/ICICI/zepto@apl/UPI,506140796399,460.75,,216931.47
23-01-2026,UPI/CR/495362090229/Archana/PUNB/archanajain33@ptyes/UPI,788007567534,,"9,600.80",226532.27
23-01-2026,UPI/DR/855064821050/Vi/PAYTM/vi@airtelaxis/UPI,488997643647,629.00,,225903.27
24-01-2026,POS RELIANCE PETROLEUM JODHPUR,718046746972,"4,000.96",,221902.31
25-01-2026,UPI/DR/477524894814/Sarita/UTIB/sarita.banerjee@okaxis/UPI,495359400232,"21,600.36",,200301.95
25-01-2026,UPI/DR/145274114291/Rapido/PAYTM/rapido@icici/UPI,450701966354,830.48,,199471.47
26-01-2026,UPI/DR/069015450602/Uber/ICICI/uber@paytm/UPI,603992367211,"2,340.98",,197130.49
26-01-2026,UPI/DR/148330043597/Uber/PAYTM/uber@paytm/UPI,219334763256,90.04,,197040.45
27-01-2026,POS HP PETROL PUMP JODHPUR,268684604854,"3,950.44",,193090.01
28-01-2026,UPI/DR/030054902200/Swati/PUNB/9358658460@pthdfc/UPI,124412114114,"2,550.19",,190539.82
28-01-2026,UPI/DR/039733197838/Vi/PAYTM/vi@airtelaxis/UPI,770986232987,499.00,,190040.82
29-01-2026,UPI/DR/425564865747/Apollo/ICICI/apollopharmacy@ybl/UPI,113953636332,"2,340.55",,187700.27
30-01-2026,UPI/CR/852494285368/Poonam/BDBL/poonam926@ibl/UPI,881764798688,,"11,100.21",198800.48
30-01-2026,POS METRO CASH CARRY JODHPUR,782220370564,"8,400.22",,190400.26
30-01-2026,POS VISHAL MEGA MART JODHPUR,886800744796,"5,600.26",,184800.00
01-02-2026,UPI/DR/641564365687/Rapido/PAYTM/rapido@icici/UPI,847965311209,700.80,,184099.20
01-02-2026,UPI/DR/404992477346/Tarun/HDFC/tarunpate94@oksbi/UPI,897212603440,"20,000.41",,164098.79
02-02-2026,UPI/CR/213528242800/Shivam/BARB/shivam.pillai@ptyes/UPI,065350535213,,"11,050.88",175149.67
02-02-2026,POS HP PETROL PUMP JODHPUR,702011829387,"1,850.24",,173299.43
04-02-2026,UPI/DR/983152803529/Jio/ICICI/jio@paytm/UPI,679118131651,"2,050.18",,171249.25
05-02-2026,UPI/DR/563430113297/PhonePe/ICICI/phonepe@ybl/UPI,985715081209,310.22,,170939.03
05-02-2026,SALARY CREDIT/S8124771291197/Lupin Limited,340986764929,,"96,384.70",267323.73
05-02-2026,UPI/DR/931853354168/BSNL/RAZORPAY/broadband@paytm/UPI,922083956101,399.00,,266924.73
05-02-2026,UPI/CR/253551810140/Ramesh/FDRL/rameshshuk58@ibl/UPI,506812682030,,"7,400.99",274325.72
06-02-2026,UPI/DR/871382633825/Jyoti/BDBL/jyotipand54@apl/UPI,544328906263,"14,200.13",,260125.59
06-02-2026,UPI/DR/922390856082/Uber/PAYTM/uber@paytm/UPI,455577001285,100.52,,260025.07
07-02-2026,NACH/MANDATE/RNT8674497/RENT MANDATE,985378274609,"18,000.00",,242025.07
07-02-2026,UPI/DR/572679691878/Gopal/BARB/gopal.banerjee@ptaxis/UPI,883374774553,"7,550.58",,234474.49
07-02-2026,ATM CASH WITHDRAWAL/56392/JODHPUR,771852840099,"6,000.00",,228474.49
08-02-2026,POS BHARAT PETROLEUM JODHPUR,945721350708,"1,650.13",,226824.36
08-02-2026,UPI/DR/661488969187/Dunzo/ICICI/dunzo@razorpay/UPI,311443938996,"1,120.57",,225703.79
09-02-2026,ATM CASH WITHDRAWAL/58078/JODHPUR,190621150083,"5,000.00",,220703.79
09-02-2026,UPI/DR/754590881927/KSEB/UPIN/ksebpayment@upi/UPI,206512991656,"3,350.65",,217353.14
09-02-2026,UPI/DR/399792131976/SBI/LICI/licindia@licindia/UPI,960049614667,"5,600.00",,211753.14
11-02-2026,NACH/MANDATE/LN095012157820/HDFC Ltd,276679704024,"15,500.00",,196253.14
12-02-2026,UPI/CR/291981877461/Mohit/PUNB/mohit305@ptyes/UPI,144989876911,,"7,950.77",204203.91
12-02-2026,UPI/DR/411633773705/Sneha/UTIB/7478255354@apl/UPI,277933926885,"13,750.52",,190453.39
13-02-2026,UPI/DR/367829661802/BSNL/ICICI/bsnlbroadband@upi/UPI,719707394093,700.89,,189752.50
14-02-2026,POS SHOPPERS STOP JODHPUR,084658947841,"1,450.06",,188302.44
15-02-2026,UPI/DR/081873185729/BSNL/ICICI/bsnlbroadband@upi/UPI,260745206104,"1,100.15",,187202.29
15-02-2026,UPI/DR/698746289035/Flipkart/PAYTM/flipkart@ybl/UPI,948523230289,"1,200.50",,186001.79
15-02-2026,UPI/DR/631729860132/Vi/PAYTM/vi@airtelaxis/UPI,839617620568,669.00,,185332.79
16-02-2026,UPI/DR/542056607090/Krishna/BDBL/krishnagupt62@okhdfcbank/UPI,837789186780,900.87,,184431.92
17-02-2026,UPI/DR/612748910489/BigBasket/ICICI/bigbasket@ybl/UPI,946290993621,270.60,,184161.32
17-02-2026,UPI/CR/957115800621/Geeta/HDFC/9974110921@ptsbi/UPI,612885236315,,"20,450.68",204612.00
18-02-2026,NEFT/N2352770741062/Accenture India Pvt ,346944254024,,"10,500.53",215112.53
18-02-2026,POS LIFESTYLE STORES JODHPUR,995854790170,"8,300.74",,206811.79
18-02-2026,UPI/DR/009449409084/Vi/PAYTM/vi@airtelaxis/UPI,171180898305,649.00,,206162.79
18-02-2026,POS SHOPPERS STOP JODHPUR,723055266876,"7,750.16",,198412.63
18-02-2026,UPI/DR/427307645586/Akash/HDFC/4198930377@ptaxis/UPI,022755863426,"9,300.29",,189112.34
19-02-2026,UPI/DR/761477549341/Uber/ICICI/uber@paytm/UPI,844086755042,"1,150.30",,187962.04
20-02-2026,UPI/DR/511893436923/Meesho/PAYTM/meesho@ybl/UPI,356025753596,"3,050.45",,184911.59
20-02-2026,UPI/CR/592982653463/Mukesh/BKID/mukesh.jain@upi/UPI,582324939830,,"20,450.97",205362.56
21-02-2026,POS RELIANCE MART JODHPUR,838039029292,850.12,,204512.44
21-02-2026,UPI/CR/321142676426/Suresh/UCBA/suresh.chopra@aubank/UPI,336758210591,,"8,050.80",212563.24
22-02-2026,POS RELIANCE PETROLEUM JODHPUR,826739286356,"2,250.83",,210312.41
23-02-2026,UPI/DR/236241521200/Vi/PAYTM/vi@airtelaxis/UPI,266066296806,979.00,,209333.41
23-02-2026,UPI/DR/674416630820/Ola/ICICI/olamoney@ola/UPI,113461106970,"2,050.95",,207282.46
24-02-2026,UPI/DR/716089166124/Paytm/ICICI/paytm@paytm/UPI,228524847504,"2,050.62",,205231.84
25-02-2026,UPI/DR/579889366236/1mg/ICICI/tatahealth@icici/UPI,844828439926,"2,420.75",,202811.09
25-02-2026,UPI/DR/774674877481/Indane/ICICI/indanegas@upi/UPI,810457788945,900.24,,201910.85
25-02-2026,UPI/CR/539952282693/Sonia/FDRL/soniaroy73@okhdfcbank/UPI,588476743973,,"19,550.91",221461.76
25-02-2026,POS INDIAN OIL JODHPUR,217055132029,"4,450.67",,217011.09
26-02-2026,UPI/CR/747638043120/Naveen/BKID/naveen.rao@ptyes/UPI,026562661936,,"10,000.12",227011.21
26-02-2026,UPI/DR/363759879730/Uber/PAYTM/uber@paytm/UPI,820368902106,470.12,,226541.09
27-02-2026,UPI/DR/884997135493/Gaurav/FDRL/gauravnamb70@okicici/UPI,404533411074,"12,150.34",,214390.75
28-02-2026,GST ON CHARGES,576589586673,104.40,,214286.35
28-02-2026,MAINTENANCE CHARGES,796442914348,580.00,,213706.35
28-02-2026,UPI/DR/320798100355/PhonePe/ICICI/phonepe@ybl/UPI,490728818494,"2,790.37",,210915.98
28-02-2026,UPI/DR/850780945342/Blinkit/ICICI/blinkit@kotak/UPI,063367888651,"1,190.03",,209725.95
01-03-2026,UPI/DR/642432449661/Vi/PAYTM/vi@airtelaxis/UPI,159318382538,839.00,,208886.95
02-03-2026,UPI/DR/857731606837/Blinkit/ICICI/blinkit@kotak/UPI,844313374088,"1,920.95",,206966.00
02-03-2026,POS RELIANCE MART JODHPUR,500710822213,"3,300.28",,203665.72
02-03-2026,UPI/DR/566338434397/Naresh/BDBL/nareshbaja22@kotak/UPI,393656775318,"6,400.53",,197265.19
02-03-2026,UPI/DR/374826361336/Rapido/PAYTM/rapido@icici/UPI,361952396695,470.10,,196795.09
02-03-2026,UPI/CR/721643963150/Renu/BARB/0306384631@aubank/UPI,371794208708,,"7,350.37",204145.46
03-03-2026,UPI/DR/721288085224/BigBasket/ICICI/bigbasket@ybl/UPI,848466781353,"1,720.93",,202424.53
03-03-2026,UPI/DR/553274113608/Dunzo/ICICI/dunzo@razorpay/UPI,743591045856,"1,320.41",,201104.12
03-03-2026,UPI/DR/598209017648/Deepa/KKBK/deepapati96@axl/UPI,051957354985,"3,950.60",,197153.52
04-03-2026,SALARY CREDIT/S3531264328994/Lupin Limited,454786991095,,"93,217.70",290371.22
05-03-2026,UPI/DR/681463482187/Vi/PAYTM/vi@airtelaxis/UPI,290079820842,509.00,,289862.22
05-03-2026,UPI/DR/625141360396/Blinkit/ICICI/blinkit@kotak/UPI,683183717677,"2,170.52",,287691.70
06-03-2026,UPI/DR/698644414931/BigBasket/ICICI/bigbasket@ybl/UPI,991142521904,"2,690.60",,285001.10
07-03-2026,POS HP PETROL PUMP JODHPUR,265504903031,"3,900.35",,281100.75
07-03-2026,POS SHOPPERS STOP JODHPUR,219177106125,"2,550.19",,278550.56
07-03-2026,UPI/DR/815370851020/Flipkart/ICICI/flipkart@ybl/UPI,717518773360,"1,360.97",,277189.59
08-03-2026,UPI/DR/878093041549/SBI/LICI/licindia@licindia/UPI,324764879236,"5,600.00",,271589.59
08-03-2026,POS V MART JODHPUR,953779839742,"2,700.95",,268888.64
09-03-2026,UPI/DR/551261923386/Rapido/PAYTM/rapido@icici/UPI,574036393523,290.13,,268598.51
09-03-2026,NACH/MANDATE/RNT2859855/RENT MANDATE,606285463036,"18,000.00",,250598.51
09-03-2026,UPI/DR/203607586824/Shweta/UCBA/shwetabose96@okaxis/UPI,373217052348,"8,050.98",,242547.53
10-03-2026,ATM CASH WITHDRAWAL/59970/JODHPUR,393415276131,"8,000.00",,234547.53
10-03-2026,UPI/DR/090039444821/Amazon/PAYTM/amazon@apl/UPI,439939137855,"3,750.59",,230796.94
11-03-2026,UPI/DR/919333790968/Swiggy/ICICI/swiggy@icici/UPI,899120565637,"2,140.12",,228656.82
11-03-2026,POS BIG BAZAAR JODHPUR,356331900291,"1,150.39",,227506.43
11-03-2026,ATM CASH WITHDRAWAL/72625/JODHPUR,743731078852,"2,000.00",,225506.43
12-03-2026,UPI/CR/533626960294/Usha/HDFC/1760015756@oksbi/UPI,710646126383,,"9,050.53",234556.96
12-03-2026,UPI/DR/382054279891/Ola/ICICI/olamoney@ola/UPI,387207466517,930.24,,233626.72
12-03-2026,ATM CASH WITHDRAWAL/25258/JODHPUR,874074742391,"7,000.00",,226626.72
12-03-2026,NEFT/N7980162250371/Lupin Limited,726787246294,,"53,000.69",279627.41
12-03-2026,NACH/MANDATE/LN095012157820/HDFC Ltd,238341269844,"15,500.00",,264127.41
14-03-2026,UPI/DR/887290518229/Isha/SBIN/ishachat99@ptsbi/UPI,981156337893,"19,200.58",,244926.83
14-03-2026,UPI/DR/642091582520/Vi/PAYTM/vi@airtelaxis/UPI,395269741185,459.00,,244467.83
14-03-2026,UPI/DR/857937880641/Uber/PAYTM/uber@paytm/UPI,664098415815,700.42,,243767.41
14-03-2026,UPI/DR/857292670780/Mahesh/FDRL/maheshshah36@oksbi/UPI,872503775077,"17,500.68",,226266.73
15-03-2026,UPI/DR/690383981918/MedPlus/ICICI/medplus@icici/UPI,670223309799,"1,310.93",,224955.80
15-03-2026,UPI/DR/186627183709/Ola/PAYTM/olamoney@ola/UPI,828258418701,180.88,,224774.92
17-03-2026,POS RELIANCE PETROLEUM JODHPUR,743549388187,"3,350.13",,221424.79
18-03-2026,UPI/CR/278823222908/Brijesh/UCBA/brijesh355@okaxis/UPI,591733045662,,"2,350.82",223775.61
20-03-2026,UPI/DR/503626237762/Vi/PAYTM/vi@airtelaxis/UPI,729170066120,939.00,,222836.61
20-03-2026,UPI/DR/164709601214/Vi/PAYTM/vi@airtelaxis/UPI,357863226696,889.00,,221947.61
20-03-2026,UPI/CR/507608665165/Gopal/PUNB/gopal285@pthdfc/UPI,688830416356,,"18,900.66",240848.27
20-03-2026,UPI/DR/683862560433/Zepto/ICICI/zepto@apl/UPI,968326520961,"2,750.69",,238097.58
20-03-2026,UPI/CR/351980726286/Kiran/FDRL/8217482966@okhdfcbank/UPI,567436988506,,"9,700.92",247798.50
21-03-2026,POS MAX FASHION JODHPUR,499374680537,"3,050.60",,244747.90
21-03-2026,UPI/DR/889543724906/KSEB/UPIN/ksebpayment@upi/UPI,322998337869,"2,700.01",,242047.89
22-03-2026,UPI/DR/545134365851/Indane/ICICI/indanegas@upi/UPI,945756425169,800.69,,241247.20
22-03-2026,UPI/DR/279472447233/Rapido/PAYTM/rapido@icici/UPI,747046579230,390.98,,240856.22
24-03-2026,UPI/DR/988635948486/Nykaa/PAYTM/nykaa@razorpay/UPI,104155281010,"2,300.86",,238555.36
24-03-2026,ATM CASH WITHDRAWAL/47368/JODHPUR,959923193663,"1,500.00",,237055.36
24-03-2026,IMPS-714934146506-Kavita Shukla,360614440373,"42,300.72",,194754.64
24-03-2026,UPI/DR/319886657619/PhonePe/ICICI/phonepe@ybl/UPI,060168492431,"1,660.18",,193094.46
25-03-2026,POS MAX FASHION JODHPUR,021238861198,"3,350.02",,189744.44
26-03-2026,GST ON CHARGES,050826711105,37.80,,189706.64
26-03-2026,UPI/DR/654616107145/Dunzo/ICICI/dunzo@razorpay/UPI,280083222935,"2,040.85",,187665.79
26-03-2026,MAINTENANCE CHARGES,119938896047,210.00,,187455.79
26-03-2026,UPI/DR/257673243637/Meesho/PAYTM/meesho@ybl/UPI,225192903958,"1,150.97",,186304.82
27-03-2026,ATM CASH WITHDRAWAL/64324/JODHPUR,584472068213,"5,500.00",,180804.82
27-03-2026,POS BIG BAZAAR JODHPUR,812747330523,"2,400.73",,178404.09
28-03-2026,INTEREST CREDIT,971196290830,,"1,090.16",179494.25
28-03-2026,UPI/DR/270137872976/Dunzo/ICICI/dunzo@razorpay/UPI,733804607943,"1,480.75",,178013.50
29-03-2026,UPI/DR/522087918116/Mohit/FDRL/2932509936@aubank/UPI,164869776063,"3,500.33",,174513.17
30-03-2026,UPI/DR/455006049835/Varun/UTIB/9233739614@oksbi/UPI,868345168776,"2,100.38",,172412.79
31-03-2026,POS RELIANCE MART JODHPUR,481227134616,"5,650.21",,166762.58
01-04-2026,UPI/DR/081957261108/Amazon/PAYTM/amazon@apl/UPI,462443475121,350.88,,166411.70
01-04-2026,POS BIG BAZAAR JODHPUR,416712036721,450.62,,165961.08
01-04-2026,UPI/DR/943083695671/Zepto/ICICI/zepto@apl/UPI,171749514799,"1,550.20",,164410.88
03-04-2026,UPI/DR/234489243482/Vi/PAYTM/vi@airtelaxis/UPI,732509961621,889.00,,163521.88
03-04-2026,SALARY CREDIT/S3240412077168/Lupin Limited,496869022762,,"97,865.70",261387.58
05-04-2026,UPI/DR/478871447983/Mamta/UCBA/mamta.khanna@axl/UPI,475972258074,"8,650.38",,252737.20
05-04-2026,NACH/MANDATE/LN095012157820/HDFC Ltd,831111063675,"15,500.00",,237237.20
06-04-2026,POS D MART JODHPUR,664196952820,"5,750.77",,231486.43
06-04-2026,UPI/DR/056065239986/Flipkart/ICICI/flipkart@ybl/UPI,918914271396,"1,130.40",,230356.03
07-04-2026,NACH/MANDATE/RNT1426766/RENT MANDATE,703140318730,"18,000.00",,212356.03
07-04-2026,ATM CASH WITHDRAWAL/56629/JODHPUR,655923055095,"9,500.00",,202856.03
07-04-2026,POS MAX FASHION JODHPUR,064125070571,"5,350.94",,197505.09
08-04-2026,UPI/DR/573798185171/SBI/LICI/licindia@licindia/UPI,627615324841,"5,600.00",,191905.09
09-04-2026,POS BHARAT PETROLEUM JODHPUR,937971754215,"2,100.94",,189804.15
09-04-2026,UPI/DR/398985230193/Paytm/ICICI/paytm@paytm/UPI,614591355174,350.08,,189454.07
09-04-2026,POS HP PETROL PUMP JODHPUR,504817656162,"1,750.73",,187703.34
09-04-2026,UPI/DR/953657755294/Ola/PAYTM/olamoney@ola/UPI,680083769775,220.38,,187482.96
10-04-2026,UPI/DR/681526424247/Zomato/ICICI/zomato@axisbank/UPI,468987923896,"2,410.88",,185072.08
11-04-2026,UPI/DR/945771657710/BSNL/RAZORPAY/broadband@paytm/UPI,506446600074,799.00,,184273.08
11-04-2026,UPI/CR/408915379135/Varun/BKID/varunpate74@paytm/UPI,203206830567,,"10,150.57",194423.65
11-04-2026,UPI/DR/825596576122/Rekha/HDFC/rekharao43@ybl/UPI,322713317965,"8,200.92",,186222.73
12-04-2026,ATM CASH WITHDRAWAL/62835/JODHPUR,024054095374,"8,000.00",,178222.73
12-04-2026,UPI/DR/505946834479/Vi/PAYTM/vi@airtelaxis/UPI,246455728768,939.00,,177283.73
12-04-2026,POS V MART JODHPUR,328896757465,"2,450.56",,174833.17
12-04-2026,ATM CASH WITHDRAWAL/12399/JODHPUR,760915457837,"4,500.00",,170333.17
13-04-2026,UPI/DR/214076706071/Zepto/ICICI/zepto@apl/UPI,808882681145,810.18,,169522.99
14-04-2026,UPI/CR/496271092429/Divya/BKID/divya.patil@ptaxis/UPI,346112790797,,"2,000.70",171523.69
14-04-2026,UPI/DR/637729531649/KSEB/UPIN/ksebpayment@upi/UPI,898190667729,"1,950.16",,169573.53
15-04-2026,UPI/DR/975646548092/Naveen/BARB/naveen801@pthdfc/UPI,521337705228,"13,400.50",,156173.03
15-04-2026,UPI/DR/245136414150/Ola/PAYTM/olamoney@ola/UPI,283417212617,490.41,,155682.62
17-04-2026,UPI/DR/441781015485/Flipkart/PAYTM/flipkart@ybl/UPI,257200336046,"4,750.62",,150932.00
17-04-2026,UPI/DR/318406283822/Zomato/ICICI/zomato@axisbank/UPI,521721951356,"1,440.45",,149491.55
17-04-2026,UPI/DR/567971762071/Indane/ICICI/indanegas@upi/UPI,739633752592,"1,400.56",,148090.99
18-04-2026,UPI/DR/034421552703/Rapido/PAYTM/rapido@icici/UPI,191406433173,890.69,,147200.30
18-04-2026,UPI/DR/654064006836/PhonePe/ICICI/phonepe@ybl/UPI,691369085023,"2,290.65",,144909.65
19-04-2026,ATM CASH WITHDRAWAL/25429/JODHPUR,185245781450,"6,500.00",,138409.65
19-04-2026,POS INDIAN OIL JODHPUR,314041715066,"3,100.80",,135308.85
19-04-2026,UPI/DR/473812913328/Flipkart/ICICI/flipkart@ybl/UPI,494312308513,"1,830.40",,133478.45
20-04-2026,UPI/DR/730461432891/Meesho/PAYTM/meesho@ybl/UPI,485815699240,650.42,,132828.03
21-04-2026,UPI/DR/666016959446/Ashish/BKID/ashish.thapar@apl/UPI,401905976396,"17,350.39",,115477.64
21-04-2026,UPI/DR/556370101549/Amazon/ICICI/amazon@apl/UPI,883686973276,"1,680.67",,113796.97
22-04-2026,UPI/DR/515888521444/BigBasket/ICICI/bigbasket@ybl/UPI,200930380591,270.06,,113526.91
22-04-2026,ATM CASH WITHDRAWAL/05239/JODHPUR,612277537751,"10,000.00",,103526.91
22-04-2026,UPI/DR/643552727986/Jio/ICICI/jio@paytm/UPI,990222346835,"1,290.57",,102236.34
23-04-2026,UPI/DR/342248909333/Uber/ICICI/uber@paytm/UPI,131204844944,"2,790.25",,99446.09
23-04-2026,UPI/DR/989210882241/Vi/PAYTM/vi@airtelaxis/UPI,706176212174,819.00,,98627.09
24-04-2026,UPI/DR/997860989325/Pooja/SBIN/pooja.pandey@ptaxis/UPI,784696637477,"9,050.79",,89576.30
24-04-2026,POS V MART JODHPUR,861128870717,"7,800.30",,81776.00
25-04-2026,POS MORE SUPER MARKET JODHPUR,409743681080,"2,850.79",,78925.21
26-04-2026,UPI/DR/864497617574/PhonePe/ICICI/phonepe@ybl/UPI,471665240089,910.70,,78014.51
26-04-2026,ATM CASH WITHDRAWAL/52326/JODHPUR,307272167050,"6,500.00",,71514.51
28-04-2026,UPI/DR/518176729672/BSNL/ICICI/bsnlbroadband@upi/UPI,640610276061,120.79,,71393.72
28-04-2026,UPI/DR/990031464209/Sachin/KKBK/sachin.sethi@ptaxis/UPI,467291961103,"5,250.96",,66142.76
29-04-2026,UPI/DR/768542433038/Maya/UCBA/maya300@okaxis/UPI,333081438951,"14,200.45",,51942.31
29-04-2026,UPI/DR/935712956302/Renu/BARB/renu838@ptsbi/UPI,705896240985,"6,550.72",,45391.59
29-04-2026,UPI/DR/377102245387/Zomato/ICICI/zomato@axisbank/UPI,823912140590,"2,130.96",,43260.63
30-04-2026,UPI/DR/898253052202/Arjun/FDRL/arjun262@aubank/UPI,032882650600,"4,150.17",,39110.46
02-05-2026,UPI/DR/180967294829/Varsha/BDBL/varsha.pandey@apl/UPI,991781854121,"5,750.62",,33359.84
02-05-2026,UPI/DR/264932636009/PhonePe/ICICI/phonepe@ybl/UPI,881072704347,"1,860.43",,31499.41
03-05-2026,UPI/DR/670911496518/Vi/PAYTM/vi@airtelaxis/UPI,674729553157,599.00,,30900.41
03-05-2026,SALARY CREDIT/S6580855386700/Lupin Limited,836613855077,,"98,294.70",129195.11
04-05-2026,UPI/DR/984913835071/Paytm/ICICI/paytm@paytm/UPI,573611729794,360.21,,128834.90
04-05-2026,UPI/CR/981172637711/Abhishek/KKBK/abhishek.tiwari@okhdfcbank/UPI,311365133038,,"6,700.33",135535.23
04-05-2026,UPI/CR/894010350570/Shreya/UCBA/5680210195@paytm/UPI,621006045333,,500.80,136036.03
04-05-2026,UPI/DR/376417979071/Flipkart/ICICI/flipkart@ybl/UPI,040208950038,"2,040.42",,133995.61
04-05-2026,UPI/DR/435144872780/Flipkart/PAYTM/flipkart@ybl/UPI,280166284913,"5,100.74",,128894.87
05-05-2026,NACH/MANDATE/LN095012157820/HDFC Ltd,234227840417,"15,500.00",,113394.87
05-05-2026,ATM CASH WITHDRAWAL/14310/JODHPUR,408794209440,"2,000.00",,111394.87
05-05-2026,NACH/MANDATE/RNT1846422/RENT MANDATE,250675906666,"18,000.00",,93394.87
06-05-2026,UPI/DR/039502002681/Shreya/UTIB/shreyamish24@ptsbi/UPI,530384856185,"12,050.56",,81344.31
07-05-2026,UPI/DR/066531214957/BigBasket/ICICI/bigbasket@ybl/UPI,179016546671,"1,570.92",,79773.39
09-05-2026,UPI/DR/860072019618/Rapido/PAYTM/rapido@icici/UPI,345072662931,750.57,,79022.82
09-05-2026,UPI/DR/489900899437/Sanjay/SBIN/3659838270@ybl/UPI,474178305010,"20,150.03",,58872.79
