Bank Name,STATE BANK OF INDIA
Account Number,90520229751
Account Holder Name,SUNIL MEHTA
Branch,ABIDS
IFSC Code,SBIN0158713
Statement Period,02-12-2024 To 09-05-2026

TRAN-DATE,TRAN_PARTICULAR,CHQ-NUM,WITHDRAWAL,DEPOSIT,BALANCE
02-12-2024,POS PANTALOONS LUDHIANA,242796802631,"5,100.05",,1142753.39
02-12-2024,POS INDIAN OIL LUDHIANA,354854489246,"3,550.28",,1139203.11
02-12-2024,UPI/DR/958914458568/BSNL/RAZORPAY/broadband@paytm/UPI,129763447866,999.00,,1138204.11
02-12-2024,INB NEFT-S8673073568508/HDFC Life Insurance/SALARY CR,040146995151,,"102,472.36",1240676.47
02-12-2024,UPI/DR/234757595237/Jio/PAYTM/jio@paytm/UPI,088168820567,689.00,,1239987.47
03-12-2024,UPI/DR/185351902792/Kamal/SBIN/kamal494@ptyes/UPI,666600409262,"20,400.29",,1219587.18
03-12-2024,UPI/DR/612607011076/Deepak/BKID/deepak290@ptsbi/UPI,720229373952,"17,750.50",,1201836.68
03-12-2024,UPI/CR/063314555543/Babita/FDRL/babitaredd86@ptyes/UPI,750133910926,,"14,150.89",1215987.57
04-12-2024,"ATM WDL
ATM CASH 02776 ABIDS LUDHIANA",953886753330,"5,000.00",,1210987.57
05-12-2024,UPI/DR/443441189507/Jio/ICICI/jio@paytm/UPI,916114815873,640.10,,1210347.47
05-12-2024,POS RELIANCE PETROLEUM LUDHIANA,265360685535,"1,950.94",,1208396.53
05-12-2024,NACH/MANDATE/RNT8772340/RENT MANDATE,762270108285,"13,500.00",,1194896.53
06-12-2024,NACH/MANDATE/LN692301427097/LIC Housing Finance,361021882860,"21,500.00",,1173396.53
06-12-2024,POS VISHAL MEGA MART LUDHIANA,624779030708,"3,100.65",,1170295.88
07-12-2024,UPI/CR/276850609280/Mohan/PUNB/mohanmeht46@apl/UPI,843820121350,,"15,950.34",1186246.22
07-12-2024,UPI/DR/514624059052/Spotify/ICICI/spotify@icici/UPI,412884092750,699.00,,1185547.22
07-12-2024,UPI/DR/425640900830/Vandana/BARB/vandanajain99@axl/UPI,260813448575,"21,600.17",,1163947.05
07-12-2024,UPI/DR/494349388952/Rapido/PAYTM/rapido@icici/UPI,271643994844,720.11,,1163226.94
08-12-2024,UPI/DR/059110114748/Aditya/LICI/licindia@licindia/UPI,358467055206,"8,500.00",,1154726.94
10-12-2024,UPI/DR/532141761844/Flipkart/PAYTM/flipkart@ybl/UPI,835863036088,"2,400.06",,1152326.88
10-12-2024,UPI/CR/766121783606/Babita/PUNB/babita.shah@oksbi/UPI,412848142793,,"5,700.20",1158027.08
11-12-2024,POS MAX FASHION LUDHIANA,848948740844,"7,000.06",,1151027.02
12-12-2024,UPI/DR/057301440314/Dunzo/ICICI/dunzo@razorpay/UPI,019288468349,730.20,,1150296.82
13-12-2024,UPI/DR/990069445556/TSSPDCL/UPIN/tsspdclpayment@upi/UPI,004529153006,"2,650.38",,1147646.44
13-12-2024,UPI/DR/200130104206/BigBasket/ICICI/bigbasket@ybl/UPI,922325928228,"1,630.44",,1146016.00
13-12-2024,UPI/DR/763783846666/Indane/ICICI/indanegas@upi/UPI,973795653324,"1,550.00",,1144466.00
13-12-2024,POS RELIANCE MART LUDHIANA,860773550156,"6,050.18",,1138415.82
14-12-2024,UPI/DR/618984079443/Jio/PAYTM/jio@paytm/UPI,662591445157,459.00,,1137956.82
14-12-2024,UPI/DR/730532506578/Asha/FDRL/asha854@oksbi/UPI,018357101935,"10,850.91",,1127105.91
14-12-2024,POS VISHAL MEGA MART LUDHIANA,008272684268,"5,250.61",,1121855.30
15-12-2024,NACH/MANDATE/SIP5234002/Mirae Asset MF,436635240307,"12,500.00",,1109355.30
15-12-2024,UPI/DR/283618164897/Amazon/ICICI/amazon@apl/UPI,953304870767,680.84,,1108674.46
15-12-2024,POS RELIANCE MART LUDHIANA,367603400792,"8,350.30",,1100324.16
15-12-2024,UPI/DR/444149266243/Rapido/PAYTM/rapido@icici/UPI,016936136087,690.85,,1099633.31
16-12-2024,UPI/DR/317081561856/Ola/ICICI/olamoney@ola/UPI,252186838267,"2,440.19",,1097193.12
17-12-2024,UPI/DR/461836801848/Swiggy/ICICI/swiggy@icici/UPI,491775623566,930.32,,1096262.80
17-12-2024,UPI/DR/284107928493/Flipkart/PAYTM/flipkart@ybl/UPI,898488406167,"3,550.76",,1092712.04
17-12-2024,UPI/DR/601045838182/Amazon/ICICI/amazon@apl/UPI,609283784977,620.72,,1092091.32
17-12-2024,"ATM WDL
ATM CASH 53140 ABIDS LUDHIANA",217789016972,"5,500.00",,1086591.32
18-12-2024,UPI/DR/330883659723/Apollo/ICICI/apollopharmacy@ybl/UPI,245069060371,"3,180.31",,1083411.01
18-12-2024,POS PANTALOONS LUDHIANA,794381818911,"5,200.26",,1078210.75
19-12-2024,UPI/DR/440643952744/Jio/PAYTM/jio@paytm/UPI,610752714926,189.00,,1078021.75
21-12-2024,UPI/DR/655843900652/Rapido/PAYTM/rapido@icici/UPI,393524828894,750.78,,1077270.97
21-12-2024,UPI/DR/354470356217/Yogesh/SBIN/yogeshpill83@axl/UPI,369516001258,"13,250.47",,1064020.50
22-12-2024,UPI/DR/289513238414/Zepto/ICICI/zepto@apl/UPI,838233906709,"2,440.91",,1061579.59
22-12-2024,UPI/DR/574792056607/Sumit/FDRL/sumitnair23@oksbi/UPI,393703465016,"3,550.82",,1058028.77
23-12-2024,UPI/DR/513370041937/Blinkit/ICICI/blinkit@kotak/UPI,672824615875,"2,740.69",,1055288.08
24-12-2024,UPI/DR/422881332752/Jio/PAYTM/jio@paytm/UPI,381375823905,689.00,,1054599.08
24-12-2024,INB IMPS/072263591047/Divya Mishra/UTIB,734350134759,"42,500.57",,1012098.51
25-12-2024,UPI/DR/996990983778/Jio/PAYTM/jio@paytm/UPI,098754134449,939.00,,1011159.51
26-12-2024,INTEREST CREDIT,578297919698,,780.20,1011939.71
26-12-2024,UPI/DR/190581335524/Zomato/ICICI/zomato@axisbank/UPI,798933284245,640.84,,1011298.87
26-12-2024,UPI/DR/487820282174/Flipkart/PAYTM/flipkart@ybl/UPI,139446427763,"3,050.27",,1008248.60
26-12-2024,INB IMPS/951975918757/Kapil Yadav/FDRL,929424419459,"38,000.56",,970248.04
27-12-2024,UPI/CR/736537798307/Brijesh/BDBL/brijeshghos69@okaxis/UPI,859564097432,,"11,900.99",982149.03
27-12-2024,POS HP PETROL PUMP LUDHIANA,349166593312,"3,050.70",,979098.33
28-12-2024,UPI/DR/132286639627/Blinkit/ICICI/blinkit@kotak/UPI,543640370003,"2,490.12",,976608.21
28-12-2024,UPI/DR/359558246950/Paytm/ICICI/paytm@paytm/UPI,624283728491,"1,550.98",,975057.23
28-12-2024,UPI/DR/487073089959/Apollo/ICICI/apollopharmacy@ybl/UPI,504846884658,949.00,,974108.23
30-12-2024,UPI/CR/747832384087/Sanjay/UCBA/2220473274@ibl/UPI,886377060069,,"1,300.42",975408.65
30-12-2024,UPI/CR/492134208010/Rekha/BARB/rekhakhan79@ptaxis/UPI,366277302844,,"18,050.20",993458.85
01-01-2025,UPI/CR/256790509646/Anjali/HDFC/anjalichop92@upi/UPI,867964993065,,"15,650.79",1009109.64
02-01-2025,UPI/CR/245827622262/Seema/SBIN/seema.iyer@oksbi/UPI,870179169367,,"12,900.66",1022010.30
02-01-2025,UPI/DR/159079673392/Kapil/UCBA/kapiljain54@ptyes/UPI,771070266936,"12,850.79",,1009159.51
03-01-2025,POS BHARAT PETROLEUM LUDHIANA,288149775474,"1,450.88",,1007708.63
03-01-2025,INB NEFT-S3631352441295/HDFC Life Insurance/SALARY CR,075106510737,,"106,578.36",1114286.99
04-01-2025,UPI/DR/193630675929/Sushma/UCBA/9497921796@apl/UPI,588623311959,"11,400.18",,1102886.81
04-01-2025,UPI/DR/801788935233/Vijay/BARB/vijaykapo53@pthdfc/UPI,184241625177,"8,650.15",,1094236.66
04-01-2025,UPI/DR/606380847568/Flipkart/ICICI/flipkart@ybl/UPI,102534401919,350.97,,1093885.69
04-01-2025,UPI/DR/655252627681/Uber/ICICI/uber@paytm/UPI,429841979866,910.79,,1092974.90
05-01-2025,UPI/DR/810767614898/Jio/ICICI/jio@paytm/UPI,265266183829,430.28,,1092544.62
05-01-2025,UPI/DR/450934083927/Meesho/PAYTM/meesho@ybl/UPI,128949988935,800.46,,1091744.16
06-01-2025,UPI/DR/907612649874/Deepak/SBIN/2781938260@axl/UPI,247496632606,"2,500.27",,1089243.89
06-01-2025,"ATM WDL
ATM CASH 78667 ABIDS LUDHIANA",815101121476,"3,500.00",,1085743.89
07-01-2025,"ATM WDL
ATM CASH 18805 ABIDS LUDHIANA",066680937273,"7,000.00",,1078743.89
07-01-2025,UPI/DR/365625853090/Rapido/PAYTM/rapido@icici/UPI,088185821118,290.55,,1078453.34
07-01-2025,NACH/MANDATE/RNT7757654/RENT MANDATE,946132357440,"13,500.00",,1064953.34
07-01-2025,UPI/DR/332431489347/Ola/PAYTM/olamoney@ola/UPI,370148378144,310.94,,1064642.40
07-01-2025,INB IMPS/914570162574/Ravi Mishra/UCBA,096377219546,"25,600.75",,1039041.65
07-01-2025,UPI/DR/882173008456/Paytm/ICICI/paytm@paytm/UPI,484496472183,"1,600.69",,1037440.96
08-01-2025,"ATM WDL
ATM CASH 35615 ABIDS LUDHIANA",966818016443,"8,500.00",,1028940.96
09-01-2025,UPI/DR/798035754500/Uber/PAYTM/uber@paytm/UPI,807989928700,200.00,,1028740.96
09-01-2025,UPI/DR/477257028299/Aditya/LICI/licindia@licindia/UPI,172501743572,"8,500.00",,1020240.96
10-01-2025,UPI/DR/302814418610/Uber/ICICI/uber@paytm/UPI,351510503465,550.08,,1019690.88
10-01-2025,UPI/DR/703181796683/Himanshu/PUNB/himanshuyada46@ptyes/UPI,828883860773,"19,650.59",,1000040.29
10-01-2025,POS BHARAT PETROLEUM LUDHIANA,723223005717,"2,500.08",,997540.21
10-01-2025,UPI/DR/723752570538/Paytm/ICICI/paytm@paytm/UPI,197068398290,"2,550.46",,994989.75
10-01-2025,UPI/DR/154822947469/Uber/ICICI/uber@paytm/UPI,549771084606,"1,230.12",,993759.63
11-01-2025,POS BRAND FACTORY LUDHIANA,014692818428,750.37,,993009.26
11-01-2025,NACH/MANDATE/LN692301427097/LIC Housing Finance,962413830505,"21,500.00",,971509.26
12-01-2025,UPI/DR/955063657079/Dunzo/ICICI/dunzo@razorpay/UPI,343047594458,"1,440.89",,970068.37
13-01-2025,POS BIG BAZAAR LUDHIANA,997422215570,"1,100.77",,968967.60
15-01-2025,NACH/MANDATE/SIP9811406/Mirae Asset MF,316761774617,"12,500.00",,956467.60
17-01-2025,UPI/DR/619050514135/Jio/PAYTM/jio@paytm/UPI,792033260436,929.00,,955538.60
17-01-2025,"ATM WDL
ATM CASH 44827 ABIDS LUDHIANA",305676558386,"5,000.00",,950538.60
18-01-2025,UPI/DR/989224724868/Paytm/ICICI/paytm@paytm/UPI,831294518647,"2,660.52",,947878.08
18-01-2025,UPI/DR/954653728499/Jio/PAYTM/jio@paytm/UPI,242009345085,629.00,,947249.08
19-01-2025,UPI/DR/521522721190/BSNL/RAZORPAY/broadband@paytm/UPI,210226690196,449.00,,946800.08
20-01-2025,UPI/DR/159903915755/TSSPDCL/UPIN/tsspdclpayment@upi/UPI,118068930403,"1,750.21",,945049.87
21-01-2025,UPI/CR/440898844663/Isha/BDBL/isha.nambiar@pthdfc/UPI,338998519093,,"21,700.74",966750.61
21-01-2025,UPI/DR/521367121742/Myntra/PAYTM/myntra@ybl/UPI,012896912640,"2,650.48",,964100.13
22-01-2025,UPI/DR/168419593843/Indane/ICICI/indanegas@upi/UPI,734976376238,"1,650.27",,962449.86
23-01-2025,UPI/DR/560619058552/Myntra/PAYTM/myntra@ybl/UPI,108213480276,"1,450.72",,960999.14
23-01-2025,UPI/DR/754583061757/PhonePe/ICICI/phonepe@ybl/UPI,646892552560,280.69,,960718.45
23-01-2025,UPI/CR/830239204146/Manish/BARB/8683018299@ybl/UPI,370040186986,,"7,950.60",968669.05
24-01-2025,UPI/DR/300857154363/Jio/PAYTM/jio@paytm/UPI,334961661551,289.00,,968380.05
24-01-2025,POS RELIANCE MART LUDHIANA,114433643290,"4,950.51",,963429.54
26-01-2025,UPI/DR/487133264525/Jio/PAYTM/jio@paytm/UPI,760469789934,839.00,,962590.54
27-01-2025,UPI/DR/861067862386/Dunzo/ICICI/dunzo@razorpay/UPI,958057510588,"1,680.59",,960909.95
29-01-2025,UPI/DR/550794146434/MakeMyTrip/ICICI/makemytrip@axisbank/UPI,563612205435,799.00,,960110.95
29-01-2025,UPI/DR/483075243810/PhonePe/ICICI/phonepe@ybl/UPI,631081721436,"2,330.49",,957780.46
30-01-2025,POS INDIAN OIL LUDHIANA,295725261654,"3,050.04",,954730.42
31-01-2025,UPI/DR/435697180312/Sangita/UCBA/sangita.dutta@ptaxis/UPI,760573144131,"1,450.13",,953280.29
31-01-2025,UPI/CR/204616772615/Siddharth/UCBA/siddharth739@okhdfcbank/UPI,242518097561,,"4,150.81",957431.10
01-02-2025,POS SHELL FUEL STATION LUDHIANA,962589711109,"1,250.85",,956180.25
03-02-2025,INB NEFT-S3334022504857/HDFC Life Insurance/SALARY CR,250764555201,,"102,622.36",1058802.61
03-02-2025,"ATM WDL
ATM CASH 91201 ABIDS LUDHIANA",349069474480,"1,500.00",,1057302.61
03-02-2025,UPI/DR/954591768681/Rapido/PAYTM/rapido@icici/UPI,706560988483,570.36,,1056732.25
05-02-2025,INB IMPS/326218864561/Vishal Tiwari/BKID,527679746837,"14,100.73",,1042631.52
06-02-2025,NACH/MANDATE/RNT9096702/RENT MANDATE,895396561690,"13,500.00",,1029131.52
06-02-2025,UPI/CR/756628003304/Saurabh/HDFC/saurabh.sethi@ptaxis/UPI,948473430845,,"2,900.25",1032031.77
06-02-2025,UPI/DR/659450253411/Flipkart/ICICI/flipkart@ybl/UPI,403377450103,"1,110.79",,1030920.98
07-02-2025,UPI/DR/730995517507/Paytm/ICICI/paytm@paytm/UPI,388315860245,"2,050.53",,1028870.45
08-02-2025,POS SHELL FUEL STATION LUDHIANA,174290255882,"3,000.94",,1025869.51
09-02-2025,UPI/DR/797843514092/Jio/PAYTM/jio@paytm/UPI,517300375270,759.00,,1025110.51
09-02-2025,NACH/MANDATE/LN692301427097/LIC Housing Finance,130709146446,"21,500.00",,1003610.51
09-02-2025,UPI/DR/373912850646/Ola/ICICI/olamoney@ola/UPI,634584238630,"2,350.99",,1001259.52
10-02-2025,UPI/DR/158778206587/Amazon/ICICI/amazon@apl/UPI,447751486149,"1,520.07",,999739.45
11-02-2025,UPI/DR/880032211954/BSNL/RAZORPAY/broadband@paytm/UPI,421775284133,849.00,,998890.45
11-02-2025,UPI/DR/430297144574/Rapido/PAYTM/rapido@icici/UPI,310503013150,210.70,,998679.75
12-02-2025,UPI/DR/847481820971/Aditya/LICI/licindia@licindia/UPI,509058531334,"8,500.00",,990179.75
12-02-2025,NACH/MANDATE/SIP1340785/Mirae Asset MF,859207554604,"12,500.00",,977679.75
12-02-2025,UPI/DR/547278487549/Amazon/ICICI/amazon@apl/UPI,145309693465,"2,410.77",,975268.98
13-02-2025,UPI/DR/558274449649/Nisha/SBIN/nisha.joshi@upi/UPI,074411076867,"8,350.48",,966918.50
14-02-2025,POS MAX FASHION LUDHIANA,657850945031,"2,050.59",,964867.91
15-02-2025,UPI/DR/140027845711/Dunzo/ICICI/dunzo@razorpay/UPI,914244735663,"1,650.22",,963217.69
16-02-2025,UPI/DR/009812432105/Swati/SBIN/swatithap31@pthdfc/UPI,670219250627,"1,450.43",,961767.26
16-02-2025,UPI/DR/201749291932/Lata/UCBA/latasing58@ibl/UPI,673646896070,"14,800.99",,946966.27
16-02-2025,UPI/DR/676758545383/TSSPDCL/UPIN/tsspdclpayment@upi/UPI,892955320010,"2,400.29",,944565.98
17-02-2025,UPI/CR/350202977185/Sumit/KKBK/sumitjain52@ptaxis/UPI,036359507579,,"8,250.82",952816.80
17-02-2025,UPI/DR/661081479470/Swiggy/ICICI/swiggy@icici/UPI,515033694964,"1,160.82",,951655.98
18-02-2025,UPI/DR/171904226932/Indane/ICICI/indanegas@upi/UPI,762624059163,"1,550.30",,950105.68
18-02-2025,UPI/DR/026322423071/Uber/ICICI/uber@paytm/UPI,996451222391,"1,000.52",,949105.16
19-02-2025,POS HP PETROL PUMP LUDHIANA,363423210065,"4,150.76",,944954.40
19-02-2025,UPI/DR/407555078842/Rapido/PAYTM/rapido@icici/UPI,809904017947,530.80,,944423.60
19-02-2025,UPI/DR/495794524588/Lata/PUNB/lata938@okhdfcbank/UPI,090593100706,"10,100.20",,934323.40
19-02-2025,"ATM WDL
ATM CASH 67481 ABIDS LUDHIANA",631140928386,"4,000.00",,930323.40
19-02-2025,UPI/DR/932905557164/IRCTC/ICICI/irctc@upi/UPI,675658108862,999.00,,929324.40
20-02-2025,UPI/CR/868810887083/Kavita/UTIB/5395364682@ptsbi/UPI,567578123564,,"11,800.64",941125.04
22-02-2025,POS SHOPPERS STOP LUDHIANA,515270975522,"1,550.71",,939574.33
23-02-2025,UPI/CR/003800692049/Kunal/PUNB/kunaljosh23@ptyes/UPI,928569001842,,"18,650.53",958224.86
25-02-2025,UPI/DR/032776492397/Rapido/PAYTM/rapido@icici/UPI,329551095429,430.27,,957794.59
26-02-2025,POS HP PETROL PUMP LUDHIANA,997966535995,900.47,,956894.12
26-02-2025,UPI/DR/457954046040/Sneha/FDRL/sneha.srivastava@ptyes/UPI,636167246677,"13,450.15",,943443.97
27-02-2025,UPI/DR/534588775910/Nykaa/PAYTM/nykaa@razorpay/UPI,889902986839,"5,850.83",,937593.14
27-02-2025,"ATM WDL
ATM CASH 93287 ABIDS LUDHIANA",762740479005,"6,500.00",,931093.14
28-02-2025,UPI/DR/184870306100/Jio/ICICI/jio@paytm/UPI,500737917353,"1,180.17",,929912.97
28-02-2025,UPI/DR/789922303711/Jio/PAYTM/jio@paytm/UPI,982084330118,409.00,,929503.97
01-03-2025,POS STAR BAZAAR LUDHIANA,406053494961,"8,150.16",,921353.81
01-03-2025,UPI/DR/004559525740/Jio/PAYTM/jio@paytm/UPI,426551896687,619.00,,920734.81
01-03-2025,UPI/DR/089012448131/Seema/UTIB/seemamalh52@ibl/UPI,612934653475,"9,350.58",,911384.23
01-03-2025,UPI/DR/158523679451/Apollo/ICICI/apollopharmacy@ybl/UPI,851532794214,"1,550.16",,909834.07
02-03-2025,UPI/DR/183195210713/Amazon/ICICI/amazon@apl/UPI,632945875783,"2,090.57",,907743.50
02-03-2025,UPI/DR/200271966387/Blinkit/ICICI/blinkit@kotak/UPI,382413766191,"1,540.82",,906202.68
02-03-2025,"ATM WDL
ATM CASH 21513 ABIDS LUDHIANA",584014027023,"7,500.00",,898702.68
02-03-2025,UPI/DR/949838271640/Ankit/BARB/ankitsing34@axl/UPI,154690736369,"17,300.08",,881402.60
02-03-2025,UPI/DR/741846794526/Deepa/PUNB/deepa509@okhdfcbank/UPI,985562355932,"8,150.38",,873252.22
03-03-2025,INB NEFT-S0555148408172/HDFC Life Insurance/SALARY CR,901058069271,,"105,347.36",978599.58
03-03-2025,UPI/DR/661584228738/Kavita/HDFC/9022686914@pthdfc/UPI,021567519560,"20,750.18",,957849.40
04-03-2025,UPI/DR/545448515422/Radha/FDRL/radha168@apl/UPI,362844350260,"1,050.71",,956798.69
04-03-2025,UPI/DR/466692037143/Zepto/ICICI/zepto@apl/UPI,917788320874,840.18,,955958.51
06-03-2025,UPI/DR/829838739359/Aditya/LICI/licindia@licindia/UPI,173481451741,"8,500.00",,947458.51
06-03-2025,NACH/MANDATE/LN692301427097/LIC Housing Finance,169935690463,"21,500.00",,925958.51
06-03-2025,UPI/DR/922933517849/Zepto/ICICI/zepto@apl/UPI,735821504915,"2,560.55",,923397.96
06-03-2025,UPI/DR/018698973240/Krishna/UCBA/krishna.mehta@ibl/UPI,363036876229,"7,700.28",,915697.68
07-03-2025,UPI/DR/202448302829/Jio/PAYTM/jio@paytm/UPI,429591304497,649.00,,915048.68
08-03-2025,UPI/DR/790166357268/Ola/ICICI/olamoney@ola/UPI,336301495297,"2,530.69",,912517.99
08-03-2025,NACH/MANDATE/RNT8934251/RENT MANDATE,673596774207,"13,500.00",,899017.99
08-03-2025,UPI/DR/163746793042/MakeMyTrip/ICICI/makemytrip@axisbank/UPI,132241921171,849.00,,898168.99
09-03-2025,UPI/CR/401525158354/Sachin/BKID/4646373332@aubank/UPI,437611032658,,"13,250.84",911419.83
09-03-2025,UPI/DR/073070499516/Rapido/PAYTM/rapido@icici/UPI,154081925873,810.22,,910609.61
09-03-2025,UPI/DR/721420707810/Himanshu/BARB/himanshu517@ybl/UPI,979410042378,"9,850.65",,900758.96
10-03-2025,UPI/DR/579470744467/Flipkart/ICICI/flipkart@ybl/UPI,663364893731,"1,630.15",,899128.81
11-03-2025,UPI/DR/098442217262/Indane/ICICI/indanegas@upi/UPI,608637908082,"1,850.34",,897278.47
12-03-2025,UPI/CR/377801729486/Anjali/UTIB/anjali405@ptaxis/UPI,313030399241,,"18,800.93",916079.40
12-03-2025,POS SHELL FUEL STATION LUDHIANA,363027112777,"3,500.81",,912578.59
13-03-2025,UPI/DR/960880927443/Zepto/ICICI/zepto@apl/UPI,637353259462,"2,710.67",,909867.92
14-03-2025,UPI/DR/890452158081/Jio/PAYTM/jio@paytm/UPI,760870842026,499.00,,909368.92
14-03-2025,UPI/DR/571844842355/Rapido/PAYTM/rapido@icici/UPI,962786809350,380.77,,908988.15
15-03-2025,UPI/DR/216406748344/Santosh/UCBA/santosh225@okhdfcbank/UPI,036117366978,"12,700.14",,896288.01
15-03-2025,POS MORE SUPER MARKET LUDHIANA,934585327570,"7,600.53",,888687.48
16-03-2025,POS HP PETROL PUMP LUDHIANA,860897455461,"4,000.75",,884686.73
16-03-2025,UPI/DR/654830375916/Apollo/ICICI/apollopharmacy@ybl/UPI,809655157162,970.27,,883716.46
16-03-2025,INB IMPS/437680185786/Akash Singh/BARB,748199975975,"44,600.07",,839116.39
16-03-2025,NACH/MANDATE/SIP0855891/Mirae Asset MF,061568591404,"12,500.00",,826616.39
16-03-2025,UPI/DR/514260266452/Amazon/ICICI/amazon@apl/UPI,266360858622,"1,370.07",,825246.32
16-03-2025,UPI/DR/777078945580/Ola/PAYTM/olamoney@ola/UPI,783841580673,120.05,,825126.27
16-03-2025,UPI/DR/405020229173/Nykaa/ICICI/nykaa@razorpay/UPI,005445843890,249.00,,824877.27
17-03-2025,UPI/DR/543583492962/TSSPDCL/UPIN/tsspdclpayment@upi/UPI,007775651135,"3,150.56",,821726.71
20-03-2025,UPI/DR/040688588946/Uber/PAYTM/uber@paytm/UPI,348783400810,230.86,,821495.85
21-03-2025,"ATM WDL
ATM CASH 48207 ABIDS LUDHIANA",339614791306,"6,500.00",,814995.85
23-03-2025,POS CENTRAL MALL LUDHIANA,952998652979,"8,400.56",,806595.29
23-03-2025,UPI/DR/220384312461/Jio/PAYTM/jio@paytm/UPI,363604633624,579.00,,806016.29
24-03-2025,UPI/DR/111136444055/BSNL/RAZORPAY/broadband@paytm/UPI,965147199627,299.00,,805717.29
24-03-2025,UPI/CR/729164189149/Sanjay/BDBL/sanjayahuj37@pthdfc/UPI,896510623109,,"1,450.61",807167.90
24-03-2025,UPI/DR/002254191822/Santosh/PUNB/4151187076@ybl/UPI,131568775722,"15,900.06",,791267.84
25-03-2025,UPI/DR/442299400151/Nisha/BARB/nishamish27@okicici/UPI,768378723154,"2,350.77",,788917.07
25-03-2025,UPI/DR/947252331240/Swiggy/ICICI/swiggy@icici/UPI,541046362067,"1,820.90",,787096.17
25-03-2025,UPI/DR/177044389966/BSNL/ICICI/bsnlbroadband@upi/UPI,405516413067,310.23,,786785.94
25-03-2025,UPI/DR/168716324286/Rani/UTIB/0611440776@paytm/UPI,740571387393,"19,700.80",,767085.14
26-03-2025,UPI/DR/610996112223/Meesho/PAYTM/meesho@ybl/UPI,328220941113,450.58,,766634.56
26-03-2025,UPI/DR/908359635512/BigBasket/ICICI/bigbasket@ybl/UPI,015629594290,"1,570.98",,765063.58
26-03-2025,INTEREST CREDIT,062580258406,,140.54,765204.12
27-03-2025,UPI/DR/866247163825/Flipkart/PAYTM/flipkart@ybl/UPI,890630346736,"1,800.20",,763403.92
29-03-2025,UPI/DR/203876195318/Dunzo/ICICI/dunzo@razorpay/UPI,240400724331,"1,180.06",,762223.86
29-03-2025,POS LIFESTYLE STORES LUDHIANA,504841288572,"7,250.42",,754973.44
29-03-2025,UPI/DR/391366192792/Swiggy/ICICI/swiggy@icici/UPI,958386969121,"1,950.97",,753022.47
29-03-2025,UPI/DR/033290738999/Naresh/PUNB/naresh620@oksbi/UPI,275720846514,"15,300.21",,737722.26
30-03-2025,CHG FOR NEFT/IMPS TRANSACTION,788498573606,440.00,,737282.26
30-03-2025,GST ON CHARGES,649505187385,79.20,,737203.06
01-04-2025,INB NEFT-S4758932448868/HDFC Life Insurance/SALARY CR,731652453699,,"103,394.36",840597.42
01-04-2025,UPI/DR/000719476219/Blinkit/ICICI/blinkit@kotak/UPI,448737393399,"2,490.57",,838106.85
02-04-2025,UPI/DR/472377892279/Gopal/FDRL/gopal.sen@apl/UPI,956372665966,"12,700.00",,825406.85
02-04-2025,UPI/DR/811797968120/Uber/ICICI/uber@paytm/UPI,503476539423,810.08,,824596.77
02-04-2025,UPI/DR/464995210030/Flipkart/ICICI/flipkart@ybl/UPI,445014974385,670.18,,823926.59
02-04-2025,UPI/DR/055036189589/Zomato/ICICI/zomato@axisbank/UPI,072807274807,"1,810.96",,822115.63
02-04-2025,UPI/DR/641315495341/Uber/PAYTM/uber@paytm/UPI,477101913585,780.49,,821335.14
02-04-2025,UPI/DR/807563696901/Meesho/PAYTM/meesho@ybl/UPI,090587625696,"1,900.35",,819434.79
03-04-2025,NACH/MANDATE/RNT6759788/RENT MANDATE,388297827795,"13,500.00",,805934.79
04-04-2025,UPI/DR/690627085100/Rapido/PAYTM/rapido@icici/UPI,987334687829,140.13,,805794.66
04-04-2025,UPI/DR/920727198891/PhonePe/ICICI/phonepe@ybl/UPI,169955833316,360.65,,805434.01
04-04-2025,UPI/DR/763467112146/Seema/PUNB/9484862965@ptyes/UPI,742258628645,"5,600.48",,799833.53
05-04-2025,UPI/DR/133847557634/Ravi/FDRL/ravi123@apl/UPI,545612361609,"8,850.67",,790982.86
05-04-2025,POS LIFESTYLE STORES LUDHIANA,713733953380,"1,400.25",,789582.61
05-04-2025,"ATM WDL
ATM CASH 07011 ABIDS LUDHIANA",488755709034,"3,000.00",,786582.61
05-04-2025,UPI/DR/384133383749/Mohit/PUNB/mohit.tiwari@ibl/UPI,295204302035,"2,150.24",,784432.37
06-04-2025,UPI/DR/610297004122/Jio/PAYTM/jio@paytm/UPI,207213201126,279.00,,784153.37
06-04-2025,"ATM WDL
ATM CASH 39074 ABIDS LUDHIANA",524050080741,"4,500.00",,779653.37
07-04-2025,UPI/DR/602633909555/Uber/ICICI/uber@paytm/UPI,572388415096,660.50,,778992.87
07-04-2025,NACH/MANDATE/LN692301427097/LIC Housing Finance,951761841969,"21,500.00",,757492.87
07-04-2025,UPI/DR/493394806379/Jio/PAYTM/jio@paytm/UPI,455202349494,339.00,,757153.87
07-04-2025,UPI/DR/037247792593/Flipkart/ICICI/flipkart@ybl/UPI,312409021208,"1,130.37",,756023.50
07-04-2025,UPI/DR/458002969945/BSNL/ICICI/bsnlbroadband@upi/UPI,938692675226,130.69,,755892.81
08-04-2025,UPI/DR/376355424933/Jio/PAYTM/jio@paytm/UPI,796523358921,699.00,,755193.81
08-04-2025,UPI/DR/192296844020/Rahul/PUNB/rahul838@kotak/UPI,116750143026,"20,300.68",,734893.13
10-04-2025,UPI/DR/840982633472/Uber/PAYTM/uber@paytm/UPI,864945838049,520.63,,734372.50
11-04-2025,UPI/DR/775387923099/Aditya/LICI/licindia@licindia/UPI,425385586104,"8,500.00",,725872.50
13-04-2025,"ATM WDL
ATM CASH 84155 ABIDS LUDHIANA",557705656572,"9,000.00",,716872.50
14-04-2025,UPI/DR/200660157077/Rani/BDBL/rani787@ybl/UPI,921776781979,"10,900.80",,705971.70
15-04-2025,UPI/DR/602258565068/Gaurav/BKID/3963731361@okaxis/UPI,600354844258,"14,850.52",,691121.18
15-04-2025,POS METRO CASH CARRY LUDHIANA,118732720674,"5,050.74",,686070.44
15-04-2025,UPI/DR/774099229415/Ola/ICICI/olamoney@ola/UPI,592948620158,"2,650.76",,683419.68
16-04-2025,UPI/DR/520548599746/Uber/ICICI/uber@paytm/UPI,675027887012,880.25,,682539.43
16-04-2025,UPI/CR/328393221897/Mukesh/BARB/3627896631@okhdfcbank/UPI,008952941966,,"20,700.59",703240.02
16-04-2025,NACH/MANDATE/SIP8070790/Mirae Asset MF,355073948517,"12,500.00",,690740.02
16-04-2025,UPI/DR/963863659777/MakeMyTrip/ICICI/makemytrip@axisbank/UPI,260392603465,299.00,,690441.02
17-04-2025,POS METRO CASH CARRY LUDHIANA,805201374561,"7,950.92",,682490.10
18-04-2025,UPI/DR/076915783847/IRCTC/ICICI/irctc@upi/UPI,762277695043,849.00,,681641.10
18-04-2025,UPI/DR/211408137314/Zomato/ICICI/zomato@axisbank/UPI,090705937369,"1,810.31",,679830.79
19-04-2025,UPI/DR/199877085676/Ola/ICICI/olamoney@ola/UPI,643105408499,"1,190.45",,678640.34
19-04-2025,UPI/DR/487765314752/Jio/PAYTM/jio@paytm/UPI,766894897870,579.00,,678061.34
19-04-2025,UPI/DR/099581480092/Harish/BKID/harish.khanna@ptyes/UPI,349368119573,"1,550.63",,676510.71
19-04-2025,INB NEFT-N8121493962693/Bharti Airtel Ltd/HDFC/CR,464418393387,,"27,000.01",703510.72
20-04-2025,UPI/CR/906490846154/Priya/UTIB/priya985@kotak/UPI,892352771034,,"20,300.68",723811.40
20-04-2025,UPI/DR/264283353086/PhonePe/ICICI/phonepe@ybl/UPI,203004359702,"2,040.15",,721771.25
20-04-2025,POS HP PETROL PUMP LUDHIANA,650613213116,"3,650.17",,718121.08
20-04-2025,UPI/DR/715957265735/Meesho/PAYTM/meesho@ybl/UPI,382223077015,"4,000.78",,714120.30
20-04-2025,INB IMPS/657788913459/Sneha Khanna/BARB,804260911834,"21,800.49",,692319.81
22-04-2025,POS D MART LUDHIANA,896229329366,550.89,,691768.92
23-04-2025,UPI/DR/666071533284/Jio/PAYTM/jio@paytm/UPI,050179321877,209.00,,691559.92
23-04-2025,UPI/DR/186836860977/TSSPDCL/UPIN/tsspdclpayment@upi/UPI,991022230934,"2,250.83",,689309.09
23-04-2025,UPI/DR/642726355909/Indane/ICICI/indanegas@upi/UPI,187572116758,"1,950.29",,687358.80
24-04-2025,UPI/DR/801007442659/BSNL/ICICI/bsnlbroadband@upi/UPI,372506228082,"2,490.79",,684868.01
24-04-2025,UPI/DR/872967927352/Zomato/ICICI/zomato@axisbank/UPI,847585098020,310.06,,684557.95
24-04-2025,"ATM WDL
ATM CASH 63870 ABIDS LUDHIANA",938657876357,"9,500.00",,675057.95
25-04-2025,UPI/DR/508011134633/BigBasket/ICICI/bigbasket@ybl/UPI,934770981394,630.10,,674427.85
26-04-2025,UPI/DR/009823979618/Shreya/BARB/shreyamukh58@paytm/UPI,258146951573,"9,050.84",,665377.01
26-04-2025,UPI/DR/590358975195/BSNL/ICICI/bsnlbroadband@upi/UPI,866125936224,"1,140.81",,664236.20
26-04-2025,UPI/CR/347900359109/Vishal/PUNB/vishaltiwa34@aubank/UPI,154127162044,,"5,150.11",669386.31
27-04-2025,"ATM WDL
ATM CASH 84883 ABIDS LUDHIANA",726982214659,"1,000.00",,668386.31
28-04-2025,UPI/DR/217555668495/Nykaa/PAYTM/nykaa@razorpay/UPI,928089862854,800.47,,667585.84
28-04-2025,UPI/DR/837304386175/Ola/PAYTM/olamoney@ola/UPI,335463914353,590.39,,666995.45
29-04-2025,UPI/DR/287148864111/Paytm/ICICI/paytm@paytm/UPI,246260984012,"2,020.96",,664974.49
29-04-2025,CHG FOR NEFT/IMPS TRANSACTION,755552015804,530.00,,664444.49
29-04-2025,GST ON CHARGES,602241987561,95.40,,664349.09
29-04-2025,UPI/DR/205143610840/Naresh/BDBL/naresh101@upi/UPI,593258616541,"10,950.84",,653398.25
29-04-2025,POS HP PETROL PUMP LUDHIANA,820200394295,"2,500.64",,650897.61
29-04-2025,POS SHOPPERS STOP LUDHIANA,961979077769,"5,000.82",,645896.79
01-05-2025,"ATM WDL
ATM CASH 75569 ABIDS LUDHIANA",443273345486,"4,000.00",,641896.79
01-05-2025,INB NEFT-S9563055550189/HDFC Life Insurance/SALARY CR,786287441726,,"104,853.36",746750.15
01-05-2025,UPI/DR/397777714336/Anita/UTIB/anita.chaudhary@okhdfcbank/UPI,018017836772,"1,950.63",,744799.52
01-05-2025,UPI/CR/889865517158/Isha/BARB/isha457@kotak/UPI,088642990120,,"20,000.18",764799.70
03-05-2025,POS RELIANCE PETROLEUM LUDHIANA,326546409055,"2,150.49",,762649.21
03-05-2025,NACH/MANDATE/RNT2198279/RENT MANDATE,155210844947,"13,500.00",,749149.21
05-05-2025,UPI/DR/279159193680/Amazon/ICICI/amazon@apl/UPI,630754730684,480.82,,748668.39
05-05-2025,POS MORE SUPER MARKET LUDHIANA,624677625174,"7,300.38",,741368.01
05-05-2025,POS RELIANCE MART LUDHIANA,643793743804,400.96,,740967.05
06-05-2025,NACH/MANDATE/LN692301427097/LIC Housing Finance,114942996624,"21,500.00",,719467.05
06-05-2025,POS MAX FASHION LUDHIANA,141579806403,"1,750.31",,717716.74
06-05-2025,UPI/DR/973956015802/Aditya/LICI/licindia@licindia/UPI,038529991658,"8,500.00",,709216.74
07-05-2025,UPI/DR/825485475941/BSNL/ICICI/bsnlbroadband@upi/UPI,489872131294,170.72,,709046.02
07-05-2025,POS HP PETROL PUMP LUDHIANA,583402788061,"3,500.73",,705545.29
08-05-2025,UPI/DR/749000595585/Ola/ICICI/olamoney@ola/UPI,993210758960,"2,090.14",,703455.15
09-05-2025,UPI/DR/313688667773/Nykaa/PAYTM/nykaa@razorpay/UPI,570929443118,500.64,,702954.51
09-05-2025,UPI/DR/763169347498/Seema/FDRL/2806425758@ptsbi/UPI,218600709408,"21,250.43",,681704.08
11-05-2025,UPI/DR/978296651542/Rapido/PAYTM/rapido@icici/UPI,164200905600,680.51,,681023.57
11-05-2025,UPI/DR/957736570982/Uber/PAYTM/uber@paytm/UPI,734521787479,770.70,,680252.87
12-05-2025,UPI/DR/560831464425/Flipkart/ICICI/flipkart@ybl/UPI,345884658538,"1,740.09",,678512.78
13-05-2025,"ATM WDL
ATM CASH 08074 ABIDS LUDHIANA",126509045845,"2,500.00",,676012.78
14-05-2025,UPI/DR/686149648060/Swiggy/ICICI/swiggy@icici/UPI,180379817061,"2,490.69",,673522.09
14-05-2025,UPI/DR/887976384946/Ola/PAYTM/olamoney@ola/UPI,030602864113,270.02,,673252.07
15-05-2025,"ATM WDL
ATM CASH 78407 ABIDS LUDHIANA",354985740060,"9,000.00",,664252.07
15-05-2025,POS VISHAL MEGA MART LUDHIANA,442695521801,"1,500.88",,662751.19
15-05-2025,UPI/CR/867576656728/Mukesh/HDFC/mukesh418@paytm/UPI,988391403093,,"4,450.61",667201.80
16-05-2025,UPI/DR/791739124607/Amazon/ICICI/amazon@apl/UPI,681755752687,"1,930.59",,665271.21
17-05-2025,NACH/MANDATE/SIP1691365/Mirae Asset MF,660037563080,"12,500.00",,652771.21
17-05-2025,UPI/DR/687873847169/Swiggy/ICICI/swiggy@icici/UPI,012239618892,130.38,,652640.83
17-05-2025,UPI/CR/091848978314/Maya/UTIB/maya.pillai@okaxis/UPI,160254693448,,"17,000.64",669641.47
18-05-2025,UPI/DR/052855585804/Jio/PAYTM/jio@paytm/UPI,996608682677,489.00,,669152.47
18-05-2025,INB NEFT-N7111245091522/Vodafone Idea Ltd/KKBK/CR,240294752935,,"31,000.51",700152.98
19-05-2025,UPI/DR/367415181669/Sonia/SBIN/sonia641@oksbi/UPI,860431540247,"11,250.59",,688902.39
19-05-2025,UPI/DR/483476857017/Rapido/PAYTM/rapido@icici/UPI,943215611660,690.39,,688212.00
20-05-2025,"ATM WDL
ATM CASH 34615 ABIDS LUDHIANA",345999532255,"4,000.00",,684212.00
20-05-2025,UPI/DR/316543297271/Uber/ICICI/uber@paytm/UPI,193681841929,390.65,,683821.35
20-05-2025,"ATM WDL
ATM CASH 86320 ABIDS LUDHIANA",464690654944,"9,500.00",,674321.35
21-05-2025,UPI/DR/730921479044/Swiggy/ICICI/swiggy@icici/UPI,783740480957,620.18,,673701.17
21-05-2025,"ATM WDL
ATM CASH 00515 ABIDS LUDHIANA",882588908647,"4,500.00",,669201.17
22-05-2025,UPI/DR/497147231034/TSSPDCL/UPIN/tsspdclpayment@upi/UPI,641023840557,"1,550.04",,667651.13
22-05-2025,UPI/DR/566944149086/MedPlus/ICICI/medplus@icici/UPI,467302225243,"2,200.64",,665450.49
23-05-2025,UPI/DR/013462361848/Jio/ICICI/jio@paytm/UPI,167708662105,"1,580.01",,663870.48
24-05-2025,UPI/DR/753287972213/Blinkit/ICICI/blinkit@kotak/UPI,120537975345,"1,640.07",,662230.41
25-05-2025,UPI/DR/875067864938/Indane/ICICI/indanegas@upi/UPI,806426261974,"1,500.67",,660729.74
26-05-2025,UPI/DR/484173311297/Paytm/ICICI/paytm@paytm/UPI,416130183471,"2,160.98",,658568.76
26-05-2025,UPI/DR/341858502213/Jio/ICICI/jio@paytm/UPI,473503344549,630.59,,657938.17
26-05-2025,UPI/DR/931558753890/Shweta/BDBL/shweta447@okaxis/UPI,229083536419,"4,700.09",,653238.08
26-05-2025,UPI/DR/729337044790/Zepto/ICICI/zepto@apl/UPI,947281815250,250.86,,652987.22
26-05-2025,UPI/DR/884376435889/Rapido/PAYTM/rapido@icici/UPI,179817649036,850.27,,652136.95
26-05-2025,POS INDIAN OIL LUDHIANA,817140377865,"2,600.31",,649536.64
27-05-2025,POS METRO CASH CARRY LUDHIANA,102889466718,400.63,,649136.01
27-05-2025,UPI/DR/218753223721/Uber/ICICI/uber@paytm/UPI,325534591296,820.33,,648315.68
28-05-2025,UPI/CR/265376245805/Ashish/HDFC/ashish.sharma@ptyes/UPI,111748289494,,"20,700.81",669016.49
28-05-2025,POS BIG BAZAAR LUDHIANA,490754905765,"2,200.12",,666816.37
28-05-2025,UPI/DR/547581370336/Zepto/ICICI/zepto@apl/UPI,303379067323,"2,080.15",,664736.22
29-05-2025,UPI/DR/838557454264/Zepto/ICICI/zepto@apl/UPI,504936917588,640.66,,664095.56
29-05-2025,UPI/DR/085957739168/Jio/PAYTM/jio@paytm/UPI,384220990955,509.00,,663586.56
30-05-2025,POS HP PETROL PUMP LUDHIANA,792264264234,"1,600.65",,661985.91
30-05-2025,UPI/CR/485709883082/Maya/HDFC/maya.bose@okaxis/UPI,804527768032,,"21,800.87",683786.78
30-05-2025,UPI/CR/457830956740/Arjun/UCBA/arjun973@kotak/UPI,537952715051,,"20,850.47",704637.25
31-05-2025,UPI/DR/050511209963/Mahesh/BKID/mahesh.reddy@upi/UPI,344127366317,"5,950.63",,698686.62
31-05-2025,UPI/DR/824543866418/Mohit/PUNB/mohit.saxena@ibl/UPI,833453411622,"12,400.32",,686286.30
01-06-2025,UPI/DR/507355377204/Uber/PAYTM/uber@paytm/UPI,303944553057,650.34,,685635.96
01-06-2025,INB NEFT-S8520266176144/HDFC Life Insurance/SALARY CR,870067016220,,"103,302.36",788938.32
02-06-2025,POS RELIANCE PETROLEUM LUDHIANA,835715108516,"3,200.14",,785738.18
02-06-2025,UPI/DR/283913572689/BSNL/RAZORPAY/broadband@paytm/UPI,075425402091,399.00,,785339.18
02-06-2025,UPI/DR/177972506519/Ola/ICICI/olamoney@ola/UPI,419600351980,"2,140.96",,783198.22
03-06-2025,POS MAX FASHION LUDHIANA,938710474073,"1,250.34",,781947.88
03-06-2025,UPI/DR/462223800581/Swiggy/ICICI/swiggy@icici/UPI,100794914014,"1,180.72",,780767.16
03-06-2025,UPI/DR/602358897128/BSNL/ICICI/bsnlbroadband@upi/UPI,884717074473,590.76,,780176.40
04-06-2025,UPI/DR/788340043275/Practo/ICICI/practo@paytm/UPI,264797003613,899.00,,779277.40
04-06-2025,UPI/DR/770997128377/Siddharth/SBIN/8743471222@axl/UPI,117171347952,"14,400.05",,764877.35
04-06-2025,UPI/DR/424217668314/Jio/PAYTM/jio@paytm/UPI,588259743744,769.00,,764108.35
05-06-2025,UPI/DR/884601466588/Rapido/PAYTM/rapido@icici/UPI,738334934179,440.67,,763667.68
05-06-2025,NACH/MANDATE/RNT9784611/RENT MANDATE,168827528121,"13,500.00",,750167.68
06-06-2025,NACH/MANDATE/LN692301427097/LIC Housing Finance,582795169514,"21,500.00",,728667.68
06-06-2025,"ATM WDL
ATM CASH 62498 ABIDS LUDHIANA",647439361977,"5,000.00",,723667.68
06-06-2025,UPI/DR/953998961734/Ola/PAYTM/olamoney@ola/UPI,188922781813,690.39,,722977.29
07-06-2025,UPI/DR/990334720936/Swiggy/ICICI/swiggy@icici/UPI,388554753911,"2,490.66",,720486.63
08-06-2025,UPI/DR/935770362353/Aditya/LICI/licindia@licindia/UPI,799172891075,"8,500.00",,711986.63
08-06-2025,UPI/DR/420742344995/BigBasket/ICICI/bigbasket@ybl/UPI,108416261021,"1,980.88",,710005.75
08-06-2025,UPI/DR/910056649043/Jio/PAYTM/jio@paytm/UPI,641785507831,599.00,,709406.75
10-06-2025,POS BIG BAZAAR LUDHIANA,588208363059,"7,550.59",,701856.16
10-06-2025,UPI/DR/598674699315/Ola/ICICI/olamoney@ola/UPI,553324525188,"1,630.86",,700225.30
10-06-2025,POS PANTALOONS LUDHIANA,655066311959,"7,550.56",,692674.74
10-06-2025,POS BRAND FACTORY LUDHIANA,207252292267,"5,500.68",,687174.06
11-06-2025,UPI/DR/361372662364/Dunzo/ICICI/dunzo@razorpay/UPI,412610274391,"2,410.79",,684763.27
12-06-2025,"ATM WDL
ATM CASH 30611 ABIDS LUDHIANA",534213891508,"6,000.00",,678763.27
13-06-2025,POS BHARAT PETROLEUM LUDHIANA,678643658863,"1,850.12",,676913.15
13-06-2025,UPI/DR/183530816624/Jio/PAYTM/jio@paytm/UPI,195204149919,639.00,,676274.15
14-06-2025,UPI/CR/913392414224/Radha/BKID/radhabose73@ybl/UPI,082788914728,,"10,200.86",686475.01
14-06-2025,UPI/CR/154627966944/Prashant/BDBL/7711247079@okaxis/UPI,282377150600,,"6,300.04",692775.05
14-06-2025,UPI/DR/449816503059/Rapido/PAYTM/rapido@icici/UPI,049439434972,680.91,,692094.14
15-06-2025,NACH/MANDATE/SIP3994140/Mirae Asset MF,264345409656,"12,500.00",,679594.14
15-06-2025,UPI/CR/241152226171/Kamal/FDRL/kamal134@kotak/UPI,691645837703,,"3,700.75",683294.89
17-06-2025,POS MAX FASHION LUDHIANA,669697504934,"5,250.93",,678043.96
17-06-2025,UPI/DR/270894073743/Myntra/PAYTM/myntra@ybl/UPI,732254327771,700.87,,677343.09
17-06-2025,UPI/DR/268451126128/Priya/BARB/3260137826@okaxis/UPI,066560108763,"18,850.45",,658492.64
17-06-2025,UPI/DR/436425422780/TSSPDCL/UPIN/tsspdclpayment@upi/UPI,325559215813,"2,450.03",,656042.61
18-06-2025,UPI/DR/629752467100/Shweta/FDRL/shwetasing34@ptaxis/UPI,284971328363,"7,200.85",,648841.76
18-06-2025,UPI/DR/387417434285/Nykaa/PAYTM/nykaa@razorpay/UPI,784931659930,"2,550.38",,646291.38
20-06-2025,UPI/DR/306173442758/Sunita/KKBK/8912797830@okaxis/UPI,734757245142,"6,800.56",,639490.82
20-06-2025,POS RELIANCE MART LUDHIANA,678060517164,"2,850.19",,636640.63
21-06-2025,UPI/DR/514957505284/Uber/ICICI/uber@paytm/UPI,643429334115,"2,210.36",,634430.27
22-06-2025,UPI/DR/296727889518/Uber/ICICI/uber@paytm/UPI,023948840530,690.57,,633739.70
23-06-2025,UPI/DR/716579827504/Jio/PAYTM/jio@paytm/UPI,309283145382,609.00,,633130.70
24-06-2025,UPI/DR/866030570342/Amazon/ICICI/amazon@apl/UPI,938899329236,"2,710.82",,630419.88
24-06-2025,UPI/DR/399596599241/Ola/PAYTM/olamoney@ola/UPI,738309815933,260.12,,630159.76
24-06-2025,UPI/DR/279661087303/PhonePe/ICICI/phonepe@ybl/UPI,720071352234,500.32,,629659.44
24-06-2025,"ATM WDL
ATM CASH 72845 ABIDS LUDHIANA",192544823621,"7,000.00",,622659.44
25-06-2025,UPI/DR/165690340062/Indane/ICICI/indanegas@upi/UPI,907976288154,"1,650.35",,621009.09
25-06-2025,UPI/DR/402996279293/Arun/FDRL/arunjain32@axl/UPI,895443143299,"6,300.65",,614708.44
26-06-2025,POS LIFESTYLE STORES LUDHIANA,622450883070,"4,200.06",,610508.38
26-06-2025,POS BRAND FACTORY LUDHIANA,157005646400,"5,700.44",,604807.94
26-06-2025,POS INDIAN OIL LUDHIANA,782202784016,"4,300.87",,600507.07
26-06-2025,UPI/DR/231335765497/Varun/UCBA/varun.saxena@ybl/UPI,717990269240,"14,650.13",,585856.94
27-06-2025,UPI/DR/218770342712/Jio/ICICI/jio@paytm/UPI,906662191258,"1,360.37",,584496.57
27-06-2025,UPI/DR/151288529959/Deepak/BARB/9765558251@ptaxis/UPI,756533257165,"17,750.96",,566745.61
27-06-2025,UPI/DR/794962171852/Gopal/BKID/gopal613@pthdfc/UPI,370043775942,"11,800.38",,554945.23
28-06-2025,INTEREST CREDIT,005186301437,,895.93,555841.16
28-06-2025,INB IMPS/391825905970/Pallavi Chopra/BKID,322130826243,"30,800.14",,525041.02
28-06-2025,UPI/CR/509295836143/Anita/BKID/anitakhan73@ptyes/UPI,821963055161,,"16,450.19",541491.21
28-06-2025,UPI/DR/606934650771/Jio/PAYTM/jio@paytm/UPI,878997981598,929.00,,540562.21
28-06-2025,UPI/DR/806214423424/Ritu/UCBA/ritu602@paytm/UPI,679593798193,"21,800.29",,518761.92
01-07-2025,UPI/DR/536364843797/Preeti/BDBL/preetichat45@upi/UPI,223432072462,"21,400.16",,497361.76
02-07-2025,UPI/DR/718059683760/Lata/KKBK/7507580495@axl/UPI,391694105698,"5,500.25",,491861.51
02-07-2025,UPI/CR/727723406000/Vandana/UTIB/vandana.pillai@ybl/UPI,331636900696,,"15,400.13",507261.64
02-07-2025,INB NEFT-S2745688631273/HDFC Life Insurance/SALARY CR,571044729774,,"106,653.36",613915.00
02-07-2025,"ATM WDL
ATM CASH 32286 ABIDS LUDHIANA",382786447505,"8,500.00",,605415.00
03-07-2025,UPI/DR/028280246516/Jio/PAYTM/jio@paytm/UPI,545563580607,709.00,,604706.00
03-07-2025,UPI/DR/996071706832/Flipkart/ICICI/flipkart@ybl/UPI,790997653821,540.19,,604165.81
05-07-2025,NACH/MANDATE/RNT1114047/RENT MANDATE,712196793390,"13,500.00",,590665.81
05-07-2025,NACH/MANDATE/LN692301427097/LIC Housing Finance,950223731269,"21,500.00",,569165.81
06-07-2025,POS RELIANCE MART LUDHIANA,140143221727,"3,600.48",,565565.33
06-07-2025,UPI/CR/842498694185/Anita/FDRL/anita.pillai@oksbi/UPI,608962548495,,"14,200.83",579766.16
07-07-2025,UPI/DR/530163780554/BigBasket/ICICI/bigbasket@ybl/UPI,225931803693,"1,540.10",,578226.06
07-07-2025,UPI/DR/280368817314/BSNL/ICICI/bsnlbroadband@upi/UPI,402013490043,700.16,,577525.90
07-07-2025,UPI/DR/186584139084/Paytm/ICICI/paytm@paytm/UPI,650596414778,500.74,,577025.16
08-07-2025,POS V MART LUDHIANA,851298866855,"3,300.93",,573724.23
08-07-2025,POS RELIANCE MART LUDHIANA,151174441744,"1,250.84",,572473.39
08-07-2025,"ATM WDL
ATM CASH 19003 ABIDS LUDHIANA",376305566349,"7,500.00",,564973.39
09-07-2025,UPI/DR/752207148026/Amazon/ICICI/amazon@apl/UPI,798189820909,"2,760.28",,562213.11
09-07-2025,UPI/DR/848081140678/Jio/PAYTM/jio@paytm/UPI,425444329034,559.00,,561654.11
09-07-2025,UPI/DR/764344740143/Aditya/LICI/licindia@licindia/UPI,346116353507,"8,500.00",,553154.11
09-07-2025,"ATM WDL
ATM CASH 04768 ABIDS LUDHIANA",778040797407,"3,500.00",,549654.11
10-07-2025,UPI/DR/612303468799/PhonePe/ICICI/phonepe@ybl/UPI,191179945476,"1,710.81",,547943.30
10-07-2025,UPI/DR/786213570865/Blinkit/ICICI/blinkit@kotak/UPI,156733436426,550.43,,547392.87
11-07-2025,"ATM WDL
ATM CASH 62624 ABIDS LUDHIANA",394594747111,"6,000.00",,541392.87
11-07-2025,UPI/DR/546735870686/Indane/ICICI/indanegas@upi/UPI,312003957359,"2,250.80",,539142.07
11-07-2025,UPI/DR/142076331265/Zomato/ICICI/zomato@axisbank/UPI,772194938936,140.18,,539001.89
12-07-2025,UPI/DR/275561615712/Swiggy/ICICI/swiggy@icici/UPI,760970722606,"2,700.26",,536301.63
12-07-2025,UPI/CR/689277282166/Mohit/UCBA/mohit.verma@ibl/UPI,221159522327,,"17,900.03",554201.66
12-07-2025,UPI/DR/530416919920/Sarita/SBIN/sarita508@ptyes/UPI,704185058417,"8,800.93",,545400.73
12-07-2025,UPI/DR/642609352632/Pankaj/SBIN/pankaj.iyer@upi/UPI,624444372188,"19,900.05",,525500.68
14-07-2025,UPI/DR/232252554163/Nykaa/PAYTM/nykaa@razorpay/UPI,266341564316,"4,150.53",,521350.15
15-07-2025,POS RELIANCE PETROLEUM LUDHIANA,516400485201,"1,550.85",,519799.30
15-07-2025,UPI/DR/715259473872/BigBasket/ICICI/bigbasket@ybl/UPI,158334125438,"2,290.43",,517508.87
16-07-2025,UPI/DR/307794161001/Rapido/PAYTM/rapido@icici/UPI,479702065984,120.39,,517388.48
16-07-2025,UPI/DR/240582838744/Apollo/ICICI/apollopharmacy@ybl/UPI,341968640335,"1,910.61",,515477.87
16-07-2025,UPI/DR/186220213973/Sneha/BKID/sneha.bose@upi/UPI,179424858413,"6,750.98",,508726.89
17-07-2025,UPI/DR/446121708871/Manoj/UCBA/manojdas76@ibl/UPI,299849030894,"17,700.50",,491026.39
17-07-2025,UPI/CR/174304786754/Harish/FDRL/harish995@ptyes/UPI,204527643104,,"7,200.34",498226.73
17-07-2025,UPI/DR/875382130894/Rapido/PAYTM/rapido@icici/UPI,687522940357,760.45,,497466.28
17-07-2025,NACH/MANDATE/SIP0242162/Mirae Asset MF,608270769661,"12,500.00",,484966.28
18-07-2025,POS SHOPPERS STOP LUDHIANA,005795496938,"3,800.69",,481165.59
19-07-2025,UPI/CR/579256228895/Meena/HDFC/meena382@ptsbi/UPI,323370230326,,"17,900.50",499066.09
19-07-2025,UPI/DR/435060981013/BSNL/RAZORPAY/broadband@paytm/UPI,685737168564,499.00,,498567.09
19-07-2025,UPI/CR/883370727239/Sanjay/BARB/sanjay982@aubank/UPI,000840747070,,"15,750.29",514317.38
19-07-2025,UPI/CR/460413949219/Preeti/UTIB/preetiverm65@pthdfc/UPI,966208114425,,"2,950.47",517267.85
20-07-2025,UPI/DR/781318713789/Harish/FDRL/harish429@apl/UPI,245174919268,"21,400.37",,495867.48
20-07-2025,POS INDIAN OIL LUDHIANA,033188297436,"3,400.56",,492466.92
20-07-2025,UPI/DR/915597037016/TSSPDCL/UPIN/tsspdclpayment@upi/UPI,804256470157,"2,550.17",,489916.75
21-07-2025,UPI/DR/164236111072/Flipkart/ICICI/flipkart@ybl/UPI,746591421258,"2,730.07",,487186.68
23-07-2025,POS METRO CASH CARRY LUDHIANA,595194577111,"3,300.84",,483885.84
23-07-2025,POS PANTALOONS LUDHIANA,927370502803,"6,950.59",,476935.25
24-07-2025,UPI/DR/772609678657/Ola/ICICI/olamoney@ola/UPI,551515185858,920.36,,476014.89
26-07-2025,POS D MART LUDHIANA,149929984594,"4,500.59",,471514.30
26-07-2025,UPI/DR/696867993988/Rapido/PAYTM/rapido@icici/UPI,530244367263,890.82,,470623.48
26-07-2025,UPI/DR/057353335859/Uber/PAYTM/uber@paytm/UPI,544890097905,710.31,,469913.17
27-07-2025,UPI/CR/871249683461/Babita/BDBL/babita.bose@ptyes/UPI,087696171038,,"19,400.63",489313.80
27-07-2025,UPI/DR/187217849911/Paytm/ICICI/paytm@paytm/UPI,748787295301,"1,790.09",,487523.71
28-07-2025,UPI/DR/822394889753/PhonePe/ICICI/phonepe@ybl/UPI,358446513142,"2,320.34",,485203.37
28-07-2025,UPI/DR/301985104004/Swiggy/ICICI/swiggy@icici/UPI,522294179066,"2,400.99",,482802.38
30-07-2025,UPI/DR/933264949820/Swiggy/ICICI/swiggy@icici/UPI,299140463416,"2,470.56",,480331.82
31-07-2025,UPI/DR/492907667693/Amazon/ICICI/amazon@apl/UPI,256346979986,590.92,,479740.90
01-08-2025,INB NEFT-S7484866964197/HDFC Life Insurance/SALARY CR,814530846139,,"102,336.36",582077.26
02-08-2025,UPI/DR/070132015210/Uber/PAYTM/uber@paytm/UPI,588130527288,230.31,,581846.95
02-08-2025,UPI/DR/924988205848/Nykaa/PAYTM/nykaa@razorpay/UPI,491614805116,"4,450.73",,577396.22
02-08-2025,UPI/DR/583472167511/Zomato/ICICI/zomato@axisbank/UPI,123047687967,730.59,,576665.63
03-08-2025,POS CENTRAL MALL LUDHIANA,046922058126,"3,900.94",,572764.69
03-08-2025,POS D MART LUDHIANA,893612216535,"2,250.75",,570513.94
04-08-2025,NACH/MANDATE/RNT9263209/RENT MANDATE,428018953224,"13,500.00",,557013.94
04-08-2025,POS INDIAN OIL LUDHIANA,530944731310,"3,700.45",,553313.49
04-08-2025,UPI/DR/003068078141/Ola/ICICI/olamoney@ola/UPI,597217645474,460.62,,552852.87
04-08-2025,UPI/DR/937738529484/Ola/ICICI/olamoney@ola/UPI,273011489376,"2,360.28",,550492.59
05-08-2025,POS HP PETROL PUMP LUDHIANA,512789484010,"1,950.12",,548542.47
06-08-2025,INB IMPS/830108352129/Archana Singh/HDFC,849446251121,"29,300.92",,519241.55
06-08-2025,UPI/DR/492414284511/Myntra/PAYTM/myntra@ybl/UPI,799828919892,"4,000.86",,515240.69
06-08-2025,UPI/DR/501311008489/Rapido/PAYTM/rapido@icici/UPI,755693693445,630.81,,514609.88
07-08-2025,POS CENTRAL MALL LUDHIANA,862673062640,"5,150.96",,509458.92
07-08-2025,UPI/CR/363467127882/Naveen/PUNB/naveen.mishra@upi/UPI,645964447994,,"16,450.43",525909.35
08-08-2025,NACH/MANDATE/LN692301427097/LIC Housing Finance,217980519984,"21,500.00",,504409.35
08-08-2025,INB IMPS/716682393791/Manish Pillai/UTIB,570706217749,"33,600.14",,470809.21
08-08-2025,UPI/DR/706224775055/Ola/ICICI/olamoney@ola/UPI,111099192810,"1,040.41",,469768.80
08-08-2025,UPI/DR/962623148106/Aditya/LICI/licindia@licindia/UPI,898040660064,"8,500.00",,461268.80
09-08-2025,UPI/DR/218397018457/PhonePe/ICICI/phonepe@ybl/UPI,071008565705,820.31,,460448.49
10-08-2025,UPI/DR/159146660080/PhonePe/ICICI/phonepe@ybl/UPI,457740420440,"1,990.82",,458457.67
11-08-2025,UPI/DR/900792680341/Ola/PAYTM/olamoney@ola/UPI,688052852673,820.82,,457636.85
12-08-2025,UPI/DR/328942265351/Rakesh/PUNB/6648738079@apl/UPI,761653702423,"7,900.16",,449736.69
14-08-2025,UPI/DR/813494970574/Jio/PAYTM/jio@paytm/UPI,923966611216,409.00,,449327.69
14-08-2025,UPI/DR/098006177297/Ola/ICICI/olamoney@ola/UPI,257700913586,"1,060.92",,448266.77
14-08-2025,UPI/DR/858877922012/Poonam/PUNB/4427066362@pthdfc/UPI,677639187623,"4,250.22",,444016.55
14-08-2025,"ATM WDL
ATM CASH 77361 ABIDS LUDHIANA",857966938199,"1,500.00",,442516.55
15-08-2025,UPI/DR/358836878420/BigBasket/ICICI/bigbasket@ybl/UPI,545882364466,"1,840.12",,440676.43
15-08-2025,UPI/DR/721194783656/Naveen/SBIN/naveen357@paytm/UPI,493108261669,"21,950.71",,418725.72
15-08-2025,"ATM WDL
ATM CASH 68004 ABIDS LUDHIANA",709539515685,"2,000.00",,416725.72
15-08-2025,UPI/DR/370807794215/Uber/PAYTM/uber@paytm/UPI,125227777037,640.69,,416085.03
16-08-2025,NACH/MANDATE/SIP3962023/Mirae Asset MF,981559906552,"12,500.00",,403585.03
16-08-2025,POS BIG BAZAAR LUDHIANA,163555446548,"2,100.25",,401484.78
16-08-2025,UPI/CR/858899638964/Kamal/BARB/kamaldesa14@kotak/UPI,883313732842,,"3,950.57",405435.35
17-08-2025,POS MAX FASHION LUDHIANA,804648358279,"1,400.07",,404035.28
17-08-2025,UPI/CR/639819392037/Siddharth/SBIN/siddharthseth45@ybl/UPI,972807709908,,"8,050.97",412086.25
18-08-2025,UPI/DR/268877192745/Meesho/PAYTM/meesho@ybl/UPI,915457617617,"4,600.47",,407485.78
18-08-2025,UPI/DR/053220009418/Sunita/PUNB/sunitamukh74@axl/UPI,250113557848,"9,550.32",,397935.46
20-08-2025,POS INDIAN OIL LUDHIANA,151976115738,"4,000.50",,393934.96
20-08-2025,INB NEFT-N9941526526922/Bajaj Finserv Ltd/BKID/CR,748559495914,,"23,500.32",417435.28
20-08-2025,UPI/DR/847149111512/Indane/ICICI/indanegas@upi/UPI,348652215174,"1,750.20",,415685.08
21-08-2025,UPI/DR/376926666535/Vijay/SBIN/vijay.mishra@okaxis/UPI,971615954666,"2,900.09",,412784.99
21-08-2025,UPI/DR/122696388203/Nykaa/ICICI/nykaa@razorpay/UPI,786262152488,599.00,,412185.99
22-08-2025,"ATM WDL
ATM CASH 58855 ABIDS LUDHIANA",946130445705,"9,000.00",,403185.99
22-08-2025,UPI/DR/695622546635/TSSPDCL/UPIN/tsspdclpayment@upi/UPI,639408273262,"2,900.79",,400285.20
22-08-2025,UPI/DR/665864490934/Jio/ICICI/jio@paytm/UPI,169666168955,300.11,,399985.09
23-08-2025,UPI/DR/677496925465/Jio/PAYTM/jio@paytm/UPI,278084465523,309.00,,399676.09
25-08-2025,UPI/DR/975021614739/Dinesh/SBIN/dinesh.roy@ibl/UPI,517675612369,"14,150.92",,385525.17
25-08-2025,UPI/DR/356228395794/Paytm/ICICI/paytm@paytm/UPI,242379473504,"2,540.82",,382984.35
26-08-2025,POS HP PETROL PUMP LUDHIANA,094092439766,"1,650.20",,381334.15
26-08-2025,UPI/DR/865165910663/Dunzo/ICICI/dunzo@razorpay/UPI,222058637754,"1,800.87",,379533.28
26-08-2025,UPI/DR/284459668502/BSNL/ICICI/bsnlbroadband@upi/UPI,602410463869,"2,120.44",,377412.84
28-08-2025,UPI/DR/463544976649/Saurabh/PUNB/saurabh590@ptyes/UPI,935331994761,"21,400.92",,356011.92
29-08-2025,UPI/DR/839519570238/Mamta/KKBK/0346598285@okaxis/UPI,765151064042,"6,850.15",,349161.77
29-08-2025,UPI/DR/805764206935/Vivek/KKBK/vivek617@apl/UPI,359955001816,"3,050.00",,346111.77
30-08-2025,UPI/DR/233055472608/Renu/PUNB/9568757934@okhdfcbank/UPI,595271608835,"6,550.00",,339561.77
01-09-2025,UPI/CR/777660113926/Mamta/KKBK/6765756079@kotak/UPI,242388021196,,"8,450.53",348012.30
01-09-2025,UPI/CR/108406624868/Sapna/UTIB/7025071892@upi/UPI,315636998173,,"3,250.86",351263.16
02-09-2025,UPI/DR/164784748409/MedPlus/ICICI/medplus@icici/UPI,109469721123,"2,870.50",,348392.66
02-09-2025,UPI/DR/535184406744/Uber/PAYTM/uber@paytm/UPI,636036505251,300.69,,348091.97
02-09-2025,UPI/DR/037330503995/Jio/PAYTM/jio@paytm/UPI,134126835054,929.00,,347162.97
03-09-2025,UPI/CR/252080409833/Ritu/UTIB/ritu.khanna@ibl/UPI,154250878212,,"20,250.97",367413.94
03-09-2025,INB NEFT-S8700015148552/HDFC Life Insurance/SALARY CR,869963263855,,"104,617.36",472031.30
03-09-2025,UPI/DR/586659432498/Amazon/ICICI/amazon@apl/UPI,140244445059,"1,020.13",,471011.17
04-09-2025,UPI/DR/778354285264/Kavya/FDRL/kavya786@okicici/UPI,062846085043,"13,950.59",,457060.58
04-09-2025,UPI/CR/373700610801/Kapil/BKID/kapil.pillai@ybl/UPI,645311987329,,"16,450.25",473510.83
05-09-2025,UPI/DR/327558026785/BSNL/RAZORPAY/broadband@paytm/UPI,271172264096,999.00,,472511.83
05-09-2025,"ATM WDL
ATM CASH 94155 ABIDS LUDHIANA",313106562527,"9,500.00",,463011.83
05-09-2025,UPI/DR/231501804981/Ola/PAYTM/olamoney@ola/UPI,698734197297,640.78,,462371.05
06-09-2025,UPI/DR/365682919492/Ola/ICICI/olamoney@ola/UPI,410076816523,"1,840.68",,460530.37
06-09-2025,POS RELIANCE PETROLEUM LUDHIANA,693154115309,"4,000.05",,456530.32
07-09-2025,NACH/MANDATE/RNT7431721/RENT MANDATE,823159185471,"13,500.00",,443030.32
07-09-2025,POS METRO CASH CARRY LUDHIANA,617394810167,"6,000.99",,437029.33
07-09-2025,UPI/DR/084204024790/Brijesh/UCBA/brijesh.nair@okicici/UPI,074099253974,"5,400.87",,431628.46
07-09-2025,UPI/DR/490186744513/Dunzo/ICICI/dunzo@razorpay/UPI,447795390904,370.86,,431257.60
07-09-2025,POS RELIANCE PETROLEUM LUDHIANA,294591602898,"2,650.12",,428607.48
08-09-2025,UPI/CR/536272233901/Sachin/SBIN/sachinagar77@ibl/UPI,735412436852,,"2,450.30",431057.78
08-09-2025,UPI/DR/087076654816/Paytm/ICICI/paytm@paytm/UPI,992768624489,"2,130.23",,428927.55
08-09-2025,UPI/DR/412017633911/Akash/FDRL/akash914@apl/UPI,803178323363,"21,400.35",,407527.20
08-09-2025,"ATM WDL
ATM CASH 25861 ABIDS LUDHIANA",892310150553,"8,000.00",,399527.20
09-09-2025,UPI/DR/806593337718/TSSPDCL/UPIN/tsspdclpayment@upi/UPI,678422088603,750.89,,398776.31
09-09-2025,UPI/DR/407143418152/Rapido/PAYTM/rapido@icici/UPI,007935614695,270.11,,398506.20
09-09-2025,INB IMPS/268355207044/Shreya Pillai/SBIN,603878348930,"13,500.21",,385005.99
09-09-2025,UPI/DR/217705580968/Amazon/ICICI/amazon@apl/UPI,504695813044,"2,640.18",,382365.81
10-09-2025,UPI/DR/465824977329/PhonePe/ICICI/phonepe@ybl/UPI,008506626698,"1,450.54",,380915.27
10-09-2025,UPI/DR/168998055775/Jio/PAYTM/jio@paytm/UPI,229270535691,639.00,,380276.27
11-09-2025,UPI/DR/614748290786/Indane/ICICI/indanegas@upi/UPI,005533099971,"1,100.61",,379175.66
11-09-2025,NACH/MANDATE/LN692301427097/LIC Housing Finance,243054186516,"21,500.00",,357675.66
11-09-2025,UPI/DR/523520618962/Aditya/LICI/licindia@licindia/UPI,483520214477,"8,500.00",,349175.66
12-09-2025,UPI/DR/610109521349/Isha/FDRL/2731459407@apl/UPI,365057828733,"7,500.83",,341674.83
13-09-2025,NACH/MANDATE/SIP2805971/Mirae Asset MF,794851063828,"12,500.00",,329174.83
13-09-2025,POS BIG BAZAAR LUDHIANA,875734397565,"1,600.94",,327573.89
13-09-2025,UPI/DR/917498213981/Blinkit/ICICI/blinkit@kotak/UPI,833159322125,770.52,,326803.37
13-09-2025,UPI/DR/141578456224/Paytm/ICICI/paytm@paytm/UPI,816718263283,"2,040.74",,324762.63
14-09-2025,UPI/DR/151145076218/Jio/PAYTM/jio@paytm/UPI,458330971553,669.00,,324093.63
15-09-2025,INB NEFT-N2081606153859/Bajaj Finserv Ltd/BARB/CR,901889411125,,"53,000.54",377094.17
15-09-2025,"ATM WDL
ATM CASH 63076 ABIDS LUDHIANA",981339557499,"6,000.00",,371094.17
15-09-2025,UPI/DR/347672846765/Meesho/PAYTM/meesho@ybl/UPI,001775502938,"3,750.34",,367343.83
16-09-2025,"ATM WDL
ATM CASH 76852 ABIDS LUDHIANA",799097849377,"1,000.00",,366343.83
16-09-2025,"ATM WDL
ATM CASH 50332 ABIDS LUDHIANA",409876261681,"7,500.00",,358843.83
16-09-2025,UPI/DR/721569842042/Uber/PAYTM/uber@paytm/UPI,254833039921,200.51,,358643.32
16-09-2025,UPI/CR/881827258577/Shweta/KKBK/shweta293@ibl/UPI,154633983734,,"1,750.80",360394.12
16-09-2025,UPI/CR/964335240702/Sunita/BKID/sunita.dutta@ibl/UPI,901436791665,,"17,000.81",377394.93
17-09-2025,UPI/DR/990184482589/Kavya/HDFC/kavya230@axl/UPI,863099907187,750.90,,376644.03
17-09-2025,UPI/CR/565472238226/Anjali/BARB/anjali154@ptaxis/UPI,613070611224,,"5,900.66",382544.69
18-09-2025,UPI/DR/605937958859/Divya/FDRL/2910377415@ptaxis/UPI,545011688404,"19,400.71",,363143.98
18-09-2025,UPI/DR/046290666417/Uber/PAYTM/uber@paytm/UPI,681317441308,790.83,,362353.15
19-09-2025,UPI/DR/897835034980/Sangita/BDBL/sangita.roy@upi/UPI,381334041594,"13,400.06",,348953.09
19-09-2025,POS BHARAT PETROLEUM LUDHIANA,744928854426,"4,100.73",,344852.36
20-09-2025,UPI/DR/900687872495/Naresh/BDBL/nareshagar49@okhdfcbank/UPI,102027066184,"21,800.08",,323052.28
20-09-2025,POS VISHAL MEGA MART LUDHIANA,778058044884,"3,250.23",,319802.05
21-09-2025,UPI/DR/670827710235/Jio/PAYTM/jio@paytm/UPI,387147271897,419.00,,319383.05
23-09-2025,UPI/DR/144998594085/BSNL/ICICI/bsnlbroadband@upi/UPI,732080356561,"1,840.82",,317542.23
25-09-2025,UPI/DR/453105671680/Blinkit/ICICI/blinkit@kotak/UPI,633065333164,"1,680.88",,315861.35
26-09-2025,POS LIFESTYLE STORES LUDHIANA,931795913755,"6,300.33",,309561.02
26-09-2025,UPI/DR/432645665557/Zomato/ICICI/zomato@axisbank/UPI,982869221527,"2,440.14",,307120.88
26-09-2025,UPI/DR/968892625069/Jio/PAYTM/jio@paytm/UPI,438562694009,779.00,,306341.88
26-09-2025,UPI/DR/211867343599/Varun/BDBL/varun404@okaxis/UPI,233130150438,"3,100.82",,303241.06
27-09-2025,UPI/DR/806760196747/Zepto/ICICI/zepto@apl/UPI,747091719726,"1,730.78",,301510.28
27-09-2025,GST ON CHARGES,368106547762,52.20,,301458.08
27-09-2025,POS INDIAN OIL LUDHIANA,851296355418,"3,100.99",,298357.09
27-09-2025,CHG FOR NEFT/IMPS TRANSACTION,058486473579,290.00,,298067.09
28-09-2025,POS MAX FASHION LUDHIANA,014794577895,"7,600.60",,290466.49
28-09-2025,UPI/DR/497153211050/Rapido/PAYTM/rapido@icici/UPI,854034069241,100.91,,290365.58
28-09-2025,INTEREST CREDIT,969453936537,,"1,165.89",291531.47
28-09-2025,UPI/CR/997797442832/Ajay/BARB/ajayseth31@ybl/UPI,488147828252,,"6,700.19",298231.66
29-09-2025,POS SHOPPERS STOP LUDHIANA,822195998188,"3,700.24",,294531.42
01-10-2025,INB NEFT-S9247170549406/HDFC Life Insurance/SALARY CR,950524793047,,"104,246.36",398777.78
01-10-2025,UPI/CR/823900294265/Rajan/BARB/0986007532@oksbi/UPI,975814878209,,"6,550.88",405328.66
01-10-2025,UPI/CR/514945590530/Sunil/BKID/sunil470@pthdfc/UPI,259438277796,,"6,800.29",412128.95
01-10-2025,UPI/DR/109485000844/Manoj/BDBL/manojmeno54@ptyes/UPI,867990789458,"16,250.34",,395878.61
01-10-2025,UPI/CR/041669235734/Vishal/BARB/8646884351@upi/UPI,602956642255,,"2,250.26",398128.87
03-10-2025,UPI/DR/884246538825/Amazon/ICICI/amazon@apl/UPI,919410656336,"1,890.48",,396238.39
04-10-2025,UPI/DR/556455995778/Jio/PAYTM/jio@paytm/UPI,664362853231,979.00,,395259.39
04-10-2025,UPI/DR/245306546164/Jio/PAYTM/jio@paytm/UPI,078575328304,349.00,,394910.39
04-10-2025,UPI/DR/355800444327/Uber/PAYTM/uber@paytm/UPI,831485671981,130.44,,394779.95
05-10-2025,NACH/MANDATE/RNT8845601/RENT MANDATE,542046726374,"13,500.00",,381279.95
05-10-2025,"ATM WDL
ATM CASH 15504 ABIDS LUDHIANA",439772695534,"10,000.00",,371279.95
06-10-2025,UPI/DR/602109485806/Uber/PAYTM/uber@paytm/UPI,888502361039,870.60,,370409.35
07-10-2025,UPI/DR/272622105645/Paytm/ICICI/paytm@paytm/UPI,313409756232,"2,550.47",,367858.88
07-10-2025,UPI/DR/209531416504/Uber/ICICI/uber@paytm/UPI,246196371931,"1,620.60",,366238.28
07-10-2025,"ATM WDL
ATM CASH 48722 ABIDS LUDHIANA",734842327746,"1,000.00",,365238.28
07-10-2025,POS LIFESTYLE STORES LUDHIANA,855519048789,"7,950.97",,357287.31
08-10-2025,INB IMPS/203470192075/Kunal Thapar/HDFC,239580905249,"24,600.00",,332687.31
08-10-2025,UPI/CR/831142342764/Kiran/FDRL/kiran.yadav@kotak/UPI,271245703952,,"15,000.25",347687.56
08-10-2025,NACH/MANDATE/LN692301427097/LIC Housing Finance,285322902692,"21,500.00",,326187.56
09-10-2025,UPI/DR/808476041968/BSNL/RAZORPAY/broadband@paytm/UPI,220258987539,499.00,,325688.56
09-10-2025,UPI/DR/668311605574/Jio/ICICI/jio@paytm/UPI,341109955899,"1,210.84",,324477.72
09-10-2025,UPI/DR/571676980300/Aditya/LICI/licindia@licindia/UPI,001329611272,"8,500.00",,315977.72
10-10-2025,POS RELIANCE PETROLEUM LUDHIANA,769193265990,"2,150.28",,313827.44
10-10-2025,POS SHELL FUEL STATION LUDHIANA,700865867105,"3,050.58",,310776.86
10-10-2025,POS SHELL FUEL STATION LUDHIANA,508817586830,"3,950.36",,306826.50
12-10-2025,UPI/CR/336627882330/Anil/UTIB/anil461@paytm/UPI,800671320100,,"21,600.84",328427.34
12-10-2025,UPI/DR/680385592345/Flipkart/PAYTM/flipkart@ybl/UPI,594892663285,600.82,,327826.52
12-10-2025,UPI/DR/444395518197/Indane/ICICI/indanegas@upi/UPI,509091135996,"2,600.55",,325225.97
12-10-2025,UPI/CR/517163099986/Girish/PUNB/girish.reddy@axl/UPI,659184468761,,"14,150.48",339376.45
12-10-2025,NACH/MANDATE/SIP7510134/Mirae Asset MF,354418474436,"12,500.00",,326876.45
12-10-2025,UPI/CR/264834308613/Tarun/PUNB/2627201228@aubank/UPI,009406658705,,"10,400.99",337277.44
13-10-2025,UPI/DR/412412365446/Dunzo/ICICI/dunzo@razorpay/UPI,991912245749,"1,280.65",,335996.79
13-10-2025,UPI/CR/948245751262/Usha/BDBL/usha241@axl/UPI,912540429402,,"21,050.00",357046.79
13-10-2025,"ATM WDL
ATM CASH 38007 ABIDS LUDHIANA",399234642407,"7,500.00",,349546.79
14-10-2025,UPI/DR/931576261862/TSSPDCL/UPIN/tsspdclpayment@upi/UPI,733331468294,"2,050.75",,347496.04
15-10-2025,UPI/DR/534735733377/Zomato/ICICI/zomato@axisbank/UPI,896948083208,780.74,,346715.30
15-10-2025,"ATM WDL
ATM CASH 48505 ABIDS LUDHIANA",645414706760,"4,500.00",,342215.30
17-10-2025,UPI/DR/425726011144/Rekha/PUNB/rekha839@ptyes/UPI,989478111074,"3,750.77",,338464.53
18-10-2025,UPI/DR/826165535953/Swiggy/ICICI/swiggy@icici/UPI,225646731475,"1,070.37",,337394.16
19-10-2025,UPI/DR/153853724860/Ola/PAYTM/olamoney@ola/UPI,895386180872,490.55,,336903.61
20-10-2025,POS BHARAT PETROLEUM LUDHIANA,967608117050,"2,000.22",,334903.39
21-10-2025,UPI/DR/552752771088/Jio/PAYTM/jio@paytm/UPI,405043088211,629.00,,334274.39
21-10-2025,UPI/DR/041846219946/Zepto/ICICI/zepto@apl/UPI,294535009100,"1,290.30",,332984.09
22-10-2025,UPI/DR/478473950949/Dunzo/ICICI/dunzo@razorpay/UPI,734171579270,"2,020.22",,330963.87
24-10-2025,POS BIG BAZAAR LUDHIANA,150202375365,"5,450.80",,325513.07
25-10-2025,UPI/DR/396635505048/Vikram/SBIN/vikram.patel@axl/UPI,580232260235,"2,550.57",,322962.50
26-10-2025,"ATM WDL
ATM CASH 58651 ABIDS LUDHIANA",789059845961,"6,000.00",,316962.50
26-10-2025,UPI/DR/968410221111/Jio/PAYTM/jio@paytm/UPI,786585846992,309.00,,316653.50
26-10-2025,UPI/DR/938140317815/Uber/PAYTM/uber@paytm/UPI,736883059591,590.96,,316062.54
26-10-2025,UPI/CR/518982720520/Maya/SBIN/mayajosh62@aubank/UPI,336995517708,,"20,500.93",336563.47
27-10-2025,UPI/DR/154929812046/Apollo/ICICI/apollopharmacy@ybl/UPI,506015608353,"1,450.18",,335113.29
28-10-2025,UPI/DR/133895134584/Radha/KKBK/radha338@ptyes/UPI,099850299441,"6,300.33",,328812.96
28-10-2025,GST ON CHARGES,288484827546,86.40,,328726.56
28-10-2025,CHG FOR NEFT/IMPS TRANSACTION,093360906015,480.00,,328246.56
28-10-2025,UPI/DR/559503582619/Swiggy/ICICI/swiggy@icici/UPI,515892456454,"1,140.80",,327105.76
29-10-2025,UPI/CR/570317766788/Sumit/KKBK/sumitnair58@apl/UPI,901236057338,,"16,450.39",343556.15
29-10-2025,UPI/DR/241629541435/Santosh/BDBL/santosh.banerjee@upi/UPI,526561428211,"20,900.55",,322655.60
29-10-2025,UPI/DR/325451396104/Jio/ICICI/jio@paytm/UPI,862413455968,"2,030.70",,320624.90
31-10-2025,"ATM WDL
ATM CASH 91171 ABIDS LUDHIANA",481131913982,"1,000.00",,319624.90
31-10-2025,POS CENTRAL MALL LUDHIANA,915031889531,"6,250.06",,313374.84
31-10-2025,UPI/DR/377346368691/Paytm/ICICI/paytm@paytm/UPI,914630285002,"1,580.16",,311794.68
01-11-2025,UPI/DR/678516229408/Swiggy/ICICI/swiggy@icici/UPI,802857289615,"1,060.78",,310733.90
02-11-2025,INB NEFT-S8192723156659/HDFC Life Insurance/SALARY CR,142519615476,,"102,559.36",413293.26
03-11-2025,UPI/DR/032328161674/Myntra/PAYTM/myntra@ybl/UPI,855407603748,"4,150.11",,409143.15
04-11-2025,UPI/DR/123900138856/BSNL/RAZORPAY/broadband@paytm/UPI,032879534136,"1,249.00",,407894.15
04-11-2025,UPI/DR/158516159154/IRCTC/ICICI/irctc@upi/UPI,981286050605,699.00,,407195.15
04-11-2025,POS INDIAN OIL LUDHIANA,893300825155,"1,050.90",,406144.25
05-11-2025,UPI/DR/571679184608/Uber/ICICI/uber@paytm/UPI,130635782814,"2,440.52",,403703.73
05-11-2025,NACH/MANDATE/RNT0196197/RENT MANDATE,495258663432,"13,500.00",,390203.73
05-11-2025,UPI/CR/122968648712/Sanjay/HDFC/sanjaypill10@okaxis/UPI,395661000310,,"20,150.55",410354.28
06-11-2025,UPI/DR/281013182789/Varun/HDFC/varun649@axl/UPI,536136892421,"7,550.36",,402803.92
06-11-2025,UPI/CR/709010671982/Sumit/HDFC/sumit616@ibl/UPI,144250344961,,"20,900.27",423704.19
06-11-2025,NACH/MANDATE/LN692301427097/LIC Housing Finance,478329164479,"21,500.00",,402204.19
07-11-2025,POS METRO CASH CARRY LUDHIANA,080573996866,"7,000.44",,395203.75
07-11-2025,UPI/DR/441607277025/Meesho/PAYTM/meesho@ybl/UPI,436111946054,"3,600.33",,391603.42
07-11-2025,UPI/DR/155740989969/Jio/PAYTM/jio@paytm/UPI,119044253650,259.00,,391344.42
08-11-2025,UPI/DR/825608703732/Ola/PAYTM/olamoney@ola/UPI,201305679194,360.32,,390984.10
08-11-2025,UPI/DR/906472206361/Flipkart/ICICI/flipkart@ybl/UPI,260039503352,500.90,,390483.20
08-11-2025,UPI/DR/763266269015/Aditya/LICI/licindia@licindia/UPI,199795132393,"8,500.00",,381983.20
08-11-2025,UPI/DR/799522970261/Swiggy/ICICI/swiggy@icici/UPI,781090636119,"1,570.02",,380413.18
09-11-2025,UPI/DR/125804280086/Rapido/PAYTM/rapido@icici/UPI,842280127918,260.01,,380153.17
09-11-2025,UPI/DR/981217317064/Ola/PAYTM/olamoney@ola/UPI,344047972555,550.17,,379603.00
10-11-2025,UPI/DR/921842425652/Uber/PAYTM/uber@paytm/UPI,449511780505,260.81,,379342.19
11-11-2025,UPI/DR/545906798884/Zepto/ICICI/zepto@apl/UPI,183478209970,960.23,,378381.96
11-11-2025,UPI/DR/736771582778/TSSPDCL/UPIN/tsspdclpayment@upi/UPI,866362709936,"1,950.93",,376431.03
12-11-2025,UPI/DR/887877674198/Sunita/KKBK/2606461384@paytm/UPI,913397082054,"2,150.51",,374280.52
12-11-2025,UPI/DR/714187500403/Amazon/ICICI/amazon@apl/UPI,981325915003,"2,400.35",,371880.17
13-11-2025,UPI/DR/285332793378/Anjali/HDFC/anjali.chopra@apl/UPI,946856914882,"20,200.75",,351679.42
13-11-2025,UPI/DR/286197160071/Rapido/PAYTM/rapido@icici/UPI,884089121643,900.58,,350778.84
13-11-2025,UPI/DR/995581928106/Indane/ICICI/indanegas@upi/UPI,272600381084,"1,400.87",,349377.97
13-11-2025,POS CENTRAL MALL LUDHIANA,512729422581,"5,500.94",,343877.03
13-11-2025,NACH/MANDATE/SIP0523934/Mirae Asset MF,568193537530,"12,500.00",,331377.03
14-11-2025,UPI/CR/789700055543/Ritu/UCBA/ritu134@ptaxis/UPI,566640931876,,"9,350.30",340727.33
15-11-2025,UPI/CR/901189761441/Shreya/PUNB/6401325500@oksbi/UPI,943426896978,,"9,750.95",350478.28
15-11-2025,"ATM WDL
ATM CASH 04321 ABIDS LUDHIANA",366599849212,"10,000.00",,340478.28
15-11-2025,POS RELIANCE PETROLEUM LUDHIANA,854778108857,"4,250.78",,336227.50
18-11-2025,UPI/CR/644182897972/Vikas/UCBA/vikas.jain@okaxis/UPI,829364065988,,"10,950.02",347177.52
19-11-2025,UPI/DR/857626219674/Zepto/ICICI/zepto@apl/UPI,824417812638,"1,740.49",,345437.03
20-11-2025,UPI/DR/885857584043/Kavya/FDRL/kavyakapo99@axl/UPI,383254011146,"9,300.64",,336136.39
21-11-2025,UPI/DR/974874034458/Jio/ICICI/jio@paytm/UPI,429769323498,"1,350.83",,334785.56
21-11-2025,UPI/CR/238240086292/Meena/BDBL/meenayada93@ptsbi/UPI,873231893326,,"11,500.81",346286.37
22-11-2025,UPI/CR/109211155006/Krishna/HDFC/krishna159@okicici/UPI,456805053827,,"10,300.84",356587.21
22-11-2025,UPI/DR/661431839717/Swiggy/ICICI/swiggy@icici/UPI,893403052680,"2,060.03",,354527.18
22-11-2025,POS BIG BAZAAR LUDHIANA,328446323811,"5,700.00",,348827.18
23-11-2025,"ATM WDL
ATM CASH 68156 ABIDS LUDHIANA",918489422892,"7,500.00",,341327.18
23-11-2025,UPI/DR/145612508381/Rapido/PAYTM/rapido@icici/UPI,423764554378,290.68,,341036.50
24-11-2025,UPI/CR/811666701044/Sanjay/FDRL/sanjay.kumar@okicici/UPI,400128621344,,"21,450.75",362487.25
24-11-2025,UPI/DR/650295324557/Rohit/UTIB/6773678827@aubank/UPI,432748654028,"7,300.34",,355186.91
24-11-2025,UPI/DR/772037374325/Jio/ICICI/jio@paytm/UPI,310612892508,"1,110.67",,354076.24
25-11-2025,UPI/CR/775026660618/Sapna/KKBK/sapna.roy@okhdfcbank/UPI,285006065364,,"9,700.50",363776.74
27-11-2025,UPI/DR/874149432343/Shivam/BDBL/shivam755@kotak/UPI,756843660462,"1,550.61",,362226.13
27-11-2025,UPI/DR/972135313526/Jio/PAYTM/jio@paytm/UPI,282021920821,549.00,,361677.13
27-11-2025,UPI/DR/779733847629/Ola/ICICI/olamoney@ola/UPI,831443975044,"1,350.75",,360326.38
28-11-2025,UPI/DR/127787700692/Zomato/ICICI/zomato@axisbank/UPI,450374629410,530.05,,359796.33
28-11-2025,UPI/DR/537182812710/Nykaa/PAYTM/nykaa@razorpay/UPI,726459944515,850.95,,358945.38
28-11-2025,"ATM WDL
ATM CASH 71579 ABIDS LUDHIANA",970109129082,"3,500.00",,355445.38
01-12-2025,UPI/CR/773019661388/Deepa/KKBK/7301411775@axl/UPI,960289970450,,"4,850.41",360295.79
01-12-2025,UPI/DR/328008640815/Zomato/ICICI/zomato@axisbank/UPI,904165678333,"1,360.16",,358935.63
01-12-2025,UPI/DR/149580651599/Blinkit/ICICI/blinkit@kotak/UPI,940285956584,830.71,,358104.92
01-12-2025,POS SHELL FUEL STATION LUDHIANA,631217164652,"4,450.72",,353654.20
01-12-2025,UPI/DR/682310505255/MedPlus/ICICI/medplus@icici/UPI,868366584128,"1,050.46",,352603.74
01-12-2025,UPI/DR/138253272368/Ola/PAYTM/olamoney@ola/UPI,417198717672,800.27,,351803.47
01-12-2025,INB NEFT-S1673901258624/HDFC Life Insurance/SALARY CR,684588281030,,"105,060.36",456863.83
02-12-2025,NACH/MANDATE/RNT5795760/RENT MANDATE,123255565999,"13,500.00",,443363.83
02-12-2025,POS V MART LUDHIANA,656246242081,"4,500.70",,438863.13
03-12-2025,POS RELIANCE PETROLEUM LUDHIANA,075407331130,"2,100.03",,436763.10
03-12-2025,"ATM WDL
ATM CASH 20027 ABIDS LUDHIANA",134985055958,"5,000.00",,431763.10
03-12-2025,UPI/CR/791365085460/Kavita/PUNB/kavitanamb60@axl/UPI,517166911182,,"17,800.05",449563.15
04-12-2025,NACH/MANDATE/LN692301427097/LIC Housing Finance,601454181366,"21,500.00",,428063.15
04-12-2025,UPI/CR/685119219156/Sneha/SBIN/snehatiwa58@kotak/UPI,302636795205,,"20,600.20",448663.35
05-12-2025,POS BRAND FACTORY LUDHIANA,278475914995,"6,350.69",,442312.66
05-12-2025,UPI/DR/114541665327/Uber/ICICI/uber@paytm/UPI,529343490756,"1,390.17",,440922.49
07-12-2025,"ATM WDL
ATM CASH 63104 ABIDS LUDHIANA",131823945267,"7,500.00",,433422.49
08-12-2025,UPI/DR/398614712547/Meesho/PAYTM/meesho@ybl/UPI,501510327782,"4,500.37",,428922.12
08-12-2025,UPI/DR/565805968095/Myntra/ICICI/myntra@ybl/UPI,490007039689,849.00,,428073.12
09-12-2025,UPI/DR/263045503695/Dunzo/ICICI/dunzo@razorpay/UPI,875751728274,120.02,,427953.10
09-12-2025,UPI/DR/676714820251/Jio/PAYTM/jio@paytm/UPI,010839479950,949.00,,427004.10
10-12-2025,UPI/DR/396817541433/Jio/PAYTM/jio@paytm/UPI,365658228340,209.00,,426795.10
11-12-2025,UPI/DR/474163881619/Swiggy/ICICI/swiggy@icici/UPI,617670795736,"1,430.16",,425364.94
11-12-2025,UPI/DR/063201697048/Aditya/LICI/licindia@licindia/UPI,399522181044,"8,500.00",,416864.94
13-12-2025,UPI/DR/458725601500/Zomato/ICICI/zomato@axisbank/UPI,170712510917,"1,520.15",,415344.79
13-12-2025,UPI/CR/746827740613/Jyoti/PUNB/jyotipill34@okaxis/UPI,077775167557,,"14,950.30",430295.09
14-12-2025,UPI/DR/052472643530/Ola/PAYTM/olamoney@ola/UPI,662504794849,820.95,,429474.14
14-12-2025,NACH/MANDATE/SIP1240622/Mirae Asset MF,216328150424,"12,500.00",,416974.14
15-12-2025,UPI/DR/395155541663/Shreya/FDRL/shreya801@kotak/UPI,734975864035,"18,800.68",,398173.46
16-12-2025,UPI/DR/121485270751/TSSPDCL/UPIN/tsspdclpayment@upi/UPI,682605825789,"1,300.09",,396873.37
16-12-2025,UPI/DR/740503000083/Saurabh/BKID/saurabh.reddy@pthdfc/UPI,356733274076,"14,250.62",,382622.75
17-12-2025,UPI/DR/168084945849/Anjali/BKID/anjalisriv93@oksbi/UPI,986740546282,"18,500.60",,364122.15
18-12-2025,UPI/DR/774701785886/Archana/FDRL/archana.banerjee@paytm/UPI,609999310997,"17,000.54",,347121.61
18-12-2025,UPI/DR/825444240471/Jio/PAYTM/jio@paytm/UPI,468313046789,779.00,,346342.61
18-12-2025,UPI/CR/580902859289/Babita/SBIN/babitanaik51@ptsbi/UPI,574956341044,,"17,950.62",364293.23
18-12-2025,UPI/CR/283966995697/Rekha/UCBA/0872705458@kotak/UPI,283067883544,,"14,500.51",378793.74
18-12-2025,UPI/DR/811703635402/Rapido/PAYTM/rapido@icici/UPI,795545535081,450.11,,378343.63
18-12-2025,POS SHELL FUEL STATION LUDHIANA,243059455033,"2,150.17",,376193.46
20-12-2025,UPI/DR/681567601907/Indane/ICICI/indanegas@upi/UPI,029712248080,"1,750.99",,374442.47
21-12-2025,UPI/DR/061452671397/BSNL/ICICI/bsnlbroadband@upi/UPI,525066875633,"2,780.55",,371661.92
21-12-2025,UPI/CR/565245203885/Girish/BARB/2466036635@pthdfc/UPI,467896859114,,"14,700.70",386362.62
21-12-2025,"ATM WDL
ATM CASH 98177 ABIDS LUDHIANA",008229569793,"4,000.00",,382362.62
22-12-2025,UPI/DR/055648562468/BSNL/RAZORPAY/broadband@paytm/UPI,558544389413,"1,199.00",,381163.62
22-12-2025,UPI/DR/953763693901/Jio/PAYTM/jio@paytm/UPI,013244617127,189.00,,380974.62
23-12-2025,UPI/DR/444013149546/Dunzo/ICICI/dunzo@razorpay/UPI,118677282214,"1,240.24",,379734.38
23-12-2025,UPI/DR/186053622093/Ola/ICICI/olamoney@ola/UPI,834004271010,"2,390.15",,377344.23
23-12-2025,UPI/DR/379038215781/Amazon/ICICI/amazon@apl/UPI,443575684309,"2,320.89",,375023.34
23-12-2025,"ATM WDL
ATM CASH 16939 ABIDS LUDHIANA",583873995347,"4,000.00",,371023.34
23-12-2025,POS MORE SUPER MARKET LUDHIANA,597803950893,"7,950.43",,363072.91
23-12-2025,UPI/DR/875363842712/Ola/PAYTM/olamoney@ola/UPI,855766293059,710.33,,362362.58
24-12-2025,POS MORE SUPER MARKET LUDHIANA,065137839869,600.04,,361762.54
25-12-2025,UPI/CR/417954836021/Sapna/BARB/5676462531@apl/UPI,883356133932,,"20,750.02",382512.56
25-12-2025,UPI/DR/912884225417/Shweta/KKBK/shweta532@apl/UPI,516287426152,"14,350.62",,368161.94
25-12-2025,POS STAR BAZAAR LUDHIANA,290643682240,"6,050.89",,362111.05
26-12-2025,UPI/CR/894448308173/Anil/PUNB/0474500906@kotak/UPI,753822709763,,"10,200.69",372311.74
27-12-2025,POS RELIANCE PETROLEUM LUDHIANA,606987101558,"1,900.26",,370411.48
27-12-2025,UPI/DR/265297868518/Jio/PAYTM/jio@paytm/UPI,222671100663,579.00,,369832.48
28-12-2025,UPI/CR/260958033900/Nisha/UTIB/nisha.kumar@ybl/UPI,008342934801,,"18,650.20",388482.68
28-12-2025,INTEREST CREDIT,866145418818,,505.04,388987.72
29-12-2025,UPI/DR/182011747639/Swiggy/ICICI/swiggy@icici/UPI,299762373733,"2,320.59",,386667.13
29-12-2025,UPI/DR/402891485017/Ankit/UCBA/ankit486@okicici/UPI,863729660755,"18,650.47",,368016.66
29-12-2025,UPI/DR/444702897756/Paytm/ICICI/paytm@paytm/UPI,922986468952,"1,760.46",,366256.20
29-12-2025,POS METRO CASH CARRY LUDHIANA,758674187769,300.48,,365955.72
29-12-2025,UPI/DR/682675182498/Sunil/UTIB/sunilsriv70@kotak/UPI,886091972785,"11,550.32",,354405.40
31-12-2025,UPI/DR/326219732892/Kunal/FDRL/4804820735@ibl/UPI,604477274115,"12,450.79",,341954.61
01-01-2026,INB NEFT-S7518875783349/HDFC Life Insurance/SALARY CR,640372843199,,"103,657.36",445611.97
01-01-2026,UPI/DR/709872796776/Preeti/BDBL/preeti.khanna@ybl/UPI,120745742894,100.51,,445511.46
01-01-2026,UPI/DR/748035139631/Ola/PAYTM/olamoney@ola/UPI,557181550038,780.82,,444730.64
02-01-2026,UPI/DR/632677694123/Ola/ICICI/olamoney@ola/UPI,355833178533,"2,030.22",,442700.42
03-01-2026,UPI/CR/832415529066/Lata/UCBA/lataghos58@oksbi/UPI,336735757434,,"5,450.06",448150.48
04-01-2026,NACH/MANDATE/RNT3959916/RENT MANDATE,410999764010,"13,500.00",,434650.48
05-01-2026,UPI/CR/879553064524/Naresh/BARB/nareshahuj70@oksbi/UPI,371540112645,,"17,950.37",452600.85
05-01-2026,NACH/MANDATE/LN692301427097/LIC Housing Finance,942767852287,"21,500.00",,431100.85
06-01-2026,UPI/DR/828947953818/Aditya/LICI/licindia@licindia/UPI,277245087517,"8,500.00",,422600.85
06-01-2026,UPI/DR/813147330579/Jio/PAYTM/jio@paytm/UPI,330005607427,189.00,,422411.85
08-01-2026,UPI/DR/660731122486/Zepto/ICICI/zepto@apl/UPI,471442980947,"1,380.54",,421031.31
08-01-2026,UPI/CR/374821095608/Vandana/FDRL/vandana.naik@okicici/UPI,509843117093,,"2,700.20",423731.51
10-01-2026,UPI/DR/559521539779/Myntra/ICICI/myntra@ybl/UPI,857923471269,699.00,,423032.51
10-01-2026,UPI/DR/353886196675/TSSPDCL/UPIN/tsspdclpayment@upi/UPI,834715280367,"2,150.09",,420882.42
11-01-2026,UPI/DR/881019764099/Zepto/ICICI/zepto@apl/UPI,408085675583,"1,720.37",,419162.05
12-01-2026,UPI/DR/702667262039/Girish/BKID/girish235@ybl/UPI,471707029948,"21,400.77",,397761.28
14-01-2026,"ATM WDL
ATM CASH 76168 ABIDS LUDHIANA",948992357997,"8,500.00",,389261.28
14-01-2026,UPI/DR/542301591445/Nykaa/ICICI/nykaa@razorpay/UPI,707497856563,599.00,,388662.28
14-01-2026,UPI/CR/547500929904/Rajesh/BARB/rajesh140@paytm/UPI,314204554672,,"10,400.24",399062.52
15-01-2026,NACH/MANDATE/SIP0813511/Mirae Asset MF,862965011030,"12,500.00",,386562.52
15-01-2026,POS PANTALOONS LUDHIANA,908445199928,"4,650.83",,381911.69
15-01-2026,UPI/DR/250803787326/Rapido/PAYTM/rapido@icici/UPI,706163987791,540.30,,381371.39
15-01-2026,POS RELIANCE MART LUDHIANA,011664320677,"6,100.08",,375271.31
16-01-2026,POS INDIAN OIL LUDHIANA,062011857864,"3,650.25",,371621.06
16-01-2026,INB NEFT-N8936100872644/Hexaware Technologie/FDRL/CR,931756054786,,"12,000.88",383621.94
17-01-2026,"ATM WDL
ATM CASH 50756 ABIDS LUDHIANA",611268278801,"3,000.00",,380621.94
17-01-2026,UPI/DR/343229947434/Jio/PAYTM/jio@paytm/UPI,468608642264,599.00,,380022.94
19-01-2026,UPI/DR/945690078247/Radha/KKBK/radha.rao@paytm/UPI,623279207843,"1,800.15",,378222.79
19-01-2026,UPI/CR/973520243128/Sanjay/BKID/sanjay550@ptsbi/UPI,626043006643,,"17,900.36",396123.15
19-01-2026,UPI/CR/241077219515/Shivam/HDFC/shivamkulk26@okicici/UPI,911169379730,,"14,900.07",411023.22
20-01-2026,UPI/CR/454623165680/Harish/PUNB/5963194344@upi/UPI,689908822428,,"13,200.38",424223.60
20-01-2026,POS RELIANCE MART LUDHIANA,105480789383,800.73,,423422.87
21-01-2026,UPI/DR/371179268849/Zepto/ICICI/zepto@apl/UPI,290621125040,"1,640.19",,421782.68
21-01-2026,UPI/DR/907281434871/PhonePe/ICICI/phonepe@ybl/UPI,265796827017,"1,360.48",,420422.20
22-01-2026,UPI/CR/171721468764/Swati/FDRL/swati520@okicici/UPI,645565547008,,"10,450.24",430872.44
22-01-2026,INB IMPS/205716347468/Naresh Roy/SBIN,571744651993,"29,600.52",,401271.92
22-01-2026,UPI/CR/742404029624/Yogesh/KKBK/yogeshahuj14@okaxis/UPI,382738788859,,"2,950.63",404222.55
23-01-2026,UPI/DR/572767481600/Rapido/PAYTM/rapido@icici/UPI,588948475626,770.81,,403451.74
24-01-2026,UPI/CR/868501183624/Rahul/PUNB/3838344800@ibl/UPI,906116901838,,"17,000.08",420451.82
24-01-2026,UPI/DR/409265184369/Myntra/PAYTM/myntra@ybl/UPI,053975527323,"4,950.29",,415501.53
24-01-2026,UPI/DR/438036688160/Paytm/ICICI/paytm@paytm/UPI,248564143694,920.77,,414580.76
24-01-2026,POS BRAND FACTORY LUDHIANA,163039066729,"4,650.89",,409929.87
24-01-2026,UPI/DR/594323269102/Rapido/PAYTM/rapido@icici/UPI,064426025738,310.97,,409618.90
25-01-2026,UPI/CR/185917173949/Vivek/HDFC/vivekshuk75@upi/UPI,355812402000,,"6,400.90",416019.80
26-01-2026,UPI/DR/820773381467/Zomato/ICICI/zomato@axisbank/UPI,775115948080,680.88,,415338.92
26-01-2026,UPI/DR/333299088962/Indane/ICICI/indanegas@upi/UPI,449362948135,"2,300.87",,413038.05
26-01-2026,UPI/DR/702828817091/Dunzo/ICICI/dunzo@razorpay/UPI,346862783046,"1,200.44",,411837.61
26-01-2026,UPI/DR/029710686668/Kunal/BKID/kunal.malhotra@ptsbi/UPI,298130828808,"7,950.50",,403887.11
27-01-2026,POS D MART LUDHIANA,382848842715,"5,050.26",,398836.85
27-01-2026,UPI/DR/954159546931/Dunzo/ICICI/dunzo@razorpay/UPI,348348071611,"2,370.10",,396466.75
28-01-2026,GST ON CHARGES,470346369283,100.80,,396365.95
28-01-2026,UPI/DR/644624338792/Kavya/FDRL/2573868005@ptyes/UPI,853971605205,"19,700.62",,376665.33
28-01-2026,CHG FOR NEFT/IMPS TRANSACTION,773520348715,560.00,,376105.33
28-01-2026,"ATM WDL
ATM CASH 53473 ABIDS LUDHIANA",682032062960,"2,500.00",,373605.33
29-01-2026,UPI/DR/522506003333/Uber/ICICI/uber@paytm/UPI,745854462574,"1,690.90",,371914.43
29-01-2026,UPI/DR/264778150179/Amazon/PAYTM/amazon@apl/UPI,224394542575,"5,750.85",,366163.58
30-01-2026,POS BHARAT PETROLEUM LUDHIANA,131679710321,"2,300.16",,363863.42
30-01-2026,UPI/DR/114618826993/Rohit/BARB/rohitgupt73@paytm/UPI,068654507767,"20,800.86",,343062.56
31-01-2026,UPI/DR/306662216138/Arun/SBIN/1699482581@ptaxis/UPI,990052900666,"8,400.81",,334661.75
31-01-2026,UPI/DR/563784275935/Mohit/SBIN/mohitnair72@axl/UPI,100080955960,"20,150.27",,314511.48
01-02-2026,INB IMPS/563099097801/Sunil Patil/BDBL,810421351287,"24,200.04",,290311.44
01-02-2026,INB NEFT-S3724342059860/HDFC Life Insurance/SALARY CR,568082327266,,"103,474.36",393785.80
01-02-2026,INB IMPS/844863378345/Naveen Verma/HDFC,717109031001,"40,100.44",,353685.36
03-02-2026,NACH/MANDATE/RNT8519197/RENT MANDATE,158080654898,"13,500.00",,340185.36
03-02-2026,POS HP PETROL PUMP LUDHIANA,847452942382,"1,150.06",,339035.30
03-02-2026,UPI/DR/040682132978/Uber/PAYTM/uber@paytm/UPI,565263541004,460.64,,338574.66
03-02-2026,UPI/CR/504211485132/Vandana/KKBK/5517544597@upi/UPI,188280075541,,"16,200.52",354775.18
04-02-2026,UPI/DR/022653653455/Rapido/PAYTM/rapido@icici/UPI,351927419507,270.99,,354504.19
04-02-2026,UPI/CR/057372605857/Sumit/BKID/sumitnair52@pthdfc/UPI,546790482982,,"3,250.39",357754.58
04-02-2026,UPI/DR/320861982913/Aditya/LICI/licindia@licindia/UPI,709238838451,"8,500.00",,349254.58
04-02-2026,UPI/DR/663725287877/Zepto/ICICI/zepto@apl/UPI,271373759191,"1,650.47",,347604.11
05-02-2026,UPI/DR/612597286299/Renu/HDFC/renunair84@ptaxis/UPI,279338474374,"5,200.96",,342403.15
05-02-2026,NACH/MANDATE/LN692301427097/LIC Housing Finance,300037238246,"21,500.00",,320903.15
05-02-2026,UPI/CR/530081488000/Anita/SBIN/1278147517@upi/UPI,495671271346,,"19,300.32",340203.47
07-02-2026,UPI/CR/312539062870/Preeti/BARB/8765002929@paytm/UPI,026372256114,,"12,000.75",352204.22
07-02-2026,UPI/DR/366130364041/Mohan/UTIB/0956272044@axl/UPI,196475844101,"12,500.31",,339703.91
07-02-2026,UPI/DR/131815006930/Flipkart/ICICI/flipkart@ybl/UPI,166783450817,"2,610.62",,337093.29
08-02-2026,UPI/DR/402016977269/Myntra/PAYTM/myntra@ybl/UPI,328686396973,"1,650.58",,335442.71
08-02-2026,POS INDIAN OIL LUDHIANA,456112634934,"2,100.54",,333342.17
09-02-2026,UPI/DR/746342280637/Jio/PAYTM/jio@paytm/UPI,992726868406,859.00,,332483.17
09-02-2026,UPI/CR/025822033374/Kiran/SBIN/kiranyada36@axl/UPI,556829189174,,"12,650.86",345134.03
09-02-2026,UPI/DR/543448557220/Uber/PAYTM/uber@paytm/UPI,652176824813,240.67,,344893.36
10-02-2026,"ATM WDL
ATM CASH 42413 ABIDS LUDHIANA",701751198258,"8,500.00",,336393.36
10-02-2026,UPI/DR/491955432905/BSNL/ICICI/bsnlbroadband@upi/UPI,395902091278,"2,440.71",,333952.65
10-02-2026,UPI/DR/255963638009/Ola/ICICI/olamoney@ola/UPI,932964196280,"2,170.36",,331782.29
10-02-2026,UPI/DR/824894657504/Flipkart/ICICI/flipkart@ybl/UPI,666327482056,"2,330.53",,329451.76
11-02-2026,POS BIG BAZAAR LUDHIANA,737826730052,"6,850.03",,322601.73
11-02-2026,UPI/DR/507095740264/Nykaa/ICICI/nykaa@razorpay/UPI,569639329951,249.00,,322352.73
12-02-2026,UPI/DR/098623984942/Jio/PAYTM/jio@paytm/UPI,681318059447,349.00,,322003.73
12-02-2026,UPI/CR/205103952114/Kavya/HDFC/1158459787@okhdfcbank/UPI,025224095472,,150.29,322154.02
12-02-2026,UPI/DR/942582994066/Vikas/UCBA/vikaskulk77@axl/UPI,709601645722,"3,250.13",,318903.89
13-02-2026,UPI/DR/581176432655/Jio/ICICI/jio@paytm/UPI,414212271279,"2,200.26",,316703.63
13-02-2026,UPI/DR/063899711714/Kavya/BDBL/0921925897@okicici/UPI,971620503377,"6,100.16",,310603.47
13-02-2026,UPI/DR/242151151566/TSSPDCL/UPIN/tsspdclpayment@upi/UPI,532434477879,"2,150.72",,308452.75
13-02-2026,UPI/DR/676077793511/Anjali/SBIN/9892718610@aubank/UPI,105307904638,"2,100.11",,306352.64
13-02-2026,UPI/DR/530716632499/Uber/ICICI/uber@paytm/UPI,209182103102,610.33,,305742.31
13-02-2026,POS VISHAL MEGA MART LUDHIANA,672543880798,"1,750.56",,303991.75
14-02-2026,"ATM WDL
ATM CASH 93324 ABIDS LUDHIANA",110483482169,"7,000.00",,296991.75
15-02-2026,UPI/DR/154364184504/Myntra/PAYTM/myntra@ybl/UPI,801178030191,"4,600.38",,292391.37
15-02-2026,UPI/DR/584041172618/Jio/PAYTM/jio@paytm/UPI,025490068089,189.00,,292202.37
16-02-2026,POS MAX FASHION LUDHIANA,823936629078,"2,350.13",,289852.24
16-02-2026,NACH/MANDATE/SIP8915054/Mirae Asset MF,077619265831,"12,500.00",,277352.24
17-02-2026,UPI/DR/295040597730/Sanjay/UTIB/sanjay.srivastava@apl/UPI,615572191955,"15,150.74",,262201.50
17-02-2026,UPI/DR/347909324537/Uber/PAYTM/uber@paytm/UPI,373343223838,710.56,,261490.94
17-02-2026,UPI/DR/697177874513/Amazon/ICICI/amazon@apl/UPI,306765891573,"1,600.52",,259890.42
18-02-2026,UPI/DR/355202243690/Nykaa/PAYTM/nykaa@razorpay/UPI,772350519668,"2,850.59",,257039.83
19-02-2026,UPI/DR/923161220622/Indane/ICICI/indanegas@upi/UPI,387530079962,"2,650.95",,254388.88
19-02-2026,POS STAR BAZAAR LUDHIANA,318399503515,"2,850.90",,251537.98
19-02-2026,UPI/DR/906799892863/Geeta/UTIB/geetajosh23@axl/UPI,538439863325,"2,700.26",,248837.72
19-02-2026,UPI/DR/476125071713/Varsha/FDRL/varsha125@apl/UPI,060299411391,"21,950.97",,226886.75
19-02-2026,POS BRAND FACTORY LUDHIANA,342586955723,850.51,,226036.24
20-02-2026,UPI/CR/601836927621/Maya/BARB/mayakapo64@aubank/UPI,641039342690,,"2,800.52",228836.76
20-02-2026,UPI/DR/780903412101/Ola/ICICI/olamoney@ola/UPI,507091844383,440.92,,228395.84
21-02-2026,UPI/DR/830383686278/BigBasket/ICICI/bigbasket@ybl/UPI,383912708276,"2,380.99",,226014.85
21-02-2026,UPI/DR/566158633972/Zepto/ICICI/zepto@apl/UPI,783504527347,860.14,,225154.71
21-02-2026,POS CENTRAL MALL LUDHIANA,004780408801,"4,200.45",,220954.26
21-02-2026,UPI/DR/488595311587/Ola/PAYTM/olamoney@ola/UPI,363927561354,380.18,,220574.08
22-02-2026,POS HP PETROL PUMP LUDHIANA,979455149190,"3,400.83",,217173.25
22-02-2026,"ATM WDL
ATM CASH 28891 ABIDS LUDHIANA",826806355233,"10,000.00",,207173.25
22-02-2026,UPI/DR/585308143511/Sapna/UTIB/sapna.ghosh@ptaxis/UPI,621235057756,"18,200.07",,188973.18
23-02-2026,POS MAX FASHION LUDHIANA,023874961304,"5,300.94",,183672.24
23-02-2026,UPI/DR/191101801337/Blinkit/ICICI/blinkit@kotak/UPI,316643527404,580.13,,183092.11
25-02-2026,UPI/DR/655128964738/Naresh/UTIB/nareshdas45@paytm/UPI,114221754102,"19,150.24",,163941.87
25-02-2026,POS PANTALOONS LUDHIANA,746628489667,"4,350.77",,159591.10
26-02-2026,UPI/DR/571233707982/Dunzo/ICICI/dunzo@razorpay/UPI,568839509149,"2,560.01",,157031.09
26-02-2026,"ATM WDL
ATM CASH 35349 ABIDS LUDHIANA",552749101327,"5,000.00",,152031.09
26-02-2026,UPI/CR/020393587375/Priya/BDBL/priya366@oksbi/UPI,464022405376,,"19,750.86",171781.95
27-02-2026,UPI/DR/431850022669/Jio/PAYTM/jio@paytm/UPI,523352206923,289.00,,171492.95
27-02-2026,POS HP PETROL PUMP LUDHIANA,306621710744,"2,050.67",,169442.28
28-02-2026,UPI/DR/028165238302/Amazon/ICICI/amazon@apl/UPI,603723159515,650.40,,168791.88
28-02-2026,UPI/CR/187326494708/Sarita/KKBK/saritameno70@ptaxis/UPI,639187264793,,"1,300.28",170092.16
01-03-2026,INB NEFT-S8034811286671/HDFC Life Insurance/SALARY CR,522475798989,,"102,198.36",272290.52
01-03-2026,POS VISHAL MEGA MART LUDHIANA,717591444299,"4,950.64",,267339.88
01-03-2026,UPI/CR/077943566059/Rekha/HDFC/7923982504@kotak/UPI,761611458177,,"19,050.61",286390.49
01-03-2026,UPI/CR/302636239942/Asha/FDRL/1177427389@paytm/UPI,452606554600,,"10,550.82",296941.31
02-03-2026,UPI/DR/202141904445/Uber/PAYTM/uber@paytm/UPI,369076937539,230.37,,296710.94
02-03-2026,"ATM WDL
ATM CASH 13651 ABIDS LUDHIANA",734714509661,"1,500.00",,295210.94
02-03-2026,UPI/DR/580804658691/Flipkart/ICICI/flipkart@ybl/UPI,438358597077,"1,980.69",,293230.25
02-03-2026,UPI/DR/782232696516/Vijay/UTIB/8153070445@paytm/UPI,861749021496,"18,350.08",,274880.17
02-03-2026,UPI/CR/932484544992/Mohan/BDBL/7931575556@okhdfcbank/UPI,189330915794,,"21,400.66",296280.83
02-03-2026,UPI/DR/812108811172/Sangita/KKBK/sangita.patel@pthdfc/UPI,888986251082,"10,800.98",,285479.85
02-03-2026,UPI/DR/893166935224/Meesho/PAYTM/meesho@ybl/UPI,477612534151,450.05,,285029.80
02-03-2026,UPI/DR/060168865878/Hotstar/ICICI/hotstar@hdfcbank/UPI,760097467073,949.00,,284080.80
02-03-2026,POS INDIAN OIL LUDHIANA,446589230583,"1,500.61",,282580.19
03-03-2026,CHG FOR NEFT/IMPS TRANSACTION,584715774847,560.00,,282020.19
03-03-2026,GST ON CHARGES,961699695496,100.80,,281919.39
04-03-2026,UPI/CR/929948592424/Vandana/BKID/vandana401@aubank/UPI,290187846714,,"2,850.22",284769.61
04-03-2026,UPI/DR/529794052920/Amazon/PAYTM/amazon@apl/UPI,345769521830,"5,950.74",,278818.87
04-03-2026,"ATM WDL
ATM CASH 74003 ABIDS LUDHIANA",207005872743,"7,500.00",,271318.87
04-03-2026,UPI/DR/585886061048/Paytm/ICICI/paytm@paytm/UPI,816723855252,"1,040.70",,270278.17
05-03-2026,NACH/MANDATE/RNT1031895/RENT MANDATE,671087934252,"13,500.00",,256778.17
06-03-2026,UPI/DR/910146871313/Mohan/KKBK/mohan.shukla@oksbi/UPI,890840589503,"17,950.31",,238827.86
06-03-2026,UPI/DR/173831435712/Rajesh/UTIB/0639903655@okaxis/UPI,539450654882,"15,400.65",,223427.21
06-03-2026,UPI/DR/139934014772/BSNL/RAZORPAY/broadband@paytm/UPI,346537483371,799.00,,222628.21
06-03-2026,NACH/MANDATE/LN692301427097/LIC Housing Finance,145256507388,"21,500.00",,201128.21
07-03-2026,UPI/DR/442720676648/Swiggy/ICICI/swiggy@icici/UPI,630567971995,"2,400.06",,198728.15
07-03-2026,UPI/DR/749582235267/Naveen/HDFC/4805429687@upi/UPI,657644741195,"20,600.70",,178127.45
07-03-2026,POS VISHAL MEGA MART LUDHIANA,042099804228,850.62,,177276.83
07-03-2026,POS CENTRAL MALL LUDHIANA,423167728373,"8,100.23",,169176.60
08-03-2026,UPI/DR/909828351888/Uber/PAYTM/uber@paytm/UPI,767004736835,400.10,,168776.50
08-03-2026,UPI/DR/415976578095/Vandana/FDRL/vandanadas97@okicici/UPI,993141491360,"13,200.16",,155576.34
09-03-2026,UPI/DR/184852305142/Rapido/PAYTM/rapido@icici/UPI,072577170106,860.49,,154715.85
09-03-2026,"ATM WDL
ATM CASH 03189 ABIDS LUDHIANA",701329918211,"4,500.00",,150215.85
10-03-2026,UPI/DR/108742565084/PhonePe/ICICI/phonepe@ybl/UPI,611048147729,"1,050.79",,149165.06
10-03-2026,POS RELIANCE PETROLEUM LUDHIANA,680218449437,"1,600.93",,147564.13
11-03-2026,UPI/DR/289075763789/Zomato/ICICI/zomato@axisbank/UPI,540201643924,"1,510.84",,146053.29
11-03-2026,POS RELIANCE PETROLEUM LUDHIANA,552737488334,"1,500.95",,144552.34
11-03-2026,UPI/DR/499962889773/Indane/ICICI/indanegas@upi/UPI,428541390299,"2,550.89",,142001.45
12-03-2026,NACH/MANDATE/SIP2260187/Mirae Asset MF,073316484446,"12,500.00",,129501.45
12-03-2026,UPI/DR/546076909748/Aditya/LICI/licindia@licindia/UPI,869027550924,"8,500.00",,121001.45
12-03-2026,UPI/DR/925015326429/Jio/PAYTM/jio@paytm/UPI,452979059764,499.00,,120502.45
13-03-2026,UPI/DR/182997452512/Rapido/PAYTM/rapido@icici/UPI,546839283990,220.45,,120282.00
13-03-2026,UPI/DR/227597754909/Vikas/PUNB/vikasgupt93@paytm/UPI,534363285017,"9,050.84",,111231.16
13-03-2026,UPI/DR/702277874080/Zomato/ICICI/zomato@axisbank/UPI,251271020662,"2,560.78",,108670.38
14-03-2026,UPI/DR/960913902071/Shivam/SBIN/7691398933@oksbi/UPI,598908834265,"3,000.25",,105670.13
14-03-2026,UPI/DR/600064170233/Geeta/FDRL/3911864381@upi/UPI,340607687661,"3,850.22",,101819.91
14-03-2026,UPI/DR/940246644312/Mukesh/HDFC/mukeshnaik60@aubank/UPI,258787569394,"5,950.91",,95869.00
15-03-2026,UPI/DR/564196963922/Jio/ICICI/jio@paytm/UPI,088188249385,910.79,,94958.21
15-03-2026,UPI/DR/611879246607/Flipkart/PAYTM/flipkart@ybl/UPI,311749218131,"4,750.33",,90207.88
15-03-2026,UPI/DR/963193523478/Jio/PAYTM/jio@paytm/UPI,633445631377,279.00,,89928.88
16-03-2026,UPI/CR/463985732134/Maya/BDBL/maya.thapar@axl/UPI,743378514753,,"2,500.18",92429.06
17-03-2026,UPI/DR/337973793493/TSSPDCL/UPIN/tsspdclpayment@upi/UPI,031828567454,"2,250.40",,90178.66
17-03-2026,UPI/DR/656153349323/Rapido/PAYTM/rapido@icici/UPI,032423042113,180.73,,89997.93
18-03-2026,UPI/CR/506119483307/Geeta/BDBL/1727090700@upi/UPI,911734014865,,"6,050.56",96048.49
19-03-2026,UPI/CR/285799416037/Sarita/PUNB/saritagupt44@ptsbi/UPI,752683319870,,"12,050.01",108098.50
20-03-2026,UPI/DR/225009120194/Paytm/ICICI/paytm@paytm/UPI,326891408733,"1,520.74",,106577.76
20-03-2026,UPI/DR/063619093422/Jio/PAYTM/jio@paytm/UPI,956505299694,719.00,,105858.76
20-03-2026,UPI/DR/631888159209/Harish/UCBA/3347217564@oksbi/UPI,369661324011,"17,100.94",,88757.82
21-03-2026,"ATM WDL
ATM CASH 01863 ABIDS LUDHIANA",949569830446,"4,500.00",,84257.82
21-03-2026,UPI/CR/842369409149/Varsha/BKID/6394796422@aubank/UPI,286404455221,,"20,600.89",104858.71
22-03-2026,"ATM WDL
ATM CASH 83923 ABIDS LUDHIANA",903401396728,"10,000.00",,94858.71
23-03-2026,UPI/DR/094541279231/Anil/HDFC/anil.chopra@ybl/UPI,391392454735,"1,500.84",,93357.87
23-03-2026,UPI/DR/937577903590/Rekha/HDFC/rekha.sen@upi/UPI,405303869587,"7,800.74",,85557.13
24-03-2026,UPI/CR/520529266174/Babita/UCBA/3834322418@ibl/UPI,784054607472,,"13,600.44",99157.57
24-03-2026,UPI/DR/992051522545/Jio/PAYTM/jio@paytm/UPI,463597104531,789.00,,98368.57
24-03-2026,POS RELIANCE MART LUDHIANA,820532239452,"8,450.22",,89918.35
25-03-2026,UPI/DR/776716106256/Amazon/ICICI/amazon@apl/UPI,964217599057,890.06,,89028.29
25-03-2026,UPI/CR/502277350823/Abhishek/SBIN/abhishek.sethi@ptyes/UPI,894862605626,,"5,250.95",94279.24
25-03-2026,POS V MART LUDHIANA,735667067644,900.58,,93378.66
25-03-2026,INB NEFT-N3978495161356/HCL Technologies Ltd/HDFC/CR,703299803530,,"24,500.39",117879.05
25-03-2026,POS D MART LUDHIANA,354131735699,"8,500.17",,109378.88
27-03-2026,UPI/CR/776016071273/Gaurav/BARB/gauravnamb38@okaxis/UPI,840700948515,,"9,450.75",118829.63
27-03-2026,UPI/DR/999872160026/Jio/PAYTM/jio@paytm/UPI,635865026854,989.00,,117840.63
27-03-2026,POS CENTRAL MALL LUDHIANA,950050266580,"7,600.97",,110239.66
28-03-2026,UPI/DR/003552583455/BSNL/ICICI/bsnlbroadband@upi/UPI,275600511700,"1,560.48",,108679.18
28-03-2026,INTEREST CREDIT,163110443096,,435.04,109114.22
28-03-2026,UPI/DR/562884946908/Uber/ICICI/uber@paytm/UPI,388259201823,"1,980.79",,107133.43
30-03-2026,UPI/DR/366685040321/BSNL/ICICI/bsnlbroadband@upi/UPI,917409234130,360.60,,106772.83
30-03-2026,POS SHELL FUEL STATION LUDHIANA,105265826063,"3,650.38",,103122.45
30-03-2026,POS LIFESTYLE STORES LUDHIANA,425368669506,"3,150.45",,99972.00
31-03-2026,UPI/DR/013105432814/Mamta/PUNB/9519360927@paytm/UPI,891701053714,"15,750.58",,84221.42
01-04-2026,UPI/CR/366154543948/Sunita/SBIN/sunitachat20@okaxis/UPI,200717082123,,"14,900.28",99121.70
01-04-2026,UPI/DR/372382214120/Sunil/BDBL/sunilgupt27@upi/UPI,877862467193,"15,600.10",,83521.60
02-04-2026,INB IMPS/042649929683/Kavita Saxena/UTIB,714091348113,"38,700.95",,44820.65
02-04-2026,INB NEFT-S7685322113880/HDFC Life Insurance/SALARY CR,037092373980,,"106,019.36",150840.01
03-04-2026,UPI/DR/466758224997/Nykaa/PAYTM/nykaa@razorpay/UPI,145947158139,"1,700.08",,149139.93
03-04-2026,UPI/DR/708154762507/Rapido/PAYTM/rapido@icici/UPI,487380587840,810.09,,148329.84
04-04-2026,UPI/CR/253120187665/Vivek/UTIB/9905497515@aubank/UPI,603257371846,,"13,300.56",161630.40
04-04-2026,UPI/DR/408282500037/Uber/PAYTM/uber@paytm/UPI,883837754120,870.99,,160759.41
05-04-2026,UPI/CR/258154667499/Ritu/PUNB/ritujain24@aubank/UPI,336345490459,,"10,850.86",171610.27
06-04-2026,UPI/DR/143727377557/Nykaa/PAYTM/nykaa@razorpay/UPI,868627388933,"5,600.19",,166010.08
07-04-2026,POS RELIANCE PETROLEUM LUDHIANA,121399879263,"2,050.73",,163959.35
07-04-2026,"ATM WDL
ATM CASH 09984 ABIDS LUDHIANA",596375287096,"8,000.00",,155959.35
07-04-2026,POS MAX FASHION LUDHIANA,472585399578,"8,350.67",,147608.68
07-04-2026,UPI/DR/823180427676/Maya/BKID/maya.pillai@okaxis/UPI,577115346507,"5,950.16",,141658.52
07-04-2026,NACH/MANDATE/RNT3889354/RENT MANDATE,661270083984,"13,500.00",,128158.52
08-04-2026,UPI/DR/789142034311/BSNL/RAZORPAY/broadband@paytm/UPI,150036873689,"1,049.00",,127109.52
09-04-2026,UPI/DR/440865892728/Preeti/SBIN/preeti.menon@axl/UPI,846913896335,"4,500.61",,122608.91
09-04-2026,UPI/CR/937813826372/Sunil/BARB/sunil296@axl/UPI,136838643923,,"2,600.96",125209.87
09-04-2026,UPI/CR/713994603568/Babita/HDFC/babita.malhotra@okicici/UPI,771506155821,,"18,900.62",144110.49
10-04-2026,NACH/MANDATE/LN692301427097/LIC Housing Finance,351780168484,"21,500.00",,122610.49
10-04-2026,UPI/DR/639849597661/Jio/PAYTM/jio@paytm/UPI,138793880156,929.00,,121681.49
10-04-2026,UPI/DR/205231617926/Meena/UCBA/0482985380@okaxis/UPI,475029264055,"7,550.86",,114130.63
11-04-2026,POS LIFESTYLE STORES LUDHIANA,266557670102,"3,700.46",,110430.17
11-04-2026,UPI/DR/025596118398/Uber/PAYTM/uber@paytm/UPI,574577173592,290.48,,110139.69
12-04-2026,UPI/DR/318324045273/Ola/ICICI/olamoney@ola/UPI,026756121727,840.13,,109299.56
12-04-2026,UPI/DR/312078742224/Jio/PAYTM/jio@paytm/UPI,394274491685,999.00,,108300.56
13-04-2026,UPI/DR/407289942476/Aditya/LICI/licindia@licindia/UPI,298109652426,"8,500.00",,99800.56
13-04-2026,UPI/DR/715103195597/Jio/PAYTM/jio@paytm/UPI,634025909365,219.00,,99581.56
13-04-2026,UPI/DR/318014689581/Zepto/ICICI/zepto@apl/UPI,522301690004,920.15,,98661.41
13-04-2026,POS INDIAN OIL LUDHIANA,977274810768,"2,200.28",,96461.13
14-04-2026,NACH/MANDATE/SIP2017612/Mirae Asset MF,297667412754,"12,500.00",,83961.13
16-04-2026,UPI/CR/360282660612/Usha/SBIN/usha387@ibl/UPI,339918324722,,650.49,84611.62
17-04-2026,POS D MART LUDHIANA,124188182600,"1,850.48",,82761.14
18-04-2026,UPI/DR/459448979225/Pallavi/KKBK/pallavi698@ptyes/UPI,023066802664,"12,150.32",,70610.82
18-04-2026,UPI/CR/810654177379/Sarita/BKID/sarita891@axl/UPI,210996486900,,"1,900.98",72511.80
18-04-2026,UPI/DR/433308796532/Girish/FDRL/girish.mukherjee@okaxis/UPI,822418562059,"14,050.76",,58461.04
19-04-2026,UPI/DR/678232216929/Kavya/SBIN/4753698241@okicici/UPI,561610065225,"18,400.10",,40060.94
20-04-2026,UPI/CR/135712556118/Ramesh/UTIB/ramesh.rao@okaxis/UPI,359620955486,,"1,900.66",41961.60
20-04-2026,UPI/DR/859258201211/TSSPDCL/UPIN/tsspdclpayment@upi/UPI,569723314725,"1,800.32",,40161.28
20-04-2026,UPI/DR/642618057925/Amazon/ICICI/amazon@apl/UPI,829235155860,600.88,,39560.40
20-04-2026,UPI/DR/470018912124/Dunzo/ICICI/dunzo@razorpay/UPI,509724155273,670.39,,38890.01
21-04-2026,UPI/CR/062864622063/Lata/BKID/latamish22@oksbi/UPI,201165240961,,"19,600.50",58490.51
22-04-2026,POS BRAND FACTORY LUDHIANA,764201640449,"2,350.82",,56139.69
22-04-2026,UPI/CR/472509818513/Rahul/UCBA/5592976959@axl/UPI,200201568381,,"6,500.43",62640.12
22-04-2026,UPI/DR/017566214227/Paytm/ICICI/paytm@paytm/UPI,133779932147,210.55,,62429.57
23-04-2026,UPI/DR/568592365349/Ashish/BARB/ashish.singh@ibl/UPI,268164213232,"4,400.18",,58029.39
23-04-2026,POS RELIANCE PETROLEUM LUDHIANA,103701816765,"2,650.04",,55379.35
24-04-2026,UPI/DR/459565471284/Jio/PAYTM/jio@paytm/UPI,699322939475,909.00,,54470.35
25-04-2026,UPI/DR/482385323003/BigBasket/ICICI/bigbasket@ybl/UPI,138756922188,"1,950.80",,52519.55
26-04-2026,UPI/DR/907612836894/Indane/ICICI/indanegas@upi/UPI,273784663102,"2,200.22",,50319.33
27-04-2026,UPI/CR/471711068084/Nisha/BKID/nisha.joshi@oksbi/UPI,382542420121,,"16,150.91",66470.24
27-04-2026,UPI/DR/713958632428/Jio/PAYTM/jio@paytm/UPI,394160894795,939.00,,65531.24
28-04-2026,"ATM WDL
ATM CASH 41294 ABIDS LUDHIANA",027722048462,"2,500.00",,63031.24
28-04-2026,UPI/DR/339768695652/Manish/SBIN/6931269297@apl/UPI,538579599897,"11,200.40",,51830.84
29-04-2026,UPI/DR/384721656981/Ola/PAYTM/olamoney@ola/UPI,003698626740,210.72,,51620.12
29-04-2026,UPI/DR/024335340774/Myntra/ICICI/myntra@ybl/UPI,290200028302,899.00,,50721.12
30-04-2026,UPI/DR/643439145388/PhonePe/ICICI/phonepe@ybl/UPI,447874094402,520.11,,50201.01
01-05-2026,UPI/DR/241534870387/Deepa/BDBL/deepa.chaudhary@pthdfc/UPI,802123964752,"20,700.65",,29500.36
01-05-2026,INB NEFT-S8040316450200/HDFC Life Insurance/SALARY CR,988248465888,,"103,838.36",133338.72
01-05-2026,UPI/DR/548568786297/Pooja/BDBL/0657331614@apl/UPI,681307375671,"13,900.68",,119438.04
01-05-2026,UPI/DR/827336595297/BigBasket/ICICI/bigbasket@ybl/UPI,220235225124,"2,200.50",,117237.54
02-05-2026,NACH/MANDATE/RNT0105451/RENT MANDATE,137920972564,"13,500.00",,103737.54
02-05-2026,UPI/DR/895753368426/Blinkit/ICICI/blinkit@kotak/UPI,943687278692,"1,480.72",,102256.82
02-05-2026,UPI/DR/369438569841/Jio/PAYTM/jio@paytm/UPI,518576646676,219.00,,102037.82
03-05-2026,UPI/DR/496707707555/Swiggy/ICICI/swiggy@icici/UPI,588816273130,"1,910.91",,100126.91
03-05-2026,UPI/CR/001440524056/Isha/SBIN/0216731327@oksbi/UPI,183552788985,,"5,400.61",105527.52
03-05-2026,UPI/CR/674738878680/Rajan/FDRL/9546262495@okaxis/UPI,691620713773,,"16,400.57",121928.09
03-05-2026,UPI/CR/778862986766/Santosh/KKBK/3623219027@ptaxis/UPI,092445449954,,"8,950.05",130878.14
04-05-2026,POS V MART LUDHIANA,235894790598,"5,750.28",,125127.86
04-05-2026,POS BIG BAZAAR LUDHIANA,956809532337,"1,550.87",,123576.99
05-05-2026,UPI/CR/526139926899/Anjali/HDFC/anjali431@oksbi/UPI,514300268666,,"4,450.66",128027.65
05-05-2026,UPI/CR/101048079506/Asha/KKBK/asha.shukla@ptyes/UPI,213732425166,,"2,150.67",130178.32
05-05-2026,UPI/DR/276002307764/Paytm/ICICI/paytm@paytm/UPI,502420979396,"1,270.95",,128907.37
05-05-2026,POS HP PETROL PUMP LUDHIANA,525623645731,"1,900.45",,127006.92
06-05-2026,UPI/DR/325415312405/Spotify/ICICI/spotify@icici/UPI,515001948797,799.00,,126207.92
06-05-2026,"ATM WDL
ATM CASH 27292 ABIDS LUDHIANA",867900383660,"4,000.00",,122207.92
07-05-2026,UPI/DR/949933825012/Jio/PAYTM/jio@paytm/UPI,980668544549,909.00,,121298.92
08-05-2026,POS MORE SUPER MARKET LUDHIANA,789715937210,"4,700.26",,116598.66
08-05-2026,UPI/DR/337655440583/Aditya/LICI/licindia@licindia/UPI,476420000950,"8,500.00",,108098.66
08-05-2026,UPI/DR/350157073192/Jio/PAYTM/jio@paytm/UPI,720029133606,739.00,,107359.66
09-05-2026,NACH/MANDATE/LN692301427097/LIC Housing Finance,520229735674,"21,500.00",,85859.66
09-05-2026,UPI/DR/700866264654/Yogesh/BKID/yogeshmeno44@oksbi/UPI,819929095657,"7,250.91",,78608.75
09-05-2026,UPI/DR/166007341633/Jio/PAYTM/jio@paytm/UPI,059333636564,579.00,,78029.75
