Bank Name,AXIS BANK LIMITED
Account Number,610050431188751
Account Holder Name,AKASH MEHTA
Branch,MANSAROVAR
IFSC Code,UTIB0002052
Statement Period,02-12-2024 To 09-05-2026

Date,Description,Ref/ChequeNo,Debit,Credit,Balance
02-12-2024,UPIP2M091336589366JioRechargeUPIPAYTM,857996723155,859.00,,830708.98
02-12-2024,UPIP2M367103068808BlinkitUPIICICI,579578373811,"2,050.06",,828658.92
02-12-2024,POS LIFESTYLE STORES AMRITSAR,722978084234,"7,600.31",,821058.61
03-12-2024,SALARY/S9411398400346/Mahindra Logistics Ltd,545834851091,,"119,254.58",940313.19
03-12-2024,UPIP2M723725103106RaniDasUPIUTIB,025830346656,"4,750.88",,935562.31
03-12-2024,UPIP2M707398703756RapidoUPIPAYTM,578036497889,700.86,,934861.45
03-12-2024,UPIP2M235462151903SeemaChatterUPIFDRL,561581942296,"3,800.23",,931061.22
04-12-2024,UPIP2M032627510624OlaCabsUPIPAYTM,044767102181,670.56,,930390.66
04-12-2024,POS MAX FASHION AMRITSAR,888863215745,750.69,,929639.97
04-12-2024,ATMCASHAXISUVU97680109AMRITS,149917294192,"1,000.00",,928639.97
05-12-2024,UPIP2M486801214426RahulNaikUPIUCBA,138226623335,"14,200.24",,914439.73
05-12-2024,NACH/MANDATE/RNT9641611/RENT MANDATE,239456431167,"20,000.00",,894439.73
05-12-2024,UPIP2A740661192965ManojMishraUPIBDBL,623123924405,,"1,000.30",895440.03
06-12-2024,UPIP2M203909275775OlaCabsUPIICICI,192514422415,"1,260.76",,894179.27
06-12-2024,UPIP2A160147180095PoonamIyerUPIBARB,325816230036,,"8,000.78",902180.05
07-12-2024,UPIP2M661920158312JioRechargeUPIPAYTM,578654771180,669.00,,901511.05
08-12-2024,UPIP2M164204837115RapidoUPIPAYTM,974349195749,610.90,,900900.15
08-12-2024,UPIP2M926904551312RajanSaxenaUPIBARB,151569353205,"12,150.68",,888749.47
09-12-2024,NACH/MANDATE/LN374916336578/Muthoot Finance,557861795200,"11,500.00",,877249.47
09-12-2024,UPIP2M615497410686FlipkartUPIICICI,722512819389,"1,150.91",,876098.56
09-12-2024,UPIP2M739708975289LICofIndiaUPILICI,400070234079,"3,100.00",,872998.56
10-12-2024,UPIP2M671093948753VandanaSrivaUPIUCBA,802114628590,"18,850.83",,854147.73
10-12-2024,UPIP2M729518173955FlipkartUPIICICI,800234562007,"1,870.75",,852276.98
10-12-2024,UPIP2M292983738920SwiggyUPIICICI,898679562316,980.15,,851296.83
11-12-2024,UPIP2M118611787333LalitKulkarnUPIKKBK,109551431482,"5,500.05",,845796.78
12-12-2024,ATMCASHAXISPXD30688626AMRITS,659937617087,"3,500.00",,842296.78
13-12-2024,UPIP2M457615591910RajeshPandeyUPIHDFC,437370039583,"3,400.86",,838895.92
13-12-2024,UPIP2M379590908545NykaaUPIICICI,862417254013,549.00,,838346.92
13-12-2024,ATMCASHAXISSWD44670302AMRITS,226324217979,"9,000.00",,829346.92
14-12-2024,UPIP2M059368612891RapidoUPIPAYTM,047939279446,740.61,,828606.31
14-12-2024,UPIP2M755875740612VikramKhannaUPIUCBA,553253164236,"18,650.18",,809956.13
15-12-2024,UPIP2M916704798767PhonePeMerchUPIICICI,280088568828,"2,330.21",,807625.92
15-12-2024,IMPS/586328289919/Radha Yadav/FDRL,245263385403,"8,200.89",,799425.03
15-12-2024,POS STAR BAZAAR AMRITSAR,684510761156,"3,600.54",,795824.49
15-12-2024,UPIP2M173824320808BlinkitUPIICICI,080314414651,"1,940.25",,793884.24
15-12-2024,UPIP2M644550567334TSSPDCLUPIUPIN,388701136835,800.39,,793083.85
16-12-2024,UPIP2M944247401197PractoUPIICICI,846896973117,599.00,,792484.85
16-12-2024,UPIP2A428294340075MukeshRoyUPIHDFC,404851029175,,"2,600.18",795085.03
16-12-2024,POS BIG BAZAAR AMRITSAR,702711745669,"4,100.11",,790984.92
17-12-2024,UPIP2M101631703526OlaCabsUPIICICI,965820321151,"2,490.26",,788494.66
18-12-2024,UPIP2M106766308678FlipkartUPIPAYTM,650953216813,"5,600.33",,782894.33
18-12-2024,NACH/MANDATE/SIP3495313/Mirae Asset MF,194685548463,"6,500.00",,776394.33
19-12-2024,UPIP2M1742439492541mgUPIICICI,053554840268,"1,540.96",,774853.37
19-12-2024,UPIP2M013960333744BSNLBroadbanUPIRAZORPAY,390762874240,599.00,,774254.37
19-12-2024,UPIP2A142480888971VarunJainUPISBIN,124253044960,,"13,850.56",788104.93
19-12-2024,UPIP2M192415658723RameshNambiaUPISBIN,441764560521,"1,150.93",,786954.00
19-12-2024,UPIP2M683791716272OlaCabsUPIPAYTM,875111641402,190.86,,786763.14
20-12-2024,UPIP2M719370457172PallaviChattUPIBARB,552258907207,"8,800.29",,777962.85
20-12-2024,UPIP2A427008553156PreetiAgarwaUPIUCBA,670986699792,,"13,650.63",791613.48
21-12-2024,NEFT/N5606647195149/Hexaware Technologie/UCBA0071474,331121276128,,"33,500.92",825114.40
22-12-2024,UPIP2M383561720012FlipkartUPIICICI,834946588012,"1,650.20",,823464.20
22-12-2024,UPIP2A405094285362BabitaSethiUPIHDFC,890726454527,,"10,950.76",834414.96
23-12-2024,UPIP2M653363456072JioRechargeUPIPAYTM,353497049316,419.00,,833995.96
24-12-2024,UPIP2M424518621719SwiggyUPIICICI,934350127453,"2,530.79",,831465.17
26-12-2024,UPIP2M778449891866DunzoUPIICICI,988029317252,"1,630.36",,829834.81
26-12-2024,UPIP2A465087118164YogeshAhujaUPIBARB,541994060701,,250.56,830085.37
26-12-2024,UPIP2A416776640043GeetaThaparUPIPUNB,385762463718,,"8,750.72",838836.09
26-12-2024,UPIP2M114131531516IndaneGasUPIICICI,962629629223,"2,800.95",,836035.14
26-12-2024,UPIP2M130471495996OlaCabsUPIPAYTM,443363799168,810.85,,835224.29
27-12-2024,INTEREST CREDIT,080839408751,,855.48,836079.77
28-12-2024,POS RELIANCE PETROLEUM AMRITSAR,992821423774,"4,100.24",,831979.53
28-12-2024,UPIP2M740316748030MukeshBanerjUPIUTIB,267244729593,"10,650.37",,821329.16
28-12-2024,POS SHELL FUEL STATION AMRITSAR,550559549911,"1,650.07",,819679.09
29-12-2024,UPIP2M237129136199SwiggyUPIICICI,252439684799,290.34,,819388.75
29-12-2024,UPIP2M769167673432FlipkartUPIPAYTM,414718016650,"3,600.56",,815788.19
29-12-2024,UPIP2M751539509886BlinkitUPIICICI,417450584839,890.25,,814897.94
29-12-2024,UPIP2M496624390409OlaCabsUPIICICI,017387693178,"2,360.06",,812537.88
30-12-2024,ATMCASHAXISOND32755195AMRITS,324380758196,"6,000.00",,806537.88
31-12-2024,UPIP2A597618880977RohitPandeyUPIBARB,481573956201,,"5,050.68",811588.56
31-12-2024,ATMCASHAXISRSP16558766AMRITS,103561302206,"1,500.00",,810088.56
01-01-2025,UPIP2M016071217704BrijeshRaoUPIKKBK,861752109922,"15,800.41",,794288.15
01-01-2025,UPIP2A757940888153SaurabhDuttaUPIUTIB,463375639665,,"2,400.81",796688.96
01-01-2025,POS V MART AMRITSAR,411407999177,"8,000.53",,788688.43
03-01-2025,ATMCASHAXISDEC36135384AMRITS,411024312099,"8,000.00",,780688.43
04-01-2025,UPIP2M287647841220BlinkitUPIICICI,213758645234,"2,690.30",,777998.13
04-01-2025,UPIP2M402567870740LICofIndiaUPILICI,851578616375,"3,100.00",,774898.13
04-01-2025,UPIP2M566823040862SeemaBanerjeUPIPUNB,017163865269,"18,650.94",,756247.19
05-01-2025,UPIP2M295108046847JioRechargeUPIICICI,676280425934,"2,030.62",,754216.57
05-01-2025,UPIP2M574910046099OlaCabsUPIPAYTM,721930831117,380.55,,753836.02
06-01-2025,UPIP2M819832039112NikhilPatilUPIPUNB,623772504754,"3,450.27",,750385.75
06-01-2025,NEFT/N8213252810547/Tech Mahindra Ltd/BDBL0626040,450159035052,,"46,500.02",796885.77
06-01-2025,SALARY/S0749464904614/Mahindra Logistics Ltd,713093736459,,"116,869.58",913755.35
06-01-2025,UPIP2M662257225103MedPlusHealtUPIICICI,271800721713,"1,420.24",,912335.11
06-01-2025,UPIP2A058561169371MohanNaikUPIHDFC,621022702637,,"21,950.85",934285.96
06-01-2025,UPIP2M994575267912MeeshoUPIPAYTM,918770794385,950.87,,933335.09
07-01-2025,UPIP2M858617870392MakeMyTripUPIICICI,014596243716,399.00,,932936.09
07-01-2025,UPIP2A633462530820KamalYadavUPIBKID,236411241733,,"15,800.76",948736.85
08-01-2025,UPIP2M782044522648PhonePeMerchUPIICICI,564247605086,"1,220.12",,947516.73
09-01-2025,NACH/MANDATE/LN374916336578/Muthoot Finance,451005115613,"11,500.00",,936016.73
09-01-2025,UPIP2M104887451082SiddharthBanUPIBKID,159975167480,"18,900.92",,917115.81
09-01-2025,UPIP2A501741697317SumitThaparUPIFDRL,186075898445,,"8,700.84",925816.65
09-01-2025,UPIP2A855257917423ShivamNaikUPIFDRL,934763244383,,"4,750.84",930567.49
09-01-2025,UPIP2M271307424959AkashNairUPIHDFC,581604686675,"15,050.56",,915516.93
10-01-2025,ATMCASHAXISSAO53240904AMRITS,495274829721,"4,000.00",,911516.93
10-01-2025,NACH/MANDATE/RNT2049618/RENT MANDATE,561591660293,"20,000.00",,891516.93
11-01-2025,UPIP2M319226570116TSSPDCLUPIUPIN,869501561795,"1,500.04",,890016.89
11-01-2025,POS MAX FASHION AMRITSAR,131533939141,"5,400.43",,884616.46
11-01-2025,UPIP2M154560690752IndaneGasUPIICICI,789704786606,"2,300.26",,882316.20
13-01-2025,IMPS/103629624756/Mohit Desai/UTIB,481871366966,"44,900.48",,837415.72
13-01-2025,UPIP2M481277257068ZomatoUPIICICI,864338205560,"1,230.65",,836185.07
13-01-2025,UPIP2M891426548614JyotiMenonUPIPUNB,815908415784,"8,450.50",,827734.57
13-01-2025,NACH/MANDATE/SIP2022632/Mirae Asset MF,346690642207,"6,500.00",,821234.57
14-01-2025,UPIP2A749447794019SureshBanerjUPIBDBL,877367518597,,"2,600.14",823834.71
16-01-2025,UPIP2A918295364775GirishMukherUPISBIN,053317289215,,"19,950.09",843784.80
16-01-2025,UPIP2M514216002867BlinkitUPIICICI,088066590915,"2,460.21",,841324.59
16-01-2025,UPIP2A684310126571KavitaAhujaUPIKKBK,733749222917,,"10,350.16",851674.75
16-01-2025,UPIP2M803654157583MeeshoUPIPAYTM,432118576859,"1,300.99",,850373.76
17-01-2025,UPIP2M972118535548LataChatterjUPIPUNB,953998588462,"13,250.28",,837123.48
18-01-2025,POS RELIANCE PETROLEUM AMRITSAR,151302929655,"2,950.82",,834172.66
18-01-2025,UPIP2M554358137599DunzoUPIICICI,223394276950,"1,780.51",,832392.15
18-01-2025,UPIP2M637158542034ZeptoUPIICICI,868209932851,"2,130.71",,830261.44
18-01-2025,UPIP2M430617034329BlinkitUPIICICI,532353178959,"2,050.53",,828210.91
18-01-2025,POS BHARAT PETROLEUM AMRITSAR,592695529666,"2,500.36",,825710.55
19-01-2025,UPIP2A504440772811ArchanaMehtaUPIBDBL,072484533940,,500.29,826210.84
19-01-2025,UPIP2M384875602497JioRechargeUPIPAYTM,962153047185,229.00,,825981.84
20-01-2025,ATMCASHAXISRCK47578666AMRITS,521242303698,"7,500.00",,818481.84
21-01-2025,POS VISHAL MEGA MART AMRITSAR,453373177529,"4,450.15",,814031.69
21-01-2025,UPIP2M211347759561NykaaUPIPAYTM,834405849459,"5,650.88",,808380.81
22-01-2025,UPIP2M680698013329OlaCabsUPIPAYTM,465281684704,540.31,,807840.50
22-01-2025,UPIP2M550496414837UberIndiaUPIPAYTM,139488792866,290.99,,807549.51
22-01-2025,POS HP PETROL PUMP AMRITSAR,322274313904,"3,700.82",,803848.69
23-01-2025,UPIP2M959249004908BSNLBroadbanUPIRAZORPAY,240277995354,599.00,,803249.69
23-01-2025,UPIP2A073866052376GirishPillaiUPIUTIB,567069152556,,"14,350.85",817600.54
23-01-2025,UPIP2A289291532896GirishJoshiUPIKKBK,397600507237,,"10,150.45",827750.99
24-01-2025,UPIP2M340324962176JioRechargeUPIPAYTM,871158201054,619.00,,827131.99
24-01-2025,ATMCASHAXISWOL84086062AMRITS,460604967606,"6,500.00",,820631.99
26-01-2025,UPIP2A826771434734VandanaVermaUPIBKID,286886029667,,"11,900.59",832532.58
27-01-2025,POS INDIAN OIL AMRITSAR,949998507789,"2,550.37",,829982.21
27-01-2025,UPIP2M559228312335FlipkartUPIICICI,361253489115,"1,840.36",,828141.85
27-01-2025,UPIP2M857924590750JioRechargeUPIPAYTM,530493204627,179.00,,827962.85
28-01-2025,ATMCASHAXISGPQ77886646AMRITS,001823445263,"9,000.00",,818962.85
28-01-2025,UPIP2M224929213614PhonePeMerchUPIICICI,267570135107,"1,420.07",,817542.78
28-01-2025,ATMCASHAXISUBM72887049AMRITS,394231828339,"6,000.00",,811542.78
28-01-2025,UPIP2M989103143619VivekGhoshUPIUTIB,854143316923,"11,650.67",,799892.11
28-01-2025,UPIP2A235082098662SanjayBoseUPIFDRL,235280039077,,"11,200.15",811092.26
28-01-2025,Monthly Service Chrgs,252964391801,60.00,,811032.26
28-01-2025,GST ON CHARGES,587348080236,10.80,,811021.46
29-01-2025,UPIP2M117610338171SwiggyUPIICICI,475421482522,660.34,,810361.12
30-01-2025,UPIP2A158474290742HimanshuAhujUPIBDBL,121109546569,,"17,900.38",828261.50
31-01-2025,UPIP2M188679603414BigBasketUPIICICI,982371162040,"2,160.29",,826101.21
01-02-2025,ATMCASHAXISDYC99836067AMRITS,386425812739,"3,000.00",,823101.21
02-02-2025,UPIP2M824167944682UberIndiaUPIICICI,403793404800,140.07,,822961.14
02-02-2025,UPIP2A298738597183SangitaMalhoUPISBIN,248619993526,,"6,650.08",829611.22
03-02-2025,POS HP PETROL PUMP AMRITSAR,201280384377,"1,600.61",,828010.61
03-02-2025,UPIP2M949058047342ZomatoUPIICICI,080272699336,"2,230.16",,825780.45
03-02-2025,UPIP2M668284936302GopalShahUPIBARB,894703339147,"1,850.30",,823930.15
03-02-2025,UPIP2M190161308003JioRechargeUPIPAYTM,323619091847,499.00,,823431.15
04-02-2025,UPIP2M638022789165MyntraUPIPAYTM,122232974542,"2,050.19",,821380.96
04-02-2025,UPIP2M129881366163ZeptoUPIICICI,837182392554,"2,520.14",,818860.82
05-02-2025,UPIP2M829666784742JioRechargeUPIICICI,411483200968,"1,480.56",,817380.26
06-02-2025,POS BIG BAZAAR AMRITSAR,986446880516,"4,950.27",,812429.99
06-02-2025,UPIP2M119281001644LICofIndiaUPILICI,463095401859,"3,100.00",,809329.99
06-02-2025,SALARY/S1437400873221/Mahindra Logistics Ltd,170301282577,,"120,016.58",929346.57
06-02-2025,UPIP2M511675500587SwiggyUPIICICI,669048607321,"1,680.26",,927666.31
08-02-2025,ATMCASHAXISBHA09818575AMRITS,858419493521,"1,500.00",,926166.31
08-02-2025,UPIP2M166294132647AmazonPayUPIICICI,178318636506,"2,760.55",,923405.76
08-02-2025,NACH/MANDATE/RNT9806549/RENT MANDATE,793252901499,"20,000.00",,903405.76
08-02-2025,NACH/MANDATE/LN374916336578/Muthoot Finance,962473197812,"11,500.00",,891905.76
08-02-2025,UPIP2M407819113364BigBasketUPIICICI,931332484197,"2,230.18",,889675.58
10-02-2025,POS HP PETROL PUMP AMRITSAR,482552059362,"4,350.88",,885324.70
11-02-2025,UPIP2A111350791323RakeshRaoUPIUTIB,410511305529,,"6,350.63",891675.33
12-02-2025,IMPS/547319031518/Sangita Malhotra/FDRL,116942920827,"12,700.63",,878974.70
12-02-2025,UPIP2M500029993526JioRechargeUPIPAYTM,123854326984,809.00,,878165.70
13-02-2025,UPIP2A102231408919MukeshChatteUPIFDRL,304163220082,,"9,000.04",887165.74
13-02-2025,UPIP2M658404356115AnjaliAgarwaUPIFDRL,991109513161,"12,300.77",,874864.97
13-02-2025,UPIP2A645628825378NaveenVermaUPISBIN,353909737245,,"15,650.91",890515.88
13-02-2025,UPIP2M040095264791IndaneGasUPIICICI,420271015572,"1,200.39",,889315.49
14-02-2025,POS V MART AMRITSAR,350910356393,"6,550.63",,882764.86
14-02-2025,POS SHOPPERS STOP AMRITSAR,756386902734,"4,650.58",,878114.28
14-02-2025,UPIP2M631719998271PaytmMallUPIICICI,301787046669,"2,180.07",,875934.21
14-02-2025,UPIP2M884741377559SaritaDasUPIUCBA,561826697273,"8,400.93",,867533.28
15-02-2025,UPIP2M857164280652BSNLBroadbanUPIICICI,706674217797,700.26,,866833.02
15-02-2025,UPIP2M242240552068NykaaUPIPAYTM,150584336505,"6,000.77",,860832.25
15-02-2025,POS CENTRAL MALL AMRITSAR,266608836117,"7,750.88",,853081.37
15-02-2025,ATMCASHAXISMMS09972128AMRITS,622138087446,"5,000.00",,848081.37
15-02-2025,UPIP2M024142215291BSNLBroadbanUPIRAZORPAY,010329090472,449.00,,847632.37
15-02-2025,UPIP2M606469640740TSSPDCLUPIUPIN,617648543780,"2,150.91",,845481.46
16-02-2025,POS BRAND FACTORY AMRITSAR,183031678548,"5,750.55",,839730.91
16-02-2025,UPIP2A551181526125RakeshBanerjUPIKKBK,662476995336,,"19,450.48",859181.39
16-02-2025,UPIP2M810303782140SeemaSharmaUPIKKBK,505720641963,"16,600.69",,842580.70
17-02-2025,UPIP2M472020490932MohanSenUPIFDRL,368592152714,"19,050.01",,823530.69
18-02-2025,UPIP2M001577548347NareshMehtaUPIHDFC,322518813056,"21,800.42",,801730.27
19-02-2025,UPIP2A960786980079NareshKumarUPIBKID,729352449287,,"13,650.44",815380.71
19-02-2025,NACH/MANDATE/SIP0386170/Mirae Asset MF,075698026351,"6,500.00",,808880.71
19-02-2025,UPIP2M115271622493ZomatoUPIICICI,585821554662,120.12,,808760.59
19-02-2025,UPIP2M194648033582BSNLBroadbanUPIICICI,040123307885,"2,500.01",,806260.58
20-02-2025,UPIP2M220416883575BSNLBroadbanUPIICICI,279034643053,"2,220.09",,804040.49
20-02-2025,UPIP2M758228250662UberIndiaUPIPAYTM,663098301019,630.91,,803409.58
20-02-2025,UPIP2M899676078029AnjaliBoseUPIBARB,972819062308,"10,900.44",,792509.14
20-02-2025,POS V MART AMRITSAR,203382107481,"7,000.16",,785508.98
21-02-2025,UPIP2A007397018602TarunMalhotrUPIUCBA,430525612800,,"18,650.18",804159.16
22-02-2025,UPIP2A178053612548LataPillaiUPIKKBK,127057954029,,"8,900.15",813059.31
22-02-2025,UPIP2M110044343472MamtaIyerUPIPUNB,308783834660,"15,350.19",,797709.12
25-02-2025,POS RELIANCE PETROLEUM AMRITSAR,965628202783,"1,150.28",,796558.84
25-02-2025,UPIP2M000496216520JioRechargeUPIPAYTM,152417027169,439.00,,796119.84
25-02-2025,ATMCASHAXISBHF19406815AMRITS,874303344336,"2,000.00",,794119.84
25-02-2025,UPIP2M380365737988UberIndiaUPIPAYTM,539242807373,760.95,,793358.89
25-02-2025,UPIP2A985671644816MinaGuptaUPIKKBK,223885038618,,"8,500.71",801859.60
26-02-2025,POS CENTRAL MALL AMRITSAR,333745284355,"2,500.48",,799359.12
26-02-2025,ATMCASHAXISMPK29969659AMRITS,893049285172,"8,500.00",,790859.12
26-02-2025,UPIP2M262471561045OlaCabsUPIPAYTM,659032885255,740.82,,790118.30
26-02-2025,UPIP2M156169299690BSNLBroadbanUPIICICI,960641920988,"1,890.08",,788228.22
27-02-2025,UPIP2M001855166778OlaCabsUPIICICI,635963845285,"1,910.26",,786317.96
28-02-2025,UPIP2M417535677227AmazonPayUPIPAYTM,014557606587,"2,800.71",,783517.25
28-02-2025,UPIP2A350106328295TarunTiwariUPIBARB,281504604270,,"18,450.59",801967.84
01-03-2025,UPIP2M922295290764BSNLBroadbanUPIICICI,778592701084,"2,080.14",,799887.70
01-03-2025,UPIP2M477094167655FlipkartUPIICICI,207445260815,"1,920.09",,797967.61
01-03-2025,UPIP2M369870173355SumitSethiUPIHDFC,497321943619,"11,200.45",,786767.16
01-03-2025,UPIP2M624807255712BrijeshNaikUPIKKBK,182520176668,"2,350.65",,784416.51
01-03-2025,UPIP2M344122021215FlipkartUPIICICI,380314781670,"1,950.31",,782466.20
02-03-2025,UPIP2M955017638741BlinkitUPIICICI,317025044683,140.22,,782325.98
02-03-2025,UPIP2M194084452727JioRechargeUPIPAYTM,096289249275,559.00,,781766.98
02-03-2025,GST ON CHARGES,121808937684,64.80,,781702.18
02-03-2025,Monthly Service Chrgs,287701268416,360.00,,781342.18
02-03-2025,UPIP2A777822586109SachinKulkarUPIBARB,745460867497,,"2,650.27",783992.45
02-03-2025,UPIP2M688249792394MedPlusHealtUPIICICI,152702959290,"2,020.21",,781972.24
02-03-2025,POS SHELL FUEL STATION AMRITSAR,101657050266,"1,000.61",,780971.63
03-03-2025,UPIP2M160918848999YogeshDesaiUPIPUNB,082218636052,"6,550.50",,774421.13
03-03-2025,UPIP2M561823342835UberIndiaUPIPAYTM,006922064750,220.11,,774201.02
03-03-2025,UPIP2A922861351441GopalKhannaUPIHDFC,079787444319,,"1,000.25",775201.27
04-03-2025,ATMCASHAXISVHB11010669AMRITS,053376627252,"2,500.00",,772701.27
05-03-2025,UPIP2M836413081003GeetaShuklaUPIBKID,902741027066,"19,200.95",,753500.32
05-03-2025,ATMCASHAXISHDW81426776AMRITS,429944927520,"3,000.00",,750500.32
05-03-2025,SALARY/S4114193432314/Mahindra Logistics Ltd,142407744715,,"116,845.58",867345.90
05-03-2025,ATMCASHAXISTMR75411488AMRITS,315654092180,"4,500.00",,862845.90
07-03-2025,UPIP2M936577319703JioRechargeUPIPAYTM,466006654216,369.00,,862476.90
07-03-2025,POS V MART AMRITSAR,001117953880,"7,850.01",,854626.89
07-03-2025,UPIP2M269742760074BSNLBroadbanUPIICICI,097615775359,"1,220.63",,853406.26
08-03-2025,UPIP2M113526536201OlaCabsUPIPAYTM,977116639112,420.71,,852985.55
08-03-2025,UPIP2M463861362722BigBasketUPIICICI,004911734126,220.02,,852765.53
08-03-2025,UPIP2M533140089866JioRechargeUPIPAYTM,276410749278,229.00,,852536.53
08-03-2025,NACH/MANDATE/LN374916336578/Muthoot Finance,661489702754,"11,500.00",,841036.53
08-03-2025,UPIP2M064229669194BrijeshBanerUPIPUNB,125789336420,"14,200.94",,826835.59
09-03-2025,UPIP2M272466072612LICofIndiaUPILICI,968639809443,"3,100.00",,823735.59
09-03-2025,UPIP2M162003200658SaritaSharmaUPIPUNB,931665533701,"13,950.57",,809785.02
09-03-2025,UPIP2M682566901139VandanaMishrUPIHDFC,852110906143,"6,050.82",,803734.20
09-03-2025,NACH/MANDATE/RNT7429397/RENT MANDATE,445308039485,"20,000.00",,783734.20
10-03-2025,POS SHELL FUEL STATION AMRITSAR,905002040911,"2,350.50",,781383.70
11-03-2025,UPIP2A429697453393RameshMenonUPISBIN,865765201614,,"21,000.92",802384.62
12-03-2025,UPIP2M151372358379PaytmMallUPIICICI,434935073852,"1,830.90",,800553.72
13-03-2025,UPIP2M310845455780UberIndiaUPIPAYTM,190842008068,830.51,,799723.21
13-03-2025,UPIP2A000698494094RakeshNaikUPIKKBK,909527531048,,"6,250.52",805973.73
13-03-2025,POS STAR BAZAAR AMRITSAR,565601691245,"6,700.54",,799273.19
14-03-2025,IMPS/515842428465/Deepak Pillai/UTIB,553665066588,"5,300.85",,793972.34
14-03-2025,UPIP2M832812624388TarunSrivastUPIUCBA,229568682044,"13,150.38",,780821.96
14-03-2025,UPIP2A504835652134BrijeshBajajUPIKKBK,873689384156,,"14,500.00",795321.96
14-03-2025,UPIP2M112921853892JioRechargeUPIPAYTM,553957877644,399.00,,794922.96
14-03-2025,UPIP2M845982081010ZomatoUPIICICI,335331012317,570.08,,794352.88
15-03-2025,POS SHELL FUEL STATION AMRITSAR,429883331826,"3,100.77",,791252.11
15-03-2025,UPIP2M833358310530AmitRaoUPISBIN,304022102145,"2,000.78",,789251.33
15-03-2025,UPIP2M298053278684RituPandeyUPIKKBK,517646993574,"8,800.48",,780450.85
15-03-2025,UPIP2M103123671967VandanaKhannUPIBKID,694140750347,"9,600.04",,770850.81
16-03-2025,NACH/MANDATE/SIP4196893/Mirae Asset MF,368902327316,"6,500.00",,764350.81
17-03-2025,UPIP2A104528507058TarunPillaiUPIFDRL,266693332203,,"16,700.81",781051.62
17-03-2025,UPIP2M250293237014MohitPatilUPIBDBL,253866722181,"12,600.17",,768451.45
17-03-2025,UPIP2M097522617622IndaneGasUPIICICI,613860007636,"2,650.49",,765800.96
17-03-2025,POS METRO CASH CARRY AMRITSAR,077663640057,"7,450.97",,758349.99
17-03-2025,POS SHOPPERS STOP AMRITSAR,740848653464,"5,150.02",,753199.97
19-03-2025,UPIP2M802598746647DunzoUPIICICI,665806517999,370.15,,752829.82
19-03-2025,UPIP2M986477788785AnjaliDubeyUPIPUNB,789825044349,"6,050.29",,746779.53
19-03-2025,UPIP2M295784837531OlaCabsUPIICICI,241919696094,"1,120.35",,745659.18
20-03-2025,POS BIG BAZAAR AMRITSAR,511341847998,"7,350.93",,738308.25
20-03-2025,UPIP2M462196749342AnilSrivastaUPIUCBA,200542885754,"22,000.80",,716307.45
21-03-2025,UPIP2M506088536994JioRechargeUPIPAYTM,157416964683,309.00,,715998.45
21-03-2025,UPIP2M952841946972OlaCabsUPIICICI,294362303556,120.82,,715877.63
22-03-2025,POS INDIAN OIL AMRITSAR,908109364485,"3,800.82",,712076.81
22-03-2025,UPIP2M316718288926BSNLBroadbanUPIICICI,155409930153,"1,580.01",,710496.80
23-03-2025,UPIP2M365000087835BSNLBroadbanUPIRAZORPAY,501261629797,349.00,,710147.80
23-03-2025,UPIP2M260591783920AmazonPayUPIICICI,140883250721,230.67,,709917.13
23-03-2025,UPIP2M519809118453BigBasketUPIICICI,407967703343,"2,170.33",,707746.80
23-03-2025,ATMCASHAXISDHM22551458AMRITS,557442131746,"7,500.00",,700246.80
23-03-2025,UPIP2M537422111101TSSPDCLUPIUPIN,450967580614,"1,750.46",,698496.34
23-03-2025,UPIP2M413360560164JioRechargeUPIICICI,324750054035,190.57,,698305.77
24-03-2025,ATMCASHAXISKTV13063497AMRITS,549986966241,"4,000.00",,694305.77
24-03-2025,ATMCASHAXISGOR14700618AMRITS,281437697423,"3,500.00",,690805.77
24-03-2025,POS RELIANCE MART AMRITSAR,092983649662,"1,050.76",,689755.01
25-03-2025,POS SHOPPERS STOP AMRITSAR,939124649346,500.60,,689254.41
26-03-2025,UPIP2A737100946492MaheshThaparUPIBKID,264485290020,,"20,250.59",709505.00
26-03-2025,UPIP2M739409136979FlipkartUPIPAYTM,351415605933,"4,900.91",,704604.09
27-03-2025,UPIP2M374804503924ZomatoUPIICICI,945751779688,"1,970.75",,702633.34
27-03-2025,UPIP2M927338654369UberIndiaUPIPAYTM,309774053375,800.44,,701832.90
28-03-2025,INTEREST CREDIT,641531863869,,170.28,702003.18
29-03-2025,UPIP2A283464957047SnehaRaoUPIUCBA,277780713823,,"21,100.00",723103.18
29-03-2025,UPIP2M633485362435PoonamKapoorUPISBIN,559597294676,"2,450.71",,720652.47
29-03-2025,UPIP2A831534988274LalitDesaiUPIHDFC,658387826884,,"12,250.33",732902.80
29-03-2025,UPIP2A438242105073KapilNaikUPIUTIB,225204065386,,"5,400.62",738303.42
30-03-2025,UPIP2A544247896426VijayKulkarnUPIUTIB,447710522259,,"3,900.37",742203.79
02-04-2025,UPIP2A200960286361IshaShahUPIUCBA,666379392920,,"15,950.03",758153.82
02-04-2025,NEFT/I78322984623/Harish Rao/BKID0608861,I78322984623,"20,000.97",,738152.85
04-04-2025,UPIP2A178332191433KavitaKhannaUPIHDFC,747824037737,,"3,100.65",741253.50
04-04-2025,UPIP2M902809703737JioRechargeUPIPAYTM,977184402671,589.00,,740664.50
04-04-2025,RETURN/I78322984623/TRANSACTION FAILED,457389211895,,"20,000.97",760665.47
05-04-2025,SALARY/S1220412262335/Mahindra Logistics Ltd,242283160711,,"116,610.58",877276.05
05-04-2025,UPIP2A829083529099MayaMalhotraUPIPUNB,677478076150,,"6,950.35",884226.40
06-04-2025,UPIP2M978584842226UberIndiaUPIICICI,820741217295,880.92,,883345.48
07-04-2025,UPIP2M834587296597AjayReddyUPIUCBA,488189600449,"6,200.67",,877144.81
07-04-2025,UPIP2M576264944918KamalChopraUPIBARB,483068920455,"17,600.48",,859544.33
09-04-2025,NACH/MANDATE/LN374916336578/Muthoot Finance,452078054040,"11,500.00",,848044.33
09-04-2025,ATMCASHAXISKXL62604785AMRITS,971649967274,"6,500.00",,841544.33
10-04-2025,NACH/MANDATE/RNT2660977/RENT MANDATE,996849160854,"20,000.00",,821544.33
10-04-2025,UPIP2M493367693794JioRechargeUPIPAYTM,033566117527,889.00,,820655.33
10-04-2025,UPIP2M700620657151PhonePeMerchUPIICICI,240743659892,"2,500.15",,818155.18
10-04-2025,UPIP2A048846328686RaniPatelUPISBIN,630331919389,,"1,900.32",820055.50
11-04-2025,UPIP2M689309789716OlaCabsUPIICICI,634791287015,220.04,,819835.46
11-04-2025,POS PANTALOONS AMRITSAR,116795133706,"7,950.23",,811885.23
11-04-2025,UPIP2M009038912596ZomatoUPIICICI,860056488838,490.58,,811394.65
12-04-2025,UPIP2M176333499257OlaCabsUPIPAYTM,750610352553,240.68,,811153.97
12-04-2025,NACH/MANDATE/SIP4386461/Mirae Asset MF,070878021585,"6,500.00",,804653.97
12-04-2025,UPIP2M147771070992TSSPDCLUPIUPIN,259693067261,"3,950.78",,800703.19
13-04-2025,UPIP2M828237302267LICofIndiaUPILICI,071402711785,"3,100.00",,797603.19
13-04-2025,UPIP2M496100506754IRCTCUPIICICI,509469544200,449.00,,797154.19
14-04-2025,UPIP2M264981118640RituNaikUPIKKBK,376102593561,"1,950.33",,795203.86
15-04-2025,UPIP2M721175942567BSNLBroadbanUPIRAZORPAY,910941530476,599.00,,794604.86
15-04-2025,UPIP2A263722242604AbhishekSenUPIBKID,578760557042,,"17,250.68",811855.54
16-04-2025,POS CENTRAL MALL AMRITSAR,050598459077,"6,000.89",,805854.65
16-04-2025,UPIP2M512067802776PreetiJoshiUPISBIN,846180231792,"12,100.42",,793754.23
16-04-2025,UPIP2M851900612770JioRechargeUPIPAYTM,470947510607,489.00,,793265.23
16-04-2025,UPIP2M198783451126MyntraUPIPAYTM,349100572970,"3,650.29",,789614.94
16-04-2025,UPIP2M263517108979AmitChopraUPIBDBL,255670392039,"7,300.19",,782314.75
17-04-2025,POS BHARAT PETROLEUM AMRITSAR,053626198096,"3,800.36",,778514.39
18-04-2025,UPIP2M510733631435PhonePeMerchUPIICICI,728015469061,"2,610.69",,775903.70
19-04-2025,UPIP2A189426248087AjayGhoshUPIPUNB,811940202204,,"15,900.73",791804.43
19-04-2025,UPIP2M720348176935UberIndiaUPIPAYTM,198178669860,290.49,,791513.94
19-04-2025,UPIP2M093537115058RapidoUPIPAYTM,950500686446,800.41,,790713.53
20-04-2025,POS VISHAL MEGA MART AMRITSAR,619040598149,"7,350.62",,783362.91
20-04-2025,UPIP2M373354936211ManishSinghUPIBARB,651616882963,"15,400.50",,767962.41
21-04-2025,UPIP2M278303261636JioRechargeUPIPAYTM,237034665924,499.00,,767463.41
21-04-2025,ATMCASHAXISCNX50388424AMRITS,657302813106,"9,500.00",,757963.41
22-04-2025,UPIP2M373830293153FlipkartUPIPAYTM,362451972130,700.01,,757263.40
22-04-2025,UPIP2M381667591949ShreyaYadavUPIUCBA,084144788908,700.06,,756563.34
24-04-2025,UPIP2M260534825164BlinkitUPIICICI,161033883087,940.70,,755622.64
24-04-2025,POS INDIAN OIL AMRITSAR,397132856235,950.12,,754672.52
25-04-2025,UPIP2M674307163483JioRechargeUPIPAYTM,652843104994,939.00,,753733.52
26-04-2025,POS D MART AMRITSAR,273526052675,"2,200.67",,751532.85
26-04-2025,UPIP2M751878829170IndaneGasUPIICICI,248676957066,"1,450.86",,750081.99
26-04-2025,UPIP2M584414291967AmazonPayUPIPAYTM,673748382981,"5,050.81",,745031.18
27-04-2025,UPIP2M004815173879NikhilMalhotUPIBKID,206681684004,"3,750.42",,741280.76
28-04-2025,UPIP2M149426385306ZomatoUPIICICI,686696616769,710.69,,740570.07
28-04-2025,UPIP2A079570461200ArchanaPatilUPIKKBK,477636747615,,"5,400.05",745970.12
29-04-2025,UPIP2M068755837319NetmedsUPIICICI,117398489552,"1,040.62",,744929.50
29-04-2025,POS RELIANCE MART AMRITSAR,450812453075,"2,650.41",,742279.09
29-04-2025,POS BIG BAZAAR AMRITSAR,846334039700,"3,350.74",,738928.35
30-04-2025,UPIP2M695616399977FlipkartUPIICICI,806816454530,"2,800.03",,736128.32
01-05-2025,UPIP2M191367574970JioRechargeUPIICICI,968918411897,"2,030.68",,734097.64
01-05-2025,POS BHARAT PETROLEUM AMRITSAR,897594663700,"2,800.44",,731297.20
03-05-2025,UPIP2M472893570017MamtaReddyUPIFDRL,806325517240,"16,000.92",,715296.28
04-05-2025,ATMCASHAXISXRQ33725540AMRITS,201633303148,"5,000.00",,710296.28
04-05-2025,UPIP2M861387705764BSNLBroadbanUPIICICI,576217061006,"1,000.14",,709296.14
04-05-2025,UPIP2M949378689784ArjunRaoUPIBDBL,377003345751,"16,100.89",,693195.25
05-05-2025,UPIP2M368370179815VijayAhujaUPIUTIB,911410020449,"18,750.02",,674445.23
06-05-2025,SALARY/S8864399862177/Mahindra Logistics Ltd,963884200077,,"116,111.58",790556.81
07-05-2025,UPIP2M681386351988AjayDuttaUPISBIN,977635885275,"11,150.80",,779406.01
07-05-2025,POS BHARAT PETROLEUM AMRITSAR,506552945916,"4,300.04",,775105.97
07-05-2025,UPIP2M445929420431BlinkitUPIICICI,606125882621,630.50,,774475.47
08-05-2025,UPIP2M339259949813UberIndiaUPIPAYTM,454867444393,440.00,,774035.47
09-05-2025,ATMCASHAXISTGW47287829AMRITS,922219376184,"3,000.00",,771035.47
09-05-2025,UPIP2A438834529128RenuDuttaUPIBKID,545585132457,,"17,550.53",788586.00
09-05-2025,UPIP2M654353370938ZeptoUPIICICI,932664815545,"2,160.94",,786425.06
09-05-2025,UPIP2M735937994195VikasShuklaUPIPUNB,381462417151,"9,050.95",,777374.11
09-05-2025,NACH/MANDATE/LN374916336578/Muthoot Finance,797301202031,"11,500.00",,765874.11
09-05-2025,UPIP2M900547814260TSSPDCLUPIUPIN,709922724673,"3,500.17",,762373.94
10-05-2025,POS HP PETROL PUMP AMRITSAR,754639968000,"2,250.00",,760123.94
10-05-2025,ATMCASHAXISUCW03802402AMRITS,509878825886,"6,000.00",,754123.94
11-05-2025,NACH/MANDATE/RNT5700571/RENT MANDATE,067429390305,"20,000.00",,734123.94
11-05-2025,UPIP2M807091305523BlinkitUPIICICI,232603313352,"1,560.28",,732563.66
12-05-2025,IMPS/089190654479/Manoj Patil/KKBK,869848158345,"27,100.49",,705463.17
12-05-2025,POS MORE SUPER MARKET AMRITSAR,407862262351,"3,900.83",,701562.34
12-05-2025,UPIP2M239637288030LICofIndiaUPILICI,862514834244,"3,100.00",,698462.34
12-05-2025,UPIP2M782889527036JioRechargeUPIPAYTM,843728268084,609.00,,697853.34
13-05-2025,UPIP2M312462289036BSNLBroadbanUPIICICI,372749527668,"2,150.57",,695702.77
13-05-2025,NACH/MANDATE/SIP9158562/Mirae Asset MF,342999617014,"6,500.00",,689202.77
14-05-2025,UPIP2M311660415387BigBasketUPIICICI,522262870309,"2,270.02",,686932.75
14-05-2025,POS V MART AMRITSAR,595588984313,"3,000.29",,683932.46
14-05-2025,UPIP2M805374444667RapidoUPIPAYTM,609800135695,860.00,,683072.46
15-05-2025,UPIP2M366851485975FlipkartUPIPAYTM,541852046599,"4,850.41",,678222.05
15-05-2025,UPIP2M391726867952RekhaThaparUPIPUNB,313629535213,"16,600.20",,661621.85
16-05-2025,POS STAR BAZAAR AMRITSAR,324485987030,"1,600.06",,660021.79
17-05-2025,POS BHARAT PETROLEUM AMRITSAR,459285354748,"3,700.29",,656321.50
17-05-2025,UPIP2M942456050542UberIndiaUPIICICI,633339652901,"1,240.79",,655080.71
18-05-2025,UPIP2M483037805714NareshShuklaUPIFDRL,789204914312,"13,500.73",,641579.98
18-05-2025,UPIP2M414526003742ArjunKapoorUPIHDFC,915538410730,"19,900.41",,621679.57
18-05-2025,UPIP2A185550264105VarshaChatteUPIBKID,013469736756,,"9,600.31",631279.88
18-05-2025,UPIP2A903176852664HimanshuNambUPIBKID,206739334527,,"3,100.58",634380.46
19-05-2025,UPIP2M419299640855JioRechargeUPIPAYTM,297431963839,959.00,,633421.46
21-05-2025,UPIP2M479059562864IndaneGasUPIICICI,227109175135,"2,450.88",,630970.58
23-05-2025,UPIP2M825056876573AnitaSenUPIBDBL,693419527729,"14,300.08",,616670.50
23-05-2025,UPIP2M478409347122AmazonPayUPIICICI,506569390149,"2,780.88",,613889.62
23-05-2025,POS METRO CASH CARRY AMRITSAR,568490947338,"3,750.54",,610139.08
24-05-2025,POS BRAND FACTORY AMRITSAR,135734194013,"7,050.09",,603088.99
24-05-2025,UPIP2M295628108321DunzoUPIICICI,677857928503,"2,470.02",,600618.97
25-05-2025,UPIP2A672514500557SumitYadavUPIPUNB,969976247153,,"13,200.76",613819.73
25-05-2025,UPIP2M708734582299BlinkitUPIICICI,909973515880,"1,040.75",,612778.98
26-05-2025,POS RELIANCE PETROLEUM AMRITSAR,705754005584,"2,900.64",,609878.34
26-05-2025,UPIP2A777098918585RaniDasUPIUCBA,464866487307,,"2,950.94",612829.28
27-05-2025,UPIP2M316474320894SachinVermaUPIFDRL,133056568858,"19,250.90",,593578.38
27-05-2025,UPIP2M830619364242ApolloPharmaUPIICICI,839741046329,850.45,,592727.93
27-05-2025,POS V MART AMRITSAR,822559682057,"7,800.85",,584927.08
27-05-2025,UPIP2M225411594558UberIndiaUPIPAYTM,254459586013,320.74,,584606.34
28-05-2025,UPIP2A020219837902PrashantJainUPIFDRL,859603850497,,"16,800.34",601406.68
28-05-2025,UPIP2M659933479149KunalReddyUPIHDFC,946176865728,"12,100.23",,589306.45
28-05-2025,UPIP2M222247151705JioRechargeUPIICICI,512348723010,630.46,,588675.99
28-05-2025,UPIP2M642718282514HotstarUPIICICI,097286395748,199.00,,588476.99
29-05-2025,UPIP2M596576018152RajeshShahUPIPUNB,285094097093,"5,800.06",,582676.93
30-05-2025,UPIP2M647905951113AnitaNambiarUPIBARB,652355682993,"8,100.15",,574576.78
31-05-2025,POS RELIANCE MART AMRITSAR,060242167622,"7,200.24",,567376.54
31-05-2025,UPIP2A896928706349GauravMalhotUPIBKID,192963515099,,"18,650.66",586027.20
31-05-2025,ATMCASHAXISPTR87917102AMRITS,442259528586,"8,500.00",,577527.20
01-06-2025,UPIP2M958119024906JioRechargeUPIICICI,712749951933,"1,510.04",,576017.16
02-06-2025,UPIP2M637607673243PrashantAgarUPIBDBL,304686273595,"16,150.55",,559866.61
03-06-2025,UPIP2M977595839125FlipkartUPIPAYTM,403969772964,"1,900.60",,557966.01
03-06-2025,POS SHELL FUEL STATION AMRITSAR,507776447087,"3,600.57",,554365.44
03-06-2025,UPIP2A440191075768NaveenKumarUPIKKBK,048151787608,,"1,150.18",555515.62
03-06-2025,UPIP2M275375177560SeemaShuklaUPIHDFC,881863986330,"17,750.86",,537764.76
05-06-2025,UPIP2M278978580689LICofIndiaUPILICI,077025599210,"3,100.00",,534664.76
05-06-2025,POS BHARAT PETROLEUM AMRITSAR,951772011667,"1,400.00",,533264.76
06-06-2025,SALARY/S1072429868288/Mahindra Logistics Ltd,483431458410,,"118,543.58",651808.34
06-06-2025,UPIP2M081145409678FlipkartUPIICICI,115008423800,"1,870.46",,649937.88
07-06-2025,UPIP2M121908562916PaytmMallUPIICICI,663338525549,"1,540.33",,648397.55
07-06-2025,UPIP2M108275525492DineshKumarUPIFDRL,388593789515,"7,200.35",,641197.20
07-06-2025,UPIP2M039627795746NykaaUPIPAYTM,816254834937,"5,300.13",,635897.07
07-06-2025,ATMCASHAXISOMN49936421AMRITS,003139060461,"1,000.00",,634897.07
08-06-2025,NACH/MANDATE/RNT7533690/RENT MANDATE,265186593417,"20,000.00",,614897.07
08-06-2025,UPIP2M135529472910JioRechargeUPIICICI,098049594057,"2,740.82",,612156.25
08-06-2025,POS HP PETROL PUMP AMRITSAR,924516017365,"1,550.87",,610605.38
09-06-2025,UPIP2M204140243972JioRechargeUPIPAYTM,135885923112,509.00,,610096.38
10-06-2025,UPIP2M486190729222OlaCabsUPIPAYTM,789013296068,840.07,,609256.31
10-06-2025,POS PANTALOONS AMRITSAR,152076075621,"2,300.10",,606956.21
10-06-2025,NACH/MANDATE/LN374916336578/Muthoot Finance,093890054742,"11,500.00",,595456.21
10-06-2025,UPIP2M052551893529TSSPDCLUPIUPIN,490203650077,"2,250.29",,593205.92
10-06-2025,UPIP2M167214877109PaytmMallUPIICICI,065615662828,980.69,,592225.23
12-06-2025,UPIP2M243529225848FlipkartUPIICICI,971576527061,"1,190.20",,591035.03
12-06-2025,UPIP2M422400760207OlaCabsUPIPAYTM,058479498451,700.32,,590334.71
12-06-2025,ATMCASHAXISKNY61847675AMRITS,831320346561,"5,000.00",,585334.71
13-06-2025,UPIP2M018540356932PreetiKumarUPISBIN,356794634973,"21,600.07",,563734.64
13-06-2025,UPIP2A296354949277SushmaAgarwaUPIHDFC,938698782799,,950.32,564684.96
14-06-2025,UPIP2M515464096810LataChaudharUPISBIN,932952131015,"7,550.60",,557134.36
14-06-2025,POS MAX FASHION AMRITSAR,799312902143,"6,900.21",,550234.15
14-06-2025,UPIP2M491230914432PoonamSrivasUPIUTIB,463071712703,"6,450.37",,543783.78
15-06-2025,UPIP2M677031062332FlipkartUPIPAYTM,491508767450,"4,400.74",,539383.04
16-06-2025,UPIP2M999507583639BlinkitUPIICICI,473114167734,"1,000.82",,538382.22
16-06-2025,NACH/MANDATE/SIP4875112/Mirae Asset MF,275970324433,"6,500.00",,531882.22
16-06-2025,UPIP2M727689236366BSNLBroadbanUPIRAZORPAY,380024219787,449.00,,531433.22
17-06-2025,UPIP2M963062443798JioRechargeUPIPAYTM,802761554127,199.00,,531234.22
18-06-2025,UPIP2M845989801986PriyaMalhotrUPISBIN,595179777169,"14,450.14",,516784.08
19-06-2025,UPIP2M079657436576JioRechargeUPIICICI,826675913006,"2,080.82",,514703.26
20-06-2025,UPIP2M604720252372RaviPillaiUPIFDRL,307648163574,"1,100.49",,513602.77
21-06-2025,UPIP2M981962632737FlipkartUPIICICI,277521611450,270.93,,513331.84
21-06-2025,ATMCASHAXISBTV00181712AMRITS,602398659565,"6,000.00",,507331.84
21-06-2025,UPIP2A814051076794MinaDesaiUPIFDRL,750771818100,,"21,100.63",528432.47
22-06-2025,UPIP2M311974759073IndaneGasUPIICICI,243212772358,"2,100.67",,526331.80
22-06-2025,POS MAX FASHION AMRITSAR,099702411616,"8,100.37",,518231.43
22-06-2025,POS BHARAT PETROLEUM AMRITSAR,207336093310,"1,350.83",,516880.60
23-06-2025,UPIP2M738746902376AnilSharmaUPIBARB,078687321618,"16,900.98",,499979.62
23-06-2025,UPIP2M710160350512JioRechargeUPIPAYTM,614281535780,549.00,,499430.62
24-06-2025,UPIP2M788171616976BlinkitUPIICICI,990286187704,470.74,,498959.88
24-06-2025,POS STAR BAZAAR AMRITSAR,504769153894,"1,950.24",,497009.64
24-06-2025,UPIP2M005851535952AmazonPayUPIICICI,444914753994,"1,190.20",,495819.44
26-06-2025,POS PANTALOONS AMRITSAR,092551093499,"1,750.19",,494069.25
27-06-2025,UPIP2M281723291425UberIndiaUPIPAYTM,136007111378,210.90,,493858.35
27-06-2025,UPIP2A927684439425MaheshBoseUPIPUNB,423318206593,,"18,300.50",512158.85
27-06-2025,UPIP2M378119050539DivyaDasUPIKKBK,025156222836,"13,750.15",,498408.70
28-06-2025,UPIP2M934380413615PaytmMallUPIICICI,298130266600,140.82,,498267.88
28-06-2025,UPIP2M574438786315OlaCabsUPIPAYTM,861814765917,870.51,,497397.37
28-06-2025,INTEREST CREDIT,891063818076,,"1,135.78",498533.15
28-06-2025,UPIP2M626634050514PaytmMallUPIICICI,109354601860,"2,190.26",,496342.89
28-06-2025,POS RELIANCE MART AMRITSAR,007925545954,"7,400.71",,488942.18
29-06-2025,UPIP2M300443600538OlaCabsUPIICICI,904007978381,"1,360.84",,487581.34
29-06-2025,POS VISHAL MEGA MART AMRITSAR,679117752773,"1,600.54",,485980.80
30-06-2025,UPIP2M921615749575BrijeshSenUPIHDFC,394692189002,"7,450.08",,478530.72
30-06-2025,POS D MART AMRITSAR,814358503807,"8,450.72",,470080.00
30-06-2025,UPIP2M799674374361VivekKapoorUPIBARB,911943845410,"10,150.81",,459929.19
01-07-2025,UPIP2M863321174158VivekJoshiUPIKKBK,802433702804,"9,350.27",,450578.92
01-07-2025,Monthly Service Chrgs,050222459421,450.00,,450128.92
01-07-2025,UPIP2M000417315891PaytmMallUPIICICI,289980408592,"2,560.80",,447568.12
01-07-2025,GST ON CHARGES,669528938206,81.00,,447487.12
02-07-2025,UPIP2M795065932876SwiggyUPIICICI,652268143148,"1,140.65",,446346.47
02-07-2025,UPIP2M695324130125OlaCabsUPIPAYTM,913644050929,80.67,,446265.80
02-07-2025,UPIP2M486977959309ZeptoUPIICICI,914464534268,240.09,,446025.71
02-07-2025,POS VISHAL MEGA MART AMRITSAR,200580651568,900.85,,445124.86
03-07-2025,SALARY/S8396452153448/Mahindra Logistics Ltd,422609117700,,"115,875.58",561000.44
04-07-2025,UPIP2A091463077575HimanshuBoseUPIBARB,934321040208,,"12,000.10",573000.54
04-07-2025,POS METRO CASH CARRY AMRITSAR,429605192909,"7,850.98",,565149.56
05-07-2025,UPIP2M308443168224UberIndiaUPIICICI,266422912155,"1,590.18",,563559.38
05-07-2025,POS STAR BAZAAR AMRITSAR,919248118497,600.92,,562958.46
05-07-2025,UPIP2M693045857262JioRechargeUPIPAYTM,671483592333,389.00,,562569.46
05-07-2025,UPIP2M507934563829VikramKumarUPIPUNB,142709433316,"15,600.81",,546968.65
06-07-2025,UPIP2M146802454881FlipkartUPIICICI,362587651022,"2,540.29",,544428.36
06-07-2025,UPIP2M842935076951OlaCabsUPIPAYTM,273577937711,330.47,,544097.89
06-07-2025,UPIP2M656550790111PrashantMishUPIUCBA,750026646428,"18,900.19",,525197.70
07-07-2025,UPIP2M225735774332UberIndiaUPIICICI,323378529131,"1,700.84",,523496.86
07-07-2025,UPIP2M291092963493ZomatoUPIICICI,343534834379,"1,550.35",,521946.51
07-07-2025,UPIP2M024694923011DunzoUPIICICI,634470431330,"1,890.46",,520056.05
07-07-2025,UPIP2A214564156443KiranPillaiUPIUTIB,000146736709,,"21,800.56",541856.61
08-07-2025,NACH/MANDATE/RNT1192784/RENT MANDATE,222742052890,"20,000.00",,521856.61
08-07-2025,UPIP2M396529642133GirishNaikUPIHDFC,021814171611,"4,450.22",,517406.39
09-07-2025,UPIP2M297576571439JioRechargeUPIICICI,043634751882,"1,410.79",,515995.60
09-07-2025,UPIP2A458205920967YogeshYadavUPIKKBK,766230935964,,"1,550.35",517545.95
09-07-2025,UPIP2M267314012798LICofIndiaUPILICI,221043609071,"3,100.00",,514445.95
09-07-2025,ATMCASHAXISVEO23884310AMRITS,524257172061,"4,500.00",,509945.95
10-07-2025,NACH/MANDATE/LN374916336578/Muthoot Finance,783175873407,"11,500.00",,498445.95
11-07-2025,UPIP2A062544864845MohanAhujaUPIPUNB,550839157602,,"20,200.21",518646.16
11-07-2025,POS INDIAN OIL AMRITSAR,226960642116,"1,850.63",,516795.53
11-07-2025,NACH/MANDATE/SIP7966120/Mirae Asset MF,624384308939,"6,500.00",,510295.53
11-07-2025,UPIP2M922417787510KiranMenonUPIBARB,948108511593,"6,100.68",,504194.85
11-07-2025,UPIP2M367916341578HarishIyerUPIUTIB,574836862404,"5,850.28",,498344.57
11-07-2025,UPIP2M114176816159NykaaUPIPAYTM,845299499453,"2,550.51",,495794.06
12-07-2025,POS SHOPPERS STOP AMRITSAR,402534338903,"4,450.08",,491343.98
13-07-2025,UPIP2M290633380041IndaneGasUPIICICI,293205533728,"1,950.14",,489393.84
14-07-2025,UPIP2M662969928048BSNLBroadbanUPIICICI,617926327836,"1,820.46",,487573.38
15-07-2025,UPIP2M024251526178AmazonPayUPIICICI,827198540389,"2,570.74",,485002.64
16-07-2025,ATMCASHAXISVQV46765895AMRITS,285631488858,"7,500.00",,477502.64
16-07-2025,UPIP2M404964960059SantoshDasUPIUTIB,884543922172,"21,650.11",,455852.53
16-07-2025,UPIP2A105236307943ShwetaBajajUPIBDBL,842824646681,,"3,100.19",458952.72
17-07-2025,ATMCASHAXISTQL74468230AMRITS,732996113255,"3,000.00",,455952.72
17-07-2025,POS BRAND FACTORY AMRITSAR,813406355476,"4,300.01",,451652.71
17-07-2025,UPIP2M883264870335PaytmMallUPIICICI,033851499655,630.57,,451022.14
18-07-2025,POS MAX FASHION AMRITSAR,418036269803,"7,350.77",,443671.37
20-07-2025,UPIP2M708359618872SwiggyUPIICICI,192710702239,800.49,,442870.88
20-07-2025,UPIP2M033175961420BSNLBroadbanUPIRAZORPAY,568400596496,649.00,,442221.88
20-07-2025,UPIP2M365353434192JioRechargeUPIPAYTM,147583701575,669.00,,441552.88
20-07-2025,UPIP2M882075501765PaytmMallUPIICICI,770858986495,"2,420.74",,439132.14
21-07-2025,UPIP2M754917944633SwiggyUPIICICI,690326007801,"1,020.81",,438111.33
22-07-2025,UPIP2M821205827088TSSPDCLUPIUPIN,245990053686,"3,450.67",,434660.66
22-07-2025,UPIP2M820183402109PhonePeMerchUPIICICI,043524287554,530.59,,434130.07
23-07-2025,UPIP2M491501613926ZeptoUPIICICI,700636345172,550.54,,433579.53
26-07-2025,UPIP2M017015913428BigBasketUPIICICI,268985679906,240.68,,433338.85
27-07-2025,UPIP2M357340807476SumitShahUPIUTIB,428800273450,"12,650.28",,420688.57
27-07-2025,UPIP2M615186259009RapidoUPIPAYTM,493664681628,110.13,,420578.44
28-07-2025,UPIP2M647788105062UberIndiaUPIPAYTM,069314202048,560.81,,420017.63
28-07-2025,ATMCASHAXISAEE97378080AMRITS,194433326187,"5,500.00",,414517.63
29-07-2025,UPIP2A164327107138HimanshuPatiUPIKKBK,467283983908,,"14,600.87",429118.50
30-07-2025,POS BHARAT PETROLEUM AMRITSAR,040042628338,"1,150.22",,427968.28
31-07-2025,UPIP2M478721566956HimanshuSrivUPIPUNB,708665560799,"21,250.44",,406717.84
31-07-2025,UPIP2M181024682461AshishPandeyUPIKKBK,237644600020,"9,900.08",,396817.76
01-08-2025,UPIP2M033333718048KavyaPillaiUPIKKBK,145463873214,"7,350.25",,389467.51
01-08-2025,UPIP2M045887904273PoonamBajajUPIHDFC,104677937936,"14,950.80",,374516.71
02-08-2025,UPIP2M408721758362SureshChopraUPIBARB,464675244314,"21,350.52",,353166.19
02-08-2025,UPIP2M579823876240SwiggyUPIICICI,551112325437,950.81,,352215.38
03-08-2025,POS RELIANCE PETROLEUM AMRITSAR,675429498456,"3,250.79",,348964.59
03-08-2025,UPIP2M908165123281JioRechargeUPIPAYTM,296601078653,789.00,,348175.59
04-08-2025,UPIP2M231791848176PaytmMallUPIICICI,290272556755,"2,780.50",,345395.09
04-08-2025,UPIP2M691840778130FlipkartUPIICICI,268277705166,"1,230.18",,344164.91
04-08-2025,SALARY/S8733648892886/Mahindra Logistics Ltd,545982853923,,"118,531.58",462696.49
05-08-2025,UPIP2M782898868556JioRechargeUPIPAYTM,195433253253,679.00,,462017.49
05-08-2025,NACH/MANDATE/RNT4970623/RENT MANDATE,951490042135,"20,000.00",,442017.49
06-08-2025,UPIP2M961107157468DunzoUPIICICI,200821037540,"2,230.29",,439787.20
06-08-2025,POS CENTRAL MALL AMRITSAR,379559587119,"1,350.61",,438436.59
06-08-2025,UPIP2M681464843271OlaCabsUPIPAYTM,204556073447,230.67,,438205.92
06-08-2025,UPIP2M735369981832UberIndiaUPIPAYTM,273653239979,250.37,,437955.55
07-08-2025,POS STAR BAZAAR AMRITSAR,920999634087,"7,550.97",,430404.58
08-08-2025,UPIP2M773014059791JioRechargeUPIPAYTM,240682145674,999.00,,429405.58
08-08-2025,UPIP2M144103920983AshishAgarwaUPIUCBA,743226500280,"21,850.36",,407555.22
08-08-2025,NACH/MANDATE/LN374916336578/Muthoot Finance,217126258493,"11,500.00",,396055.22
09-08-2025,UPIP2A687524617148DeepakShuklaUPIKKBK,902376057157,,"13,600.95",409656.17
10-08-2025,UPIP2M108518513995LICofIndiaUPILICI,882399048533,"3,100.00",,406556.17
10-08-2025,ATMCASHAXISZDL31818940AMRITS,472948858888,"6,500.00",,400056.17
11-08-2025,UPIP2A946132777172PankajKhannaUPIKKBK,368704538895,,"11,050.01",411106.18
12-08-2025,POS CENTRAL MALL AMRITSAR,905848322802,"6,250.89",,404855.29
12-08-2025,UPIP2M816981924115DineshDuttaUPIUTIB,309846158667,"12,750.64",,392104.65
12-08-2025,UPIP2M305437797317OlaCabsUPIICICI,772395864145,"1,910.15",,390194.50
12-08-2025,UPIP2M153634990566TSSPDCLUPIUPIN,730441834486,"4,200.85",,385993.65
13-08-2025,UPIP2M062330902797RajanPillaiUPIPUNB,394055170000,"17,650.36",,368343.29
13-08-2025,NACH/MANDATE/SIP1060195/Mirae Asset MF,137697434250,"6,500.00",,361843.29
13-08-2025,UPIP2M788266020231ZomatoUPIICICI,049007387379,700.29,,361143.00
14-08-2025,POS SHELL FUEL STATION AMRITSAR,985217399070,"3,600.43",,357542.57
14-08-2025,POS STAR BAZAAR AMRITSAR,756754452686,"7,550.13",,349992.44
14-08-2025,UPIP2M015991522669PaytmMallUPIICICI,623640571478,660.93,,349331.51
15-08-2025,POS BIG BAZAAR AMRITSAR,853638699791,"2,050.62",,347280.89
16-08-2025,UPIP2M043547933741NetmedsUPIICICI,397886087631,"3,290.78",,343990.11
17-08-2025,POS INDIAN OIL AMRITSAR,453020894209,"1,900.22",,342089.89
17-08-2025,UPIP2M534342458881IndaneGasUPIICICI,865386278106,"2,050.25",,340039.64
17-08-2025,IMPS/255934936854/Sanjay Chaudhary/BKID,266308628495,"34,800.67",,305238.97
18-08-2025,UPIP2M016126290161FlipkartUPIPAYTM,360335786767,"5,500.50",,299738.47
19-08-2025,UPIP2M701138850131IRCTCUPIICICI,424818699483,349.00,,299389.47
19-08-2025,UPIP2A280407200645NishaReddyUPIHDFC,459004308382,,"10,850.81",310240.28
21-08-2025,UPIP2A718019721261MinaThaparUPIHDFC,020995792877,,"20,650.84",330891.12
23-08-2025,POS INDIAN OIL AMRITSAR,955408359052,"2,800.56",,328090.56
23-08-2025,UPIP2M739016225976UberIndiaUPIICICI,599012666964,"2,340.91",,325749.65
23-08-2025,UPIP2M181741457514VandanaMukheUPIBDBL,258672210888,"13,500.44",,312249.21
24-08-2025,POS STAR BAZAAR AMRITSAR,001740514571,"1,150.90",,311098.31
24-08-2025,UPIP2A064434932995KrishnaDasUPIBKID,496037094699,,"9,500.44",320598.75
24-08-2025,UPIP2M802839744356FlipkartUPIICICI,586091142563,"1,130.11",,319468.64
24-08-2025,UPIP2A255161153774IshaSenUPIFDRL,493037697618,,"21,150.84",340619.48
25-08-2025,UPIP2M382143732939OlaCabsUPIPAYTM,867877640280,780.95,,339838.53
26-08-2025,UPIP2M720689536087DunzoUPIICICI,253196107823,790.04,,339048.49
26-08-2025,UPIP2M500112921459BlinkitUPIICICI,256679175320,"1,590.59",,337457.90
29-08-2025,ATMCASHAXISFSL95825348AMRITS,440534202122,"8,500.00",,328957.90
29-08-2025,UPIP2M348228690502SeemaPatilUPIPUNB,009756303734,"7,300.31",,321657.59
29-08-2025,IMPS/801891741349/Kapil Agarwal/FDRL,536743955693,"37,100.05",,284557.54
29-08-2025,Monthly Service Chrgs,816265964337,490.00,,284067.54
29-08-2025,GST ON CHARGES,965036815046,88.20,,283979.34
29-08-2025,ATMCASHAXISLWR02726587AMRITS,280011608478,"1,500.00",,282479.34
31-08-2025,ATMCASHAXISZOT44187143AMRITS,687295768992,"5,000.00",,277479.34
31-08-2025,ATMCASHAXISQMC49347720AMRITS,449152746998,"4,000.00",,273479.34
01-09-2025,POS HP PETROL PUMP AMRITSAR,644130054092,"1,650.87",,271828.47
02-09-2025,UPIP2M939403813419JioRechargeUPIPAYTM,057394038673,499.00,,271329.47
04-09-2025,UPIP2A660020330447KrishnaRaoUPIBDBL,598587363640,,"2,950.39",274279.86
04-09-2025,UPIP2M264042386296ZomatoUPIICICI,010961426841,260.21,,274019.65
05-09-2025,POS RELIANCE PETROLEUM AMRITSAR,932242042821,"2,950.97",,271068.68
05-09-2025,UPIP2M062719407870BigBasketUPIICICI,548763314438,"1,190.70",,269877.98
05-09-2025,UPIP2A651083860291LalitIyerUPISBIN,255925683996,,"21,800.93",291678.91
06-09-2025,SALARY/S1512193304628/Mahindra Logistics Ltd,740922640843,,"120,294.58",411973.49
07-09-2025,UPIP2M325187437580NetmedsUPIICICI,459345600258,"3,100.23",,408873.26
07-09-2025,UPIP2A432800586489YogeshMalhotUPIBKID,340794460212,,"2,250.45",411123.71
07-09-2025,UPIP2M324884124691BSNLBroadbanUPIICICI,605618919047,"1,990.66",,409133.05
08-09-2025,NACH/MANDATE/LN374916336578/Muthoot Finance,140926786601,"11,500.00",,397633.05
08-09-2025,UPIP2M444604067732BSNLBroadbanUPIICICI,549200470438,380.57,,397252.48
09-09-2025,NACH/MANDATE/RNT8693394/RENT MANDATE,035968351251,"20,000.00",,377252.48
09-09-2025,UPIP2M713757325110MamtaMishraUPIPUNB,196810181969,"19,350.02",,357902.46
10-09-2025,UPIP2A228244773768HimanshuDubeUPIUCBA,864917576001,,"11,050.39",368952.85
10-09-2025,UPIP2M576901964080BlinkitUPIICICI,378651245005,"2,210.13",,366742.72
10-09-2025,UPIP2M448947260702TSSPDCLUPIUPIN,920078643488,600.42,,366142.30
11-09-2025,UPIP2M422979190774UberIndiaUPIICICI,912782066033,"1,650.69",,364491.61
11-09-2025,UPIP2M221288622334LICofIndiaUPILICI,650935370316,"3,100.00",,361391.61
13-09-2025,UPIP2M670816611134ZeptoUPIICICI,767888074965,"2,660.77",,358730.84
13-09-2025,IMPS/546513121154/Akash Ghosh/SBIN,734311851015,"10,300.82",,348430.02
13-09-2025,POS VISHAL MEGA MART AMRITSAR,249290285006,"2,950.37",,345479.65
13-09-2025,UPIP2M018379535112BigBasketUPIICICI,638460696174,"2,330.42",,343149.23
14-09-2025,UPIP2M591275705753OlaCabsUPIPAYTM,070509811292,540.10,,342609.13
14-09-2025,UPIP2M137294013990BigBasketUPIICICI,584163637562,"2,480.38",,340128.75
14-09-2025,UPIP2A095077852368SunitaNairUPIFDRL,852041101725,,"18,850.19",358978.94
15-09-2025,UPIP2M812165424893MohanRoyUPIBKID,725839672331,"5,150.76",,353828.18
15-09-2025,POS INDIAN OIL AMRITSAR,185459804629,"1,100.11",,352728.07
16-09-2025,UPIP2M367035891589PhonePeMerchUPIICICI,713541867214,"2,680.91",,350047.16
16-09-2025,UPIP2M083777385268FlipkartUPIPAYTM,297293030943,950.71,,349096.45
16-09-2025,NACH/MANDATE/SIP5975634/Mirae Asset MF,208140207644,"6,500.00",,342596.45
16-09-2025,UPIP2A603338333252VandanaGhoshUPIPUNB,930729910205,,"2,850.12",345446.57
17-09-2025,POS METRO CASH CARRY AMRITSAR,219343262742,"7,100.87",,338345.70
17-09-2025,POS D MART AMRITSAR,332621220252,"7,600.55",,330745.15
17-09-2025,UPIP2M758760149190ZomatoUPIICICI,197018796536,"2,740.39",,328004.76
18-09-2025,UPIP2M031067152515OlaCabsUPIICICI,993899531162,270.62,,327734.14
19-09-2025,UPIP2M463641312488RaviMenonUPIBKID,178887805243,"20,600.98",,307133.16
19-09-2025,UPIP2M873838244681MeeshoUPIPAYTM,074497834561,"2,650.79",,304482.37
20-09-2025,UPIP2M997246772314UberIndiaUPIPAYTM,936686737542,860.34,,303622.03
20-09-2025,UPIP2M283721896766ZomatoUPIICICI,010630591881,"1,250.01",,302372.02
21-09-2025,UPIP2M040481091874JioRechargeUPIICICI,998488284112,"2,030.49",,300341.53
21-09-2025,UPIP2M691580153334OlaCabsUPIICICI,601553384859,330.44,,300011.09
21-09-2025,ATMCASHAXISZJY70916834AMRITS,391951585872,"2,000.00",,298011.09
23-09-2025,UPIP2A255034412676SeemaChopraUPISBIN,443629961774,,100.53,298111.62
25-09-2025,UPIP2M897120094645IndaneGasUPIICICI,373332952459,"1,550.11",,296561.51
26-09-2025,UPIP2M308847654373JioRechargeUPIPAYTM,003859992636,819.00,,295742.51
26-09-2025,UPIP2A309781845936NareshPatelUPIUCBA,129700242434,,"11,850.36",307592.87
26-09-2025,UPIP2M612677896651RapidoUPIPAYTM,336461790265,670.22,,306922.65
27-09-2025,UPIP2M381571649394ManojPatelUPIBDBL,600531742182,"11,850.63",,295072.02
28-09-2025,UPIP2M613529449419ZomatoUPIICICI,572977805973,560.95,,294511.07
28-09-2025,UPIP2M708312500785OlaCabsUPIICICI,025129250072,400.20,,294110.87
28-09-2025,INTEREST CREDIT,730312626858,,745.96,294856.83
28-09-2025,UPIP2M235343295997ShreyaJainUPIBDBL,603260149127,"5,650.64",,289206.19
29-09-2025,UPIP2M377142492816OlaCabsUPIPAYTM,967836433417,150.63,,289055.56
30-09-2025,POS PANTALOONS AMRITSAR,943758605502,"4,300.06",,284755.50
30-09-2025,ATMCASHAXISOXL89785027AMRITS,176205503030,"7,500.00",,277255.50
01-10-2025,UPIP2M1514963235851mgUPIICICI,925501450101,"2,750.22",,274505.28
01-10-2025,UPIP2M507564968126UberIndiaUPIICICI,477138940102,500.72,,274004.56
01-10-2025,UPIP2M844010151548OlaCabsUPIPAYTM,465401612702,390.04,,273614.52
01-10-2025,UPIP2M254255911533RapidoUPIPAYTM,491819414730,80.21,,273534.31
02-10-2025,ATMCASHAXISLCW70208805AMRITS,712930061399,"9,000.00",,264534.31
02-10-2025,UPIP2M148231762035SaurabhRoyUPIKKBK,721645167559,"11,750.29",,252784.02
03-10-2025,UPIP2M684860735359JioRechargeUPIPAYTM,410286424790,229.00,,252555.02
03-10-2025,UPIP2M128258070948PractoUPIICICI,482731998523,449.00,,252106.02
03-10-2025,POS HP PETROL PUMP AMRITSAR,957730544585,"3,000.62",,249105.40
04-10-2025,UPIP2A632564943928VandanaChoprUPIKKBK,452821442892,,"16,600.52",265705.92
04-10-2025,POS HP PETROL PUMP AMRITSAR,773402358208,"4,150.55",,261555.37
06-10-2025,SALARY/S8008742159236/Mahindra Logistics Ltd,536760223587,,"116,832.58",378387.95
07-10-2025,NACH/MANDATE/RNT2755812/RENT MANDATE,969029033442,"20,000.00",,358387.95
07-10-2025,UPIP2A338441175117SnehaDubeyUPIBDBL,083229528034,,"13,700.37",372088.32
07-10-2025,ATMCASHAXISRNR04206338AMRITS,872308188573,"6,500.00",,365588.32
08-10-2025,UPIP2A382892864905RekhaDubeyUPIFDRL,073879183660,,"21,300.28",386888.60
08-10-2025,UPIP2M614092567606AnjaliRoyUPIUTIB,893042935501,"1,200.96",,385687.64
08-10-2025,UPIP2M658893353587JioRechargeUPIICICI,204265287406,"1,280.28",,384407.36
09-10-2025,UPIP2M694392842984NishaKulkarnUPISBIN,966431067897,"3,100.07",,381307.29
09-10-2025,UPIP2A790276919253JyotiThaparUPIBDBL,006232860701,,"9,150.07",390457.36
10-10-2025,UPIP2M666076919914DunzoUPIICICI,932296428412,920.08,,389537.28
10-10-2025,ATMCASHAXISEYD19979378AMRITS,710851932833,"2,000.00",,387537.28
10-10-2025,UPIP2M838000585801UberIndiaUPIPAYTM,522659084836,400.99,,387136.29
11-10-2025,POS V MART AMRITSAR,324781555310,"3,300.41",,383835.88
11-10-2025,UPIP2M450987926007PaytmMallUPIICICI,179321942932,"2,200.45",,381635.43
11-10-2025,POS BHARAT PETROLEUM AMRITSAR,823185808966,"4,250.94",,377384.49
11-10-2025,UPIP2M361299645919LICofIndiaUPILICI,729804151997,"3,100.00",,374284.49
12-10-2025,POS VISHAL MEGA MART AMRITSAR,361059635554,"4,750.46",,369534.03
12-10-2025,UPIP2M791607127692VandanaMishrUPIBKID,131741883938,"11,400.90",,358133.13
12-10-2025,UPIP2M107277541241SaurabhNairUPIPUNB,098534022043,"19,400.51",,338732.62
12-10-2025,UPIP2A212574664993RajanSharmaUPIUTIB,045545430982,,"5,650.27",344382.89
13-10-2025,UPIP2M747062838780BlinkitUPIICICI,637561702891,"2,210.04",,342172.85
13-10-2025,UPIP2A364369009435ShivamShuklaUPISBIN,301194318318,,"18,300.77",360473.62
14-10-2025,NACH/MANDATE/SIP7001889/Mirae Asset MF,509079883148,"6,500.00",,353973.62
14-10-2025,UPIP2A983865041671LalitNairUPISBIN,297892275476,,"3,900.01",357873.63
14-10-2025,NACH/MANDATE/LN374916336578/Muthoot Finance,878394875977,"11,500.00",,346373.63
16-10-2025,UPIP2M425179880904BlinkitUPIICICI,403933620609,230.44,,346143.19
16-10-2025,UPIP2M521036487189FlipkartUPIICICI,575791568736,"2,730.94",,343412.25
16-10-2025,UPIP2A998816020794KavitaNambiaUPIFDRL,153758847886,,"17,150.11",360562.36
17-10-2025,UPIP2M888685416606OlaCabsUPIICICI,322587872727,"2,110.59",,358451.77
17-10-2025,UPIP2M302018572605AnilChaudharUPISBIN,844248103097,"6,750.99",,351700.78
18-10-2025,UPIP2A019230092145PreetiMishraUPIBDBL,402797663808,,"16,350.83",368051.61
18-10-2025,UPIP2M758976076889TSSPDCLUPIUPIN,222622260450,"3,900.24",,364151.37
18-10-2025,UPIP2M787886597684BigBasketUPIICICI,344579473032,"1,910.87",,362240.50
18-10-2025,UPIP2A092443480404JyotiBajajUPIBKID,574049165023,,"10,400.32",372640.82
18-10-2025,UPIP2M441516241247RapidoUPIPAYTM,968530632463,860.88,,371779.94
20-10-2025,UPIP2M252713875185DunzoUPIICICI,883966687426,630.08,,371149.86
20-10-2025,UPIP2M417652115339MyntraUPIPAYTM,961201034751,"5,350.14",,365799.72
21-10-2025,ATMCASHAXISPKL99724597AMRITS,768196438040,"1,500.00",,364299.72
23-10-2025,UPIP2M021945683927BSNLBroadbanUPIRAZORPAY,647318873415,749.00,,363550.72
24-10-2025,UPIP2M054371795988PaytmMallUPIICICI,631714538033,"2,320.13",,361230.59
26-10-2025,UPIP2M222712707760SumitSharmaUPIHDFC,332636498657,"3,700.00",,357530.59
26-10-2025,UPIP2M500107332862IndaneGasUPIICICI,708191308293,"1,150.26",,356380.33
26-10-2025,ATMCASHAXISYOH79937733AMRITS,102961494170,"4,000.00",,352380.33
27-10-2025,UPIP2M577978764581JioRechargeUPIPAYTM,788472216816,199.00,,352181.33
27-10-2025,POS D MART AMRITSAR,947622991752,"4,400.43",,347780.90
27-10-2025,UPIP2A622555249394VivekMishraUPIBDBL,811997023580,,"20,050.08",367830.98
27-10-2025,POS MORE SUPER MARKET AMRITSAR,416586908858,"4,500.79",,363330.19
28-10-2025,UPIP2M566665240081NaveenPillaiUPIBARB,580771102720,"8,800.56",,354529.63
28-10-2025,UPIP2A373473780249MinaDubeyUPIBKID,653081226598,,"17,700.21",372229.84
29-10-2025,ATMCASHAXISTEH23858607AMRITS,565929481172,"1,500.00",,370729.84
29-10-2025,UPIP2M493965459665PriyaNairUPISBIN,641462846505,"13,100.50",,357629.34
01-11-2025,UPIP2M175286478479JioRechargeUPIICICI,592128680060,"2,580.87",,355048.47
02-11-2025,UPIP2A927056804723DineshKulkarUPIBARB,415747367485,,"19,300.73",374349.20
03-11-2025,UPIP2M104375450441PhonePeMerchUPIICICI,091697295869,540.33,,373808.87
04-11-2025,UPIP2M360728455197OlaCabsUPIPAYTM,341468996992,90.58,,373718.29
06-11-2025,POS HP PETROL PUMP AMRITSAR,813394643146,"3,950.00",,369768.29
06-11-2025,SALARY/S9883270595428/Mahindra Logistics Ltd,593816028421,,"118,693.58",488461.87
08-11-2025,POS BIG BAZAAR AMRITSAR,281170437522,"2,100.09",,486361.78
08-11-2025,ATMCASHAXISZFG54540771AMRITS,998283101184,"4,000.00",,482361.78
09-11-2025,UPIP2M471112333107JioRechargeUPIPAYTM,473727191050,669.00,,481692.78
09-11-2025,NACH/MANDATE/LN374916336578/Muthoot Finance,896907718586,"11,500.00",,470192.78
09-11-2025,UPIP2M213843274142NykaaUPIPAYTM,398203028053,"2,250.41",,467942.37
09-11-2025,UPIP2M636857686463LICofIndiaUPILICI,565103149955,"3,100.00",,464842.37
09-11-2025,UPIP2M868758573360VikramKapoorUPIPUNB,292123191644,"1,100.24",,463742.13
09-11-2025,ATMCASHAXISRUS23186612AMRITS,431962341871,"2,500.00",,461242.13
10-11-2025,NACH/MANDATE/RNT0863107/RENT MANDATE,754439484596,"20,000.00",,441242.13
10-11-2025,ATMCASHAXISLRJ39718528AMRITS,737535254486,"1,500.00",,439742.13
11-11-2025,UPIP2M829445694162AmazonPayUPIPAYTM,874529990942,"3,700.59",,436041.54
12-11-2025,UPIP2M702895330261OlaCabsUPIPAYTM,212025569111,750.11,,435291.43
12-11-2025,UPIP2A079905033316MayaAhujaUPISBIN,176879051445,,"10,900.31",446191.74
12-11-2025,UPIP2M645148642281UberIndiaUPIPAYTM,216810617399,690.62,,445501.12
12-11-2025,UPIP2A739763860447VivekVermaUPIHDFC,602649638509,,"9,650.22",455151.34
13-11-2025,UPIP2M654746799560BSNLBroadbanUPIICICI,044719918904,"1,660.69",,453490.65
13-11-2025,ATMCASHAXISKTA97109593AMRITS,780854960237,"10,000.00",,443490.65
13-11-2025,UPIP2M211936355251OlaCabsUPIICICI,785071911400,680.35,,442810.30
13-11-2025,POS CENTRAL MALL AMRITSAR,486522558154,"1,000.90",,441809.40
13-11-2025,NACH/MANDATE/SIP7689754/Mirae Asset MF,310956322392,"6,500.00",,435309.40
14-11-2025,ATMCASHAXISUXG59359049AMRITS,862832028167,"7,500.00",,427809.40
14-11-2025,UPIP2A824685836274AbhishekDuttUPIBARB,970799482665,,"7,100.45",434909.85
14-11-2025,UPIP2M826527972232JioRechargeUPIICICI,591747207090,"2,680.01",,432229.84
15-11-2025,UPIP2M661867344104ZeptoUPIICICI,966169567512,"1,460.51",,430769.33
15-11-2025,POS LIFESTYLE STORES AMRITSAR,873023700957,"1,550.37",,429218.96
15-11-2025,UPIP2M148553892476JioRechargeUPIICICI,859598318539,"2,390.88",,426828.08
15-11-2025,UPIP2A367436477670PoonamKulkarUPIUCBA,194850682851,,"19,400.43",446228.51
16-11-2025,UPIP2M431537345960AnilPillaiUPIBDBL,138930883496,"21,750.65",,424477.86
16-11-2025,POS RELIANCE MART AMRITSAR,221147149240,"2,550.92",,421926.94
16-11-2025,UPIP2A276817134781JyotiNaikUPISBIN,042938725241,,"12,550.07",434477.01
16-11-2025,UPIP2M199494943558OlaCabsUPIICICI,840691914979,"2,260.78",,432216.23
16-11-2025,ATMCASHAXISKOH81394365AMRITS,310441614187,"6,500.00",,425716.23
17-11-2025,UPIP2M285201332850FlipkartUPIICICI,762130559411,720.39,,424995.84
17-11-2025,POS SHELL FUEL STATION AMRITSAR,288999305340,"3,300.66",,421695.18
17-11-2025,POS MORE SUPER MARKET AMRITSAR,101183108874,"2,500.59",,419194.59
18-11-2025,UPIP2M291704415683TSSPDCLUPIUPIN,993785879179,"1,100.64",,418093.95
20-11-2025,UPIP2M632681294182ZeptoUPIICICI,718920366752,"1,730.59",,416363.36
21-11-2025,UPIP2A401595983833ShivamMalhotUPIUCBA,590365274161,,"21,900.21",438263.57
23-11-2025,UPIP2M170559487798RapidoUPIPAYTM,154574202384,780.69,,437482.88
23-11-2025,UPIP2M317492380100SpotifyUPIICICI,184022439073,399.00,,437083.88
24-11-2025,UPIP2A837993822278ArunTiwariUPIBARB,418105083499,,"13,750.02",450833.90
24-11-2025,UPIP2A732972302169MinaPatelUPIUTIB,093966891014,,"5,300.02",456133.92
25-11-2025,UPIP2M519714804539IndaneGasUPIICICI,184778916332,800.93,,455332.99
26-11-2025,UPIP2M406613971523DivyaChatterUPIHDFC,068743262742,"18,000.09",,437332.90
26-11-2025,UPIP2M598742045932KiranGhoshUPIBDBL,225695946079,"16,150.56",,421182.34
26-11-2025,UPIP2M975405183963AkashPillaiUPISBIN,799149037045,"16,800.37",,404381.97
26-11-2025,UPIP2A355662330708AmitRoyUPISBIN,525349671318,,"14,700.16",419082.13
26-11-2025,UPIP2M375619416242NykaaUPIICICI,240237635609,399.00,,418683.13
26-11-2025,POS SHELL FUEL STATION AMRITSAR,561357984085,"1,550.91",,417132.22
27-11-2025,UPIP2M556385343405JioRechargeUPIPAYTM,419689441797,299.00,,416833.22
28-11-2025,POS V MART AMRITSAR,601129493833,700.52,,416132.70
29-11-2025,IMPS/045946876354/Harish Ahuja/UTIB,995658120249,"32,800.35",,383332.35
29-11-2025,UPIP2M242435636694ArunPillaiUPIUTIB,713093238291,"1,450.71",,381881.64
30-11-2025,UPIP2M475761196318MohitPillaiUPIBKID,779771200494,"17,450.52",,364431.12
30-11-2025,UPIP2M642254217282MayaNambiarUPIKKBK,546353891196,"8,850.05",,355581.07
01-12-2025,POS SHELL FUEL STATION AMRITSAR,944164729724,"2,900.30",,352680.77
01-12-2025,ATMCASHAXISOEL73240295AMRITS,355483776853,"8,500.00",,344180.77
01-12-2025,UPIP2M899451814724ZeptoUPIICICI,440912756205,"2,090.16",,342090.61
02-12-2025,ATMCASHAXISJJG65389604AMRITS,438192787569,"7,000.00",,335090.61
03-12-2025,UPIP2M195994858724UberIndiaUPIPAYTM,051811087148,700.18,,334390.43
03-12-2025,UPIP2M709306132159ArchanaIyerUPIFDRL,395604247026,"21,650.07",,312740.36
04-12-2025,UPIP2M126774548692LICofIndiaUPILICI,023731058842,"3,100.00",,309640.36
04-12-2025,UPIP2M765572394501NykaaUPIPAYTM,702970760102,"4,900.81",,304739.55
04-12-2025,UPIP2A029940598350NareshMukherUPIKKBK,858604984486,,"20,850.77",325590.32
05-12-2025,UPIP2M918849047540MeeshoUPIPAYTM,851144271711,700.17,,324890.15
05-12-2025,SALARY/S5091980056610/Mahindra Logistics Ltd,022395601180,,"116,361.58",441251.73
05-12-2025,UPIP2A850952890553AshaTiwariUPIHDFC,888424475243,,"2,950.27",444202.00
05-12-2025,UPIP2M560779272779JioRechargeUPIPAYTM,324620700248,579.00,,443623.00
07-12-2025,UPIP2M190560975911PaytmMallUPIICICI,247202381942,"2,330.21",,441292.79
07-12-2025,NACH/MANDATE/LN374916336578/Muthoot Finance,896097019037,"11,500.00",,429792.79
08-12-2025,UPIP2A715653418640GeetaNairUPIUCBA,917894117493,,"1,650.61",431443.40
08-12-2025,ATMCASHAXISMQT92355791AMRITS,148933013349,"7,000.00",,424443.40
10-12-2025,NACH/MANDATE/RNT2168259/RENT MANDATE,871557125492,"20,000.00",,404443.40
10-12-2025,UPIP2M371884335678JioRechargeUPIPAYTM,768531432156,579.00,,403864.40
10-12-2025,ATMCASHAXISHVK39518199AMRITS,875703721124,"6,500.00",,397364.40
10-12-2025,UPIP2A055046591896SushmaNaikUPIUCBA,047668266831,,"16,200.61",413565.01
11-12-2025,UPIP2M829094757994ZomatoUPIICICI,536393199231,990.29,,412574.72
12-12-2025,UPIP2M228458245496FlipkartUPIPAYTM,140168572157,"5,600.98",,406973.74
12-12-2025,POS RELIANCE MART AMRITSAR,028551789296,"4,550.25",,402423.49
12-12-2025,UPIP2M495889150005FlipkartUPIICICI,791465610225,"1,540.95",,400882.54
13-12-2025,POS D MART AMRITSAR,560980478933,"3,050.13",,397832.41
13-12-2025,UPIP2M988820220902JioRechargeUPIPAYTM,672113875681,789.00,,397043.41
13-12-2025,UPIP2M433668088538MakeMyTripUPIICICI,407455211232,149.00,,396894.41
14-12-2025,UPIP2M893723120430OlaCabsUPIPAYTM,184635018783,380.54,,396513.87
14-12-2025,UPIP2M245419800344BlinkitUPIICICI,765833206049,"2,440.59",,394073.28
17-12-2025,POS D MART AMRITSAR,567553592521,"7,800.19",,386273.09
17-12-2025,UPIP2M354765188663SushmaSenUPIUTIB,618367693071,"20,800.39",,365472.70
17-12-2025,POS MORE SUPER MARKET AMRITSAR,149762811338,"2,800.89",,362671.81
17-12-2025,UPIP2M033058524557AmazonPayUPIICICI,693737974916,720.11,,361951.70
18-12-2025,IMPS/287290861353/Vivek Roy/HDFC,439294755200,"21,300.84",,340650.86
18-12-2025,POS METRO CASH CARRY AMRITSAR,275248685073,500.01,,340150.85
18-12-2025,NACH/MANDATE/SIP3099193/Mirae Asset MF,937523822844,"6,500.00",,333650.85
18-12-2025,POS INDIAN OIL AMRITSAR,845943913672,"4,500.76",,329150.09
19-12-2025,UPIP2M696880514047DunzoUPIICICI,349145983324,"1,350.53",,327799.56
19-12-2025,ATMCASHAXISHKL77528900AMRITS,687697592073,"9,000.00",,318799.56
20-12-2025,UPIP2M426710289179PhonePeMerchUPIICICI,067436793970,150.11,,318649.45
22-12-2025,UPIP2M917966760452IndaneGasUPIICICI,344195618754,950.89,,317698.56
22-12-2025,UPIP2M333883359867TSSPDCLUPIUPIN,446382144856,"1,900.04",,315798.52
22-12-2025,UPIP2A556509354532SiddharthBanUPIUTIB,520060563100,,"13,350.16",329148.68
23-12-2025,UPIP2M041561643471UberIndiaUPIICICI,757450380836,970.57,,328178.11
23-12-2025,UPIP2M086749970685KapilNambiarUPIHDFC,051018472855,"7,500.91",,320677.20
25-12-2025,UPIP2M248417126022RapidoUPIPAYTM,251880029080,180.46,,320496.74
25-12-2025,POS RELIANCE PETROLEUM AMRITSAR,796557353644,"4,500.07",,315996.67
25-12-2025,INTEREST CREDIT,217885781024,,"1,075.77",317072.44
25-12-2025,UPIP2M385764421191JioRechargeUPIPAYTM,400948997510,419.00,,316653.44
27-12-2025,UPIP2M840765543686MeenaJoshiUPIBARB,362454868038,"6,650.89",,310002.55
28-12-2025,UPIP2M469437191346UberIndiaUPIICICI,846512053533,240.03,,309762.52
29-12-2025,UPIP2M846844022728RapidoUPIPAYTM,800914380905,730.40,,309032.12
29-12-2025,POS D MART AMRITSAR,418058276133,"4,050.70",,304981.42
29-12-2025,POS V MART AMRITSAR,321649217112,"8,150.28",,296831.14
30-12-2025,POS BRAND FACTORY AMRITSAR,620572825617,"3,650.01",,293181.13
30-12-2025,Monthly Service Chrgs,427704366922,90.00,,293091.13
30-12-2025,UPIP2M158811610427OlaCabsUPIICICI,064032257135,"1,360.21",,291730.92
30-12-2025,GST ON CHARGES,177091948600,16.20,,291714.72
31-12-2025,UPIP2M729936831874AnkitDubeyUPIHDFC,297019261881,"9,500.16",,282214.56
01-01-2026,ATMCASHAXISWLD25676849AMRITS,985658589041,"7,500.00",,274714.56
04-01-2026,UPIP2M321695759647BlinkitUPIICICI,668404818733,580.14,,274134.42
04-01-2026,UPIP2M184704019084LICofIndiaUPILICI,849631193652,"3,100.00",,271034.42
05-01-2026,SALARY/S2476359570724/Mahindra Logistics Ltd,798207109969,,"116,761.58",387796.00
06-01-2026,UPIP2M110409413492MinaPatelUPIBKID,007554077812,"19,100.26",,368695.74
06-01-2026,POS D MART AMRITSAR,913328573532,"3,000.77",,365694.97
07-01-2026,UPIP2M565725594665AmazonPayUPIICICI,522689776472,"2,420.66",,363274.31
07-01-2026,UPIP2M870704759865RapidoUPIPAYTM,404105474438,780.99,,362493.32
07-01-2026,UPIP2A945306709724AbhishekAhujUPIFDRL,225026331807,,"21,200.56",383693.88
08-01-2026,UPIP2M431673939081BSNLBroadbanUPIICICI,311674256831,"2,450.50",,381243.38
08-01-2026,UPIP2M820096288096VivekChopraUPIBDBL,979617575682,"18,100.21",,363143.17
09-01-2026,UPIP2M931963701196ShreyaTiwariUPIUTIB,482027087209,"13,800.00",,349343.17
10-01-2026,POS VISHAL MEGA MART AMRITSAR,306319577222,"2,750.23",,346592.94
10-01-2026,NACH/MANDATE/LN374916336578/Muthoot Finance,774069264487,"11,500.00",,335092.94
10-01-2026,NACH/MANDATE/RNT9920730/RENT MANDATE,820232104152,"20,000.00",,315092.94
11-01-2026,ATMCASHAXISGJB69458619AMRITS,054762309612,"6,500.00",,308592.94
12-01-2026,UPIP2A969014556751ArjunSaxenaUPISBIN,802442694926,,"18,550.85",327143.79
12-01-2026,UPIP2M381667063960RameshBanerjUPISBIN,348757987643,"22,000.21",,305143.58
13-01-2026,UPIP2M665698640101UberIndiaUPIPAYTM,796694576430,890.48,,304253.10
13-01-2026,UPIP2M926361512985OlaCabsUPIICICI,843440954776,760.94,,303492.16
13-01-2026,POS PANTALOONS AMRITSAR,032167092271,"1,450.55",,302041.61
13-01-2026,ATMCASHAXISPMW92878289AMRITS,589968804125,"2,000.00",,300041.61
13-01-2026,UPIP2M215655181239AmazonPayUPIPAYTM,209570654204,"2,350.93",,297690.68
14-01-2026,UPIP2M954810313948ArunJoshiUPIUCBA,058109284922,"10,300.45",,287390.23
14-01-2026,UPIP2M483281640968SwiggyUPIICICI,696745549708,"1,830.87",,285559.36
15-01-2026,UPIP2M428617255595PhonePeMerchUPIICICI,714557119464,290.37,,285268.99
15-01-2026,POS RELIANCE PETROLEUM AMRITSAR,242359315599,"1,800.98",,283468.01
16-01-2026,UPIP2M420112945031OlaCabsUPIPAYTM,747729656604,690.63,,282777.38
16-01-2026,UPIP2M443803866151IndaneGasUPIICICI,266088617279,"1,900.01",,280877.37
17-01-2026,NACH/MANDATE/SIP9344086/Mirae Asset MF,886620336351,"6,500.00",,274377.37
19-01-2026,UPIP2M002614178240BabitaPillaiUPIUTIB,342309353493,300.73,,274076.64
19-01-2026,UPIP2M986621772986JioRechargeUPIPAYTM,366080182290,759.00,,273317.64
20-01-2026,ATMCASHAXISEVL46450827AMRITS,071707165364,"5,000.00",,268317.64
22-01-2026,NEFT/N2356136585564/Bharti Airtel Ltd/UCBA0775246,412168308919,,"8,500.44",276818.08
22-01-2026,POS BIG BAZAAR AMRITSAR,259351306337,"2,950.36",,273867.72
22-01-2026,UPIP2M657143334638TSSPDCLUPIUPIN,198173180516,"1,950.49",,271917.23
23-01-2026,UPIP2M524544400690JioRechargeUPIPAYTM,008658589678,609.00,,271308.23
23-01-2026,UPIP2M028684082577ZeptoUPIICICI,958021432448,"2,250.30",,269057.93
23-01-2026,UPIP2M394723738537BigBasketUPIICICI,032743521896,"2,160.73",,266897.20
23-01-2026,UPIP2M067929821992MeeshoUPIPAYTM,538764340784,"4,000.37",,262896.83
24-01-2026,UPIP2M915308448692BSNLBroadbanUPIRAZORPAY,579430232935,499.00,,262397.83
25-01-2026,UPIP2M020529283313JioRechargeUPIPAYTM,030687899879,809.00,,261588.83
26-01-2026,IMPS/949521681182/Naresh Das/FDRL,558012594365,"7,600.15",,253988.68
27-01-2026,Monthly Service Chrgs,300832375508,100.00,,253888.68
27-01-2026,ATMCASHAXISMDF90863221AMRITS,633734458662,"6,000.00",,247888.68
27-01-2026,GST ON CHARGES,055987738886,18.00,,247870.68
27-01-2026,UPIP2M584092894464RapidoUPIPAYTM,538831601782,700.82,,247169.86
27-01-2026,UPIP2M703888668055RapidoUPIPAYTM,706159899040,340.93,,246828.93
28-01-2026,UPIP2M701673664382OlaCabsUPIICICI,465620784813,"1,150.73",,245678.20
28-01-2026,POS MAX FASHION AMRITSAR,082760673059,"1,200.32",,244477.88
28-01-2026,POS METRO CASH CARRY AMRITSAR,140611384049,"3,250.42",,241227.46
29-01-2026,UPIP2M826763439709RameshMenonUPIUTIB,129427107228,"4,500.36",,236727.10
30-01-2026,POS RELIANCE PETROLEUM AMRITSAR,713718302032,"1,100.44",,235626.66
30-01-2026,UPIP2M945345288528JioRechargeUPIICICI,160507623871,650.61,,234976.05
30-01-2026,POS METRO CASH CARRY AMRITSAR,027740256573,"7,750.42",,227225.63
30-01-2026,UPIP2M397482422772AnkitChatterUPIBKID,966405977038,"20,850.06",,206375.57
31-01-2026,UPIP2A290978743420JyotiAhujaUPIBKID,298144416040,,"7,800.14",214175.71
02-02-2026,UPIP2A473814053863LalitSrivastUPIFDRL,286997781729,,"2,800.86",216976.57
02-02-2026,UPIP2M473579939069OlaCabsUPIPAYTM,689201856360,130.87,,216845.70
02-02-2026,ATMCASHAXISNJA00739546AMRITS,127239969496,"1,000.00",,215845.70
04-02-2026,UPIP2M219791689067JioRechargeUPIPAYTM,505401400664,609.00,,215236.70
04-02-2026,UPIP2M937990061042HimanshuDesaUPIPUNB,061064026997,"16,450.09",,198786.61
04-02-2026,UPIP2M797296200946SwiggyUPIICICI,511504859117,"2,120.06",,196666.55
04-02-2026,SALARY/S9884173487416/Mahindra Logistics Ltd,091012872984,,"119,922.58",316589.13
06-02-2026,POS V MART AMRITSAR,249728772566,"1,450.68",,315138.45
06-02-2026,NACH/MANDATE/LN374916336578/Muthoot Finance,611983947354,"11,500.00",,303638.45
06-02-2026,POS CENTRAL MALL AMRITSAR,761191723936,"6,900.71",,296737.74
06-02-2026,POS STAR BAZAAR AMRITSAR,216631132465,"3,900.13",,292837.61
07-02-2026,UPIP2M197695149521GirishKumarUPIBKID,870718203944,"13,400.81",,279436.80
07-02-2026,ATMCASHAXISXZP08135025AMRITS,474258801511,"7,500.00",,271936.80
08-02-2026,UPIP2M297460580164OlaCabsUPIPAYTM,425329789243,310.72,,271626.08
08-02-2026,UPIP2M891942622343ShivamPillaiUPIPUNB,582612161206,"9,950.66",,261675.42
08-02-2026,UPIP2M312339789949MohitGuptaUPIBKID,069907903309,"21,550.10",,240125.32
08-02-2026,NACH/MANDATE/RNT5401501/RENT MANDATE,431832750458,"20,000.00",,220125.32
10-02-2026,POS MORE SUPER MARKET AMRITSAR,209170710477,"5,350.23",,214775.09
10-02-2026,UPIP2A567707704152GeetaYadavUPIBDBL,741311273003,,"2,550.19",217325.28
11-02-2026,UPIP2M184056083076JioRechargeUPIPAYTM,254774400851,899.00,,216426.28
11-02-2026,POS PANTALOONS AMRITSAR,576561426339,"4,500.84",,211925.44
12-02-2026,UPIP2M650119425983LICofIndiaUPILICI,864658829500,"3,100.00",,208825.44
12-02-2026,POS BIG BAZAAR AMRITSAR,474855594326,"7,550.13",,201275.31
13-02-2026,UPIP2M157408549527ZomatoUPIICICI,362778064378,730.66,,200544.65
13-02-2026,UPIP2A741854115934RekhaSethiUPIPUNB,886553327750,,"6,800.61",207345.26
13-02-2026,UPIP2M642546667720JioRechargeUPIPAYTM,493927776762,989.00,,206356.26
13-02-2026,UPIP2M435593865784SiddharthShuUPIBARB,993276618470,400.93,,205955.33
14-02-2026,UPIP2M428177182932IndaneGasUPIICICI,383426690400,"2,600.26",,203355.07
14-02-2026,UPIP2A581162933397GopalTiwariUPIFDRL,102987505236,,"20,450.03",223805.10
14-02-2026,UPIP2M312900229079OlaCabsUPIPAYTM,491868124474,680.12,,223124.98
15-02-2026,UPIP2M433594114279DeepaMenonUPIUTIB,635710096564,"5,900.91",,217224.07
15-02-2026,POS INDIAN OIL AMRITSAR,542138827214,"2,700.68",,214523.39
16-02-2026,ATMCASHAXISJKJ83253084AMRITS,568455271372,"9,500.00",,205023.39
17-02-2026,NACH/MANDATE/SIP5723389/Mirae Asset MF,297306682613,"6,500.00",,198523.39
18-02-2026,UPIP2M008571638631FlipkartUPIICICI,428934601363,870.98,,197652.41
19-02-2026,POS MAX FASHION AMRITSAR,999785296310,650.81,,197001.60
21-02-2026,UPIP2M912024318036KapilSinghUPIBARB,934656511642,"2,250.68",,194750.92
21-02-2026,UPIP2M644655447155NetmedsUPIICICI,485994007455,"1,780.64",,192970.28
23-02-2026,UPIP2M852246657948TSSPDCLUPIUPIN,912392906449,"1,700.01",,191270.27
23-02-2026,UPIP2M442476186577RakeshJainUPIBDBL,993408084408,"18,700.49",,172569.78
23-02-2026,UPIP2M434562369299BSNLBroadbanUPIRAZORPAY,996853891853,549.00,,172020.78
24-02-2026,ATMCASHAXISHOT72959769AMRITS,897459274317,"8,000.00",,164020.78
24-02-2026,ATMCASHAXISEFG79637701AMRITS,666694200918,"8,000.00",,156020.78
24-02-2026,UPIP2M889269934195JioRechargeUPIPAYTM,555588617260,419.00,,155601.78
24-02-2026,UPIP2M638618355368JioRechargeUPIICICI,360201838318,960.36,,154641.42
26-02-2026,UPIP2A457349552561MeenaMishraUPIUTIB,096392909299,,"3,550.08",158191.50
27-02-2026,UPIP2M896910392459FlipkartUPIICICI,572692082531,"2,560.64",,155630.86
27-02-2026,UPIP2A646231831845GeetaMenonUPIBARB,832529206227,,"3,000.31",158631.17
27-02-2026,POS PANTALOONS AMRITSAR,261709553914,"3,650.92",,154980.25
27-02-2026,UPIP2A053696728449MaheshKulkarUPIKKBK,274494614554,,"4,100.74",159080.99
28-02-2026,UPIP2M373670410851RohitJoshiUPIBDBL,601839100424,"15,000.62",,144080.37
28-02-2026,UPIP2M830791081867MyntraUPIPAYTM,489318659247,"1,400.60",,142679.77
28-02-2026,UPIP2M662606710166MohitDesaiUPIPUNB,902283082661,"11,700.13",,130979.64
28-02-2026,UPIP2M385796322952BlinkitUPIICICI,606375703858,"1,310.23",,129669.41
28-02-2026,UPIP2M787465400161VishalAgarwaUPIPUNB,319453553557,"17,400.37",,112269.04
28-02-2026,UPIP2M179185267408BlinkitUPIICICI,010247256644,"2,750.66",,109518.38
28-02-2026,UPIP2M926333458843SaritaDubeyUPIBDBL,321461499775,"1,250.68",,108267.70
01-03-2026,UPIP2M826223540650AmazonPayUPIPAYTM,125378103102,"5,050.80",,103216.90
01-03-2026,UPIP2M641537210517JioRechargeUPIICICI,741547717595,"1,000.76",,102216.14
01-03-2026,POS RELIANCE MART AMRITSAR,760656455523,"8,100.45",,94115.69
02-03-2026,POS RELIANCE PETROLEUM AMRITSAR,508337614378,"1,450.47",,92665.22
02-03-2026,ATMCASHAXISQGZ07486838AMRITS,961352598333,"4,500.00",,88165.22
02-03-2026,UPIP2M847623701019DunzoUPIICICI,900456028401,"1,260.50",,86904.72
02-03-2026,UPIP2M317531232295PrashantDesaUPIBDBL,093864811269,"10,000.21",,76904.51
03-03-2026,UPIP2A349249258385SoniaBanerjeUPIBARB,032744178455,,"13,350.18",90254.69
03-03-2026,UPIP2M784587618021GopalReddyUPISBIN,623938237026,"18,400.60",,71854.09
03-03-2026,UPIP2M785395777412UberIndiaUPIPAYTM,619284045963,210.71,,71643.38
04-03-2026,UPIP2M097438116278BigBasketUPIICICI,639702363762,"1,440.20",,70203.18
05-03-2026,SALARY/S5365098308214/Mahindra Logistics Ltd,928150476005,,"116,821.58",187024.76
05-03-2026,UPIP2M150630771780LICofIndiaUPILICI,521607781412,"3,100.00",,183924.76
06-03-2026,NACH/MANDATE/RNT5478427/RENT MANDATE,033022807936,"20,000.00",,163924.76
06-03-2026,UPIP2M315008695202AjayPillaiUPIKKBK,414710117808,"19,500.81",,144423.95
06-03-2026,UPIP2A840151524482GopalSrivastUPIBARB,339423666025,,"5,550.07",149974.02
07-03-2026,UPIP2M409655709021ZeptoUPIICICI,262439894475,"2,480.97",,147493.05
08-03-2026,UPIP2M385578767344BigBasketUPIICICI,673678298642,390.42,,147102.63
09-03-2026,NACH/MANDATE/LN374916336578/Muthoot Finance,968689681743,"11,500.00",,135602.63
10-03-2026,UPIP2M028162302320TSSPDCLUPIUPIN,678788351990,"4,150.39",,131452.24
12-03-2026,POS SHELL FUEL STATION AMRITSAR,704792292562,"4,150.96",,127301.28
12-03-2026,UPIP2M910641074498HarishKumarUPIHDFC,491087407632,"4,950.96",,122350.32
13-03-2026,UPIP2M649575445446UberIndiaUPIPAYTM,960409544942,450.98,,121899.34
13-03-2026,UPIP2M191732085743SwiggyUPIICICI,089276633059,"1,140.54",,120758.80
13-03-2026,UPIP2M461278176069PhonePeMerchUPIICICI,674098702993,"2,130.26",,118628.54
14-03-2026,UPIP2M242574344226IndaneGasUPIICICI,678176249728,"2,500.38",,116128.16
15-03-2026,NACH/MANDATE/SIP1629959/Mirae Asset MF,730048336603,"6,500.00",,109628.16
15-03-2026,UPIP2M361996781060UberIndiaUPIICICI,747495559247,"2,020.58",,107607.58
16-03-2026,UPIP2M258846643454SantoshMukheUPIHDFC,136369501198,"14,250.03",,93357.55
17-03-2026,UPIP2M596674254289ZomatoUPIICICI,276057237937,710.48,,92647.07
17-03-2026,POS BHARAT PETROLEUM AMRITSAR,588827922442,"4,050.73",,88596.34
17-03-2026,UPIP2M878529720038DunzoUPIICICI,576392322948,300.36,,88295.98
18-03-2026,UPIP2A675617544986SwatiPatilUPIKKBK,212640945308,,"19,050.73",107346.71
19-03-2026,UPIP2M741972458684JioRechargeUPIPAYTM,845435406810,639.00,,106707.71
19-03-2026,POS BRAND FACTORY AMRITSAR,620456695877,"6,850.31",,99857.40
19-03-2026,UPIP2M386439140905BigBasketUPIICICI,123930343834,"1,820.66",,98036.74
19-03-2026,POS METRO CASH CARRY AMRITSAR,089870988832,"7,150.38",,90886.36
19-03-2026,UPIP2M286357270648BlinkitUPIICICI,076834779123,"1,300.05",,89586.31
20-03-2026,ATMCASHAXISTBO06642131AMRITS,090671987396,"5,500.00",,84086.31
20-03-2026,UPIP2A995163384266DineshMukherUPIKKBK,501337506233,,"18,600.97",102687.28
20-03-2026,UPIP2M735545029053JioRechargeUPIPAYTM,368829696419,259.00,,102428.28
21-03-2026,UPIP2M024836358301JioRechargeUPIPAYTM,626972712703,419.00,,102009.28
21-03-2026,UPIP2M455008993057BSNLBroadbanUPIRAZORPAY,295129747127,"1,049.00",,100960.28
21-03-2026,UPIP2M522495542835JioRechargeUPIICICI,222468790612,510.94,,100449.34
21-03-2026,UPIP2M892252340065MohitDasUPIPUNB,500481074362,"8,250.01",,92199.33
21-03-2026,UPIP2M414294148160FlipkartUPIICICI,658473827323,"1,820.13",,90379.20
22-03-2026,UPIP2M624416633183FlipkartUPIICICI,052267998523,"1,890.41",,88488.79
23-03-2026,UPIP2M515516637599BlinkitUPIICICI,323551071822,"2,750.38",,85738.41
24-03-2026,POS BIG BAZAAR AMRITSAR,502973819036,"4,150.31",,81588.10
24-03-2026,UPIP2M746348089680OlaCabsUPIPAYTM,179141314216,90.78,,81497.32
25-03-2026,UPIP2M895531921238BigBasketUPIICICI,530318715470,690.90,,80806.42
25-03-2026,INTEREST CREDIT,752158502790,,465.96,81272.38
26-03-2026,UPIP2A490379998694DineshRoyUPIBKID,425202192048,,"21,050.92",102323.30
27-03-2026,UPIP2M758471125658MyntraUPIPAYTM,535389153820,"4,050.75",,98272.55
27-03-2026,UPIP2M886345780044SunilJainUPIUCBA,448871247435,"8,850.13",,89422.42
29-03-2026,POS BIG BAZAAR AMRITSAR,840796059638,"1,800.11",,87622.31
30-03-2026,UPIP2M502294331239ZeptoUPIICICI,089847444633,"1,960.46",,85661.85
30-03-2026,UPIP2M876404515921NareshMukherUPIUTIB,777572124932,"21,250.59",,64411.26
31-03-2026,POS VISHAL MEGA MART AMRITSAR,905156222382,"2,500.02",,61911.24
31-03-2026,UPIP2A933680237831DivyaSinghUPIFDRL,878399834442,,"5,450.77",67362.01
01-04-2026,UPIP2M003800496067BigBasketUPIICICI,475633462477,"2,090.22",,65271.79
02-04-2026,UPIP2M958723772287DunzoUPIICICI,393836835871,500.23,,64771.56
02-04-2026,POS HP PETROL PUMP AMRITSAR,219572284652,"3,800.78",,60970.78
02-04-2026,UPIP2M944378793117JioRechargeUPIPAYTM,790339909206,299.00,,60671.78
02-04-2026,UPIP2M843476800007AmazonPayUPIICICI,840698626563,"1,580.98",,59090.80
03-04-2026,UPIP2M912300112926JioRechargeUPIPAYTM,594951123356,179.00,,58911.80
03-04-2026,UPIP2M494758618389RapidoUPIPAYTM,930703506094,560.03,,58351.77
05-04-2026,UPIP2M142727731830SushmaBajajUPIBKID,867708152270,"3,600.75",,54751.02
05-04-2026,UPIP2M370864292306AkashShahUPISBIN,427497687321,"14,400.94",,40350.08
05-04-2026,SALARY/S8439175944421/Mahindra Logistics Ltd,996299272780,,"116,582.58",156932.66
06-04-2026,UPIP2A863037545223SnehaSrivastUPIUTIB,322253489809,,"20,700.82",177633.48
06-04-2026,NACH/MANDATE/RNT4969114/RENT MANDATE,803981232576,"20,000.00",,157633.48
07-04-2026,UPIP2M363699308818SwiggyUPIICICI,078681936285,"2,710.88",,154922.60
07-04-2026,ATMCASHAXISZDQ22743007AMRITS,037155801573,"8,500.00",,146422.60
07-04-2026,UPIP2M605968075991JioRechargeUPIICICI,379009809917,490.77,,145931.83
07-04-2026,POS STAR BAZAAR AMRITSAR,476617437619,"5,550.90",,140380.93
08-04-2026,ATMCASHAXISVHS77220658AMRITS,769589555622,"3,000.00",,137380.93
08-04-2026,UPIP2M614723185692PaytmMallUPIICICI,047083528234,"1,450.26",,135930.67
08-04-2026,UPIP2M985360892929BSNLBroadbanUPIRAZORPAY,293363881787,749.00,,135181.67
09-04-2026,UPIP2A852974679730BrijeshAhujaUPIUCBA,968462019720,,"16,650.24",151831.91
09-04-2026,UPIP2M673318870213RapidoUPIPAYTM,169867544536,140.38,,151691.53
09-04-2026,UPIP2A178504905296SangitaShahUPIFDRL,881949033953,,"5,700.16",157391.69
10-04-2026,UPIP2M678249419173LICofIndiaUPILICI,550569526354,"3,100.00",,154291.69
10-04-2026,UPIP2M098775302056BrijeshPatilUPISBIN,589428230838,"11,400.49",,142891.20
11-04-2026,POS BHARAT PETROLEUM AMRITSAR,322543381943,"2,100.43",,140790.77
11-04-2026,UPIP2M918435582789BigBasketUPIICICI,249817253766,"1,530.02",,139260.75
12-04-2026,UPIP2M364756734201AmazonPayUPIPAYTM,725196254477,"3,100.97",,136159.78
13-04-2026,NACH/MANDATE/SIP6779041/Mirae Asset MF,511884716060,"6,500.00",,129659.78
13-04-2026,UPIP2M100492149941TSSPDCLUPIUPIN,062933294542,"1,050.30",,128609.48
13-04-2026,NACH/MANDATE/LN374916336578/Muthoot Finance,716718649625,"11,500.00",,117109.48
14-04-2026,UPIP2A528600662198SachinKhannaUPIKKBK,667668992930,,"20,750.86",137860.34
14-04-2026,UPIP2M275441796439DeepakDesaiUPIUCBA,624704756835,"15,550.01",,122310.33
14-04-2026,UPIP2A940695633008VandanaBoseUPIBARB,802796536383,,"13,050.31",135360.64
15-04-2026,POS SHOPPERS STOP AMRITSAR,917771373060,"2,150.01",,133210.63
15-04-2026,POS RELIANCE PETROLEUM AMRITSAR,509502833738,"4,450.17",,128760.46
15-04-2026,POS MAX FASHION AMRITSAR,835992139770,"4,000.55",,124759.91
15-04-2026,UPIP2M702400836501ShwetaYadavUPIFDRL,170296069495,"8,750.81",,116009.10
16-04-2026,UPIP2M745556106957ApolloPharmaUPIICICI,731131788071,399.00,,115610.10
16-04-2026,UPIP2M130639434638BigBasketUPIICICI,809181919888,"1,800.41",,113809.69
16-04-2026,POS BRAND FACTORY AMRITSAR,232761580729,"1,050.49",,112759.20
16-04-2026,POS CENTRAL MALL AMRITSAR,729252576124,"4,650.11",,108109.09
17-04-2026,ATMCASHAXISJDB44361251AMRITS,446766592447,"7,000.00",,101109.09
17-04-2026,IMPS/192286033336/Pallavi Das/BKID,166282918826,"24,300.93",,76808.16
17-04-2026,UPIP2M791013829158FlipkartUPIICICI,885256975112,250.30,,76557.86
18-04-2026,NEFT/N0611388230157/HDFC Life Insurance/BARB0920699,512554720867,,"7,000.74",83558.60
21-04-2026,UPIP2M334523658535HarishVermaUPIBDBL,468489558874,"13,400.15",,70158.45
21-04-2026,UPIP2M951852162904PaytmMallUPIICICI,266211165598,240.08,,69918.37
21-04-2026,UPIP2A425326112360RameshKhannaUPIKKBK,330504331462,,"14,750.64",84669.01
21-04-2026,UPIP2M572547340296PoonamRaoUPIUTIB,689399156654,"19,250.19",,65418.82
22-04-2026,UPIP2M184471209780UberIndiaUPIPAYTM,606606738087,700.47,,64718.35
22-04-2026,UPIP2M880342588035BSNLBroadbanUPIICICI,972558790853,"1,220.24",,63498.11
23-04-2026,UPIP2A844531761389AnitaJainUPIUCBA,794481905438,,850.71,64348.82
23-04-2026,UPIP2A996808958774VishalDuttaUPIUTIB,581320218257,,"4,950.43",69299.25
23-04-2026,POS HP PETROL PUMP AMRITSAR,763863217480,"3,400.56",,65898.69
23-04-2026,UPIP2M525927152358OlaCabsUPIICICI,283474410642,"2,260.06",,63638.63
24-04-2026,UPIP2M584107348571RapidoUPIPAYTM,867923622371,860.45,,62778.18
24-04-2026,ATMCASHAXISPPF32166329AMRITS,913221346549,"3,000.00",,59778.18
24-04-2026,UPIP2M339062435639IndaneGasUPIICICI,519226260028,"1,600.30",,58177.88
25-04-2026,UPIP2M269124518011RapidoUPIPAYTM,102589365404,600.46,,57577.42
25-04-2026,UPIP2M928838624884KamalYadavUPIKKBK,375502427176,"7,750.67",,49826.75
26-04-2026,UPIP2M330394649751UberIndiaUPIICICI,128316155287,"1,950.83",,47875.92
26-04-2026,UPIP2A018634950870AmitIyerUPIBDBL,967636054325,,"9,450.60",57326.52
26-04-2026,ATMCASHAXISUYE19242691AMRITS,415319874589,"5,000.00",,52326.52
27-04-2026,ATMCASHAXISTYM49347365AMRITS,368598863363,"4,500.00",,47826.52
28-04-2026,POS MORE SUPER MARKET AMRITSAR,263297102717,"5,200.15",,42626.37
28-04-2026,UPIP2M273074999400FlipkartUPIICICI,603161149835,"1,080.43",,41545.94
29-04-2026,UPIP2M887922636428ShwetaBajajUPIBDBL,243496103705,"1,800.96",,39744.98
30-04-2026,Monthly Service Chrgs,581682737578,570.00,,39174.98
30-04-2026,GST ON CHARGES,556345550444,102.60,,39072.38
30-04-2026,UPIP2M352599819605SwiggyUPIICICI,918486207126,800.47,,38271.91
01-05-2026,POS MORE SUPER MARKET AMRITSAR,568572404716,"2,400.21",,35871.70
01-05-2026,UPIP2M546306340864BlinkitUPIICICI,375299358673,510.38,,35361.32
01-05-2026,UPIP2M775106188234SangitaSethiUPIHDFC,517578852150,"9,300.48",,26060.84
01-05-2026,UPIP2M710012516069OlaCabsUPIPAYTM,225858891774,630.44,,25430.40
01-05-2026,UPIP2M307888130758PaytmMallUPIICICI,982451788819,"1,340.41",,24089.99
02-05-2026,UPIP2M106009011318PaytmMallUPIICICI,621961576957,"1,560.77",,22529.22
03-05-2026,UPIP2M680778836557JioRechargeUPIPAYTM,616980606454,629.00,,21900.22
05-05-2026,SALARY/S1858404431010/Mahindra Logistics Ltd,875727938141,,"120,398.58",142298.80
05-05-2026,UPIP2M250435501721AmazonPayUPIPAYTM,223416380968,"4,000.82",,138297.98
06-05-2026,NACH/MANDATE/RNT7396671/RENT MANDATE,337614096662,"20,000.00",,118297.98
06-05-2026,UPIP2M364200054482LalitSaxenaUPIFDRL,033951137799,"21,250.39",,97047.59
06-05-2026,UPIP2A906426668327BrijeshShahUPISBIN,824703614385,,"11,550.89",108598.48
07-05-2026,UPIP2M919861162770PaytmMallUPIICICI,783013304681,"1,880.50",,106717.98
07-05-2026,UPIP2M309048178287SoniaAhujaUPIBARB,995170823744,"12,000.12",,94717.86
07-05-2026,UPIP2M443611108857KunalPandeyUPIHDFC,761322853929,"11,950.48",,82767.38
09-05-2026,UPIP2M681699325272MukeshMalhotUPIUCBA,194520335089,"15,650.51",,67116.87
09-05-2026,UPIP2M189630597451BigBasketUPIICICI,507669438321,"2,640.24",,64476.63
09-05-2026,UPIP2M935618557747BSNLBroadbanUPIRAZORPAY,665249033277,749.00,,63727.63
09-05-2026,UPIP2M103202319810LICofIndiaUPILICI,654321810485,"3,100.00",,60627.63
09-05-2026,UPIP2A815240147177KavitaSethiUPIUCBA,768626007461,,"20,400.50",81028.13
