Bank Name,HDFC BANK LTD
Account Number,77849479467322
Account Holder Name,MAMTA DESAI
Branch,BALLYGUNGE
IFSC Code,HDFC0025287
Statement Period,01-12-2024 To 09-05-2026

Date,Description,Ref/ChequeNo,Debit,Credit,Balance
01/12/24,UPI-Blinkit-blinkit@kotak-974550302291-DR VIA UPI,785283036173,960.14,,434179.95
01/12/24,UPI-Rohit Kumar-rohitkuma35@ibl-670879849726-CR VIA UPI,909419285015,,"7,050.71",441230.66
01/12/24,UPI-Flipkart-flipkart@ybl-721635427121-DR VIA UPI,737036180197,"1,260.53",,439970.13
01/12/24,UPI-Blinkit-blinkit@kotak-781817856770-DR VIA UPI,970002249184,"1,490.82",,438479.31
01/12/24,UPI-Jio Recharge-jio@paytm-532531953024-DR VIA UPI,282230999688,"2,310.41",,436168.90
02/12/24,UPI-Uber India-uber@paytm-655866269518-DR VIA UPI,354846938085,410.65,,435758.25
02/12/24,UPI-Flipkart-flipkart@ybl-564739800588-DR VIA UPI,118065555577,"1,700.79",,434057.46
02/12/24,UPI-Jio Recharge-vi@airtelaxis-453485688113-DR VIA UPI,088790927769,729.00,,433328.46
03/12/24,UPI-Jio Recharge-vi@airtelaxis-528897506362-DR VIA UPI,166915521519,829.00,,432499.46
04/12/24,UPI-Nykaa-nykaa@razorpay-157940221089-DR VIA UPI,262581074046,"2,950.84",,429548.62
04/12/24,UPI-Rajan Iyer-rajaniyer63@pthdfc-080873719028-DR VIA UPI,079903908443,"17,300.96",,412247.66
04/12/24,POS BIG BAZAAR INDORE,227901537132,"1,050.74",,411196.92
05/12/24,POS HP PETROL PUMP INDORE,596564445507,"2,300.93",,408895.99
06/12/24,SALARY-S1599855781600/NEFT/Raymond Ltd,281163223490,,"147,192.13",556088.12
06/12/24,UPI-Blinkit-blinkit@kotak-412662491428-DR VIA UPI,927397911449,910.66,,555177.46
06/12/24,UPI-Saurabh Roy-8883175236@aubank-372323438779-DR VIA UPI,537279577776,"18,450.91",,536726.55
06/12/24,ATW-XXXXXX3986-TEQ67834-INDORE 470311585483,330049579608,"5,000.00",,531726.55
06/12/24,UPI-Lata Das-lata.das@upi-698029548692-CR VIA UPI,772119605812,,"11,950.52",543677.07
07/12/24,UPI-Uber India-uber@paytm-276466522567-DR VIA UPI,611348866866,350.14,,543326.93
08/12/24,UPI-Santosh Naik-santosh.naik@kotak-384471315148-DR VIA UPI,463907621468,"20,750.17",,522576.76
09/12/24,ATW-XXXXXX1997-GJI22964-INDORE 054681251586,733252506752,"4,000.00",,518576.76
10/12/24,UPI-Nikhil Agarwal-nikhil260@pthdfc-163434908474-DR VIA UPI,204196802525,"20,450.05",,498126.71
10/12/24,ECS-NACH-RNT9926857-RENT MANDATE,906250083178,"22,000.00",,476126.71
11/12/24,UPI-Amazon Pay-amazon@apl-480268663732-DR VIA UPI,705785552520,850.66,,475276.05
11/12/24,POS LIFESTYLE STORES INDORE,090935506898,"2,600.63",,472675.42
11/12/24,ECS-NACH-LN705078302278-ICICI Bank Home Loan,293806272892,"8,000.00",,464675.42
12/12/24,UPI-Swiggy-swiggy@icici-526066488182-DR VIA UPI,158927952083,730.05,,463945.37
12/12/24,UPI-MakeMyTrip-makemytrip@axisbank-814951834742-DR VIA UPI,595908311236,899.00,,463046.37
13/12/24,UPI-Dunzo-dunzo@razorpay-510371988156-DR VIA UPI,486391611503,190.86,,462855.51
13/12/24,UPI-Bajaj Allianz Life-licindia@licindia-700574675273-DR VIA UPI,717276830315,"5,500.00",,457355.51
14/12/24,UPI-Ravi Shah-ravi980@okaxis-146215397212-DR VIA UPI,391822617856,"9,550.81",,447804.70
14/12/24,UPI-MedPlus Health-medplus@icici-657472988965-DR VIA UPI,833095333618,"2,470.59",,445334.11
15/12/24,ECS-NACH-SIP4955325-Mirae Asset MF,477950980490,"5,000.00",,440334.11
15/12/24,ATW-XXXXXX0447-WBF89716-INDORE 570152273309,400253364666,"4,000.00",,436334.11
16/12/24,UPI-Rekha Roy-rekha.roy@ptaxis-014940500030-DR VIA UPI,852440740048,"6,000.45",,430333.66
16/12/24,UPI-Jio Recharge-vi@airtelaxis-317255835367-DR VIA UPI,058691889048,509.00,,429824.66
16/12/24,UPI-Yogesh Saxena-yogeshsaxe43@okaxis-878349398525-CR VIA UPI,951091309910,,"10,700.99",440525.65
17/12/24,UPI-CESC Limited-cescpayment@upi-752513956763-DR VIA UPI,681639700562,"1,600.40",,438925.25
17/12/24,UPI-Zepto-zepto@apl-757947388178-DR VIA UPI,713432492205,"1,850.70",,437074.55
18/12/24,UPI-Amazon Pay-amazon@apl-742708904061-DR VIA UPI,592492883976,"2,480.40",,434594.15
18/12/24,UPI-Shweta Banerjee-7626782061@oksbi-423340715057-CR VIA UPI,310661947137,,"8,000.51",442594.66
18/12/24,UPI-Maya Nair-mayanair63@paytm-781362090213-CR VIA UPI,147997375226,,"19,300.36",461895.02
18/12/24,UPI-Suresh Kulkarni-suresh.kulkarni@ybl-409943597008-DR VIA UPI,091748672335,"1,050.15",,460844.87
19/12/24,UPI-Varun Dutta-5414487999@okaxis-174782117849-CR VIA UPI,727945822017,,"3,450.52",464295.39
19/12/24,UPI-Hathway-broadband@paytm-032284075751-DR VIA UPI,936968084709,"1,299.00",,462996.39
19/12/24,UPI-Amazon Pay-amazon@apl-840076095488-DR VIA UPI,195004747913,300.26,,462696.13
20/12/24,UPI-Paytm Mall-paytm@paytm-957923052567-DR VIA UPI,483476572713,"1,140.33",,461555.80
20/12/24,UPI-Pooja Rao-pooja.rao@ibl-961505828710-CR VIA UPI,007714526160,,"21,750.74",483306.54
20/12/24,UPI-Sangita Kumar-sangita893@paytm-274373082700-DR VIA UPI,968030327881,"21,500.56",,461805.98
21/12/24,POS BHARAT PETROLEUM INDORE,935288882312,"2,750.78",,459055.20
23/12/24,UPI-Anil Kulkarni-anil197@paytm-074629867289-CR VIA UPI,907298571927,,"20,650.80",479706.00
24/12/24,UPI-Amazon Pay-amazon@apl-471259533222-DR VIA UPI,934197022529,"3,850.45",,475855.55
24/12/24,ATW-XXXXXX0084-OPW83878-INDORE 755218484187,252948463472,"4,500.00",,471355.55
24/12/24,UPI-Uber India-uber@paytm-925427770529-DR VIA UPI,469275686001,860.19,,470495.36
25/12/24,UPI-Uber India-uber@paytm-154443976347-DR VIA UPI,032173941251,560.15,,469935.21
25/12/24,UPI-Indane Gas-indanegas@upi-929518380859-DR VIA UPI,436438409985,"1,600.41",,468334.80
26/12/24,UPI-Ankit Das-ankitdas95@ptsbi-276548352718-DR VIA UPI,164093898226,"12,950.95",,455383.85
27/12/24,GST ON CHARGES,320285711800,84.60,,455299.25
27/12/24,MOBILE BANKING CHARGES,945456839645,470.00,,454829.25
27/12/24,UPI-Jio Recharge-vi@airtelaxis-006914158295-DR VIA UPI,382996334564,779.00,,454050.25
27/12/24,UPI-Lata Yadav-lata395@ibl-271833929593-DR VIA UPI,417565760615,"21,500.24",,432550.01
28/12/24,IMPS-096567341825-Archana Sen-BARB-XXXXXXX5442-IMPSTXN,661878244608,"18,300.81",,414249.20
28/12/24,INTEREST CREDIT,562156807901,,325.43,414574.63
28/12/24,UPI-Rakesh Chopra-rakesh.chopra@ptaxis-916202789089-DR VIA UPI,936509734411,"6,600.94",,407973.69
29/12/24,POS STAR BAZAAR INDORE,412435261737,"2,600.44",,405373.25
29/12/24,UPI-Uber India-uber@paytm-941103868387-DR VIA UPI,466427832446,680.87,,404692.38
30/12/24,UPI-Jio Recharge-jio@paytm-041074240937-DR VIA UPI,795794629258,"1,160.54",,403531.84
31/12/24,UPI-Ola Cabs-olamoney@ola-792465356288-DR VIA UPI,008289883622,"1,160.84",,402371.00
31/12/24,POS INDIAN OIL INDORE,964298555299,"3,450.47",,398920.53
02/01/25,UPI-Poonam Joshi-poonamjosh91@pthdfc-621911560707-DR VIA UPI,258907507193,"19,850.86",,379069.67
03/01/25,UPI-Jio Recharge-vi@airtelaxis-374929272875-DR VIA UPI,173336027768,959.00,,378110.67
03/01/25,UPI-Seema Kumar-seemakuma18@pthdfc-485765267964-DR VIA UPI,538875880511,"7,100.43",,371010.24
04/01/25,UPI-Rajan Chopra-8080307573@upi-812028269479-DR VIA UPI,557142548225,"14,600.80",,356409.44
04/01/25,UPI-Mahesh Singh-maheshsing80@okaxis-024452775988-DR VIA UPI,625365655557,"3,100.15",,353309.29
04/01/25,ATW-XXXXXX4438-NYL59726-INDORE 854322630808,827600163813,"8,000.00",,345309.29
04/01/25,UPI-Jio Recharge-jio@paytm-270694035758-DR VIA UPI,858266115867,440.90,,344868.39
04/01/25,UPI-Jio Recharge-vi@airtelaxis-831077855560-DR VIA UPI,295104840685,579.00,,344289.39
05/01/25,UPI-Uber India-uber@paytm-410842707404-DR VIA UPI,983500597051,270.06,,344019.33
05/01/25,POS INDIAN OIL INDORE,090416254089,"4,000.38",,340018.95
06/01/25,SALARY-S5012433305698/NEFT/Raymond Ltd,979268601530,,"147,582.13",487601.08
06/01/25,UPI-Flipkart-flipkart@ybl-282051603158-DR VIA UPI,498092123832,"4,400.28",,483200.80
06/01/25,POS RELIANCE PETROLEUM INDORE,373190087557,900.23,,482300.57
07/01/25,UPI-Rapido-rapido@icici-294149589311-DR VIA UPI,613111490502,270.46,,482030.11
08/01/25,ATW-XXXXXX3398-QZF27320-INDORE 834508850633,879902792176,"9,000.00",,473030.11
08/01/25,UPI-Akash Mishra-akashmish22@paytm-522376486160-DR VIA UPI,909276827167,"4,050.77",,468979.34
09/01/25,UPI-Priya Chaudhary-priya.chaudhary@ptsbi-485199460045-CR VIA UPI,036212646636,,"1,900.71",470880.05
09/01/25,UPI-Naveen Kumar-naveen616@aubank-448222944057-DR VIA UPI,032138395061,"4,950.93",,465929.12
10/01/25,POS SHELL FUEL STATION INDORE,250171914876,"3,950.01",,461979.11
11/01/25,ECS-NACH-RNT5289626-RENT MANDATE,829790562290,"22,000.00",,439979.11
11/01/25,UPI-Bajaj Allianz Life-licindia@licindia-700911130340-DR VIA UPI,456084191152,"5,500.00",,434479.11
11/01/25,UPI-Kapil Menon-kapilmeno11@aubank-661539497821-CR VIA UPI,889913695004,,"15,950.17",450429.28
12/01/25,UPI-Rani Sharma-7561854875@okicici-087799787185-CR VIA UPI,799003797708,,"4,450.25",454879.53
12/01/25,POS METRO CASH CARRY INDORE,922474894346,"5,950.43",,448929.10
13/01/25,ECS-NACH-LN705078302278-ICICI Bank Home Loan,542804900458,"8,000.00",,440929.10
13/01/25,UPI-Rapido-rapido@icici-641332939937-DR VIA UPI,697097883366,150.28,,440778.82
14/01/25,UPI-Rapido-rapido@icici-710699037551-DR VIA UPI,466578613644,840.82,,439938.00
14/01/25,POS SHELL FUEL STATION INDORE,176049786928,"4,450.55",,435487.45
14/01/25,UPI-Divya Tiwari-divyatiwa13@ibl-184186098491-CR VIA UPI,181650295755,,"16,650.30",452137.75
14/01/25,POS LIFESTYLE STORES INDORE,994719942811,"5,750.79",,446386.96
14/01/25,UPI-Preeti Reddy-7696847263@pthdfc-018976735900-DR VIA UPI,015813966016,"10,200.29",,436186.67
14/01/25,UPI-Amazon Pay-amazon@apl-903158948317-DR VIA UPI,860537351831,"1,560.54",,434626.13
16/01/25,UPI-BSNL Broadband-bsnlbroadband@upi-059076231926-DR VIA UPI,191701070194,180.87,,434445.26
16/01/25,UPI-Dunzo-dunzo@razorpay-491469948680-DR VIA UPI,543664537433,"1,740.62",,432704.64
16/01/25,UPI-Uber India-uber@paytm-293493870089-DR VIA UPI,240764135548,100.48,,432604.16
17/01/25,UPI-Vijay Das-vijay842@kotak-340769426910-DR VIA UPI,270923147875,"20,900.51",,411703.65
17/01/25,POS STAR BAZAAR INDORE,089313922640,"5,650.84",,406052.81
17/01/25,ECS-NACH-SIP0766258-Mirae Asset MF,506649885838,"5,000.00",,401052.81
19/01/25,UPI-CESC Limited-cescpayment@upi-077384350390-DR VIA UPI,343883118216,"1,900.68",,399152.13
19/01/25,UPI-Indane Gas-indanegas@upi-879369338087-DR VIA UPI,116181159776,"1,550.72",,397601.41
20/01/25,POS MAX FASHION INDORE,355814607515,"1,050.24",,396551.17
22/01/25,UPI-Zomato-zomato@axisbank-402456125573-DR VIA UPI,816844501664,"1,840.26",,394710.91
23/01/25,UPI-Jio Recharge-vi@airtelaxis-620962568945-DR VIA UPI,305776996547,739.00,,393971.91
23/01/25,ATW-XXXXXX4473-TJN96248-INDORE 560850373271,033268909753,"7,500.00",,386471.91
23/01/25,POS VISHAL MEGA MART INDORE,185159753494,"8,050.93",,378420.98
25/01/25,UPI-Meesho-meesho@ybl-722270948774-DR VIA UPI,702099611501,"2,300.29",,376120.69
25/01/25,UPI-Ola Cabs-olamoney@ola-922138931646-DR VIA UPI,096853974707,130.30,,375990.39
25/01/25,ATW-XXXXXX6858-MCF44189-INDORE 583587053784,401286657527,"7,500.00",,368490.39
26/01/25,UPI-Ola Cabs-olamoney@ola-942100614359-DR VIA UPI,125386754355,"1,160.79",,367329.60
27/01/25,UPI-Zomato-zomato@axisbank-919465481554-DR VIA UPI,014659873577,"2,170.20",,365159.40
28/01/25,UPI-Apollo Pharmacy-apollopharmacy@ybl-370646574782-DR VIA UPI,137294789980,160.83,,364998.57
29/01/25,UPI-Jio Recharge-vi@airtelaxis-258645309226-DR VIA UPI,680606907291,409.00,,364589.57
29/01/25,UPI-Zepto-zepto@apl-896051297803-DR VIA UPI,368573858173,680.80,,363908.77
29/01/25,UPI-BigBasket-bigbasket@ybl-674319041789-DR VIA UPI,968869262256,"1,840.82",,362067.95
31/01/25,UPI-Sanjay Reddy-sanjayredd17@ybl-187764387544-DR VIA UPI,746212745080,"8,850.09",,353217.86
31/01/25,UPI-Kamal Sethi-7057828763@paytm-123476849114-DR VIA UPI,349291662812,"18,050.92",,335166.94
02/02/25,UPI-Kiran Ghosh-kiran607@okicici-848410759258-DR VIA UPI,272521248700,"3,500.30",,331666.64
02/02/25,UPI-Paytm Mall-paytm@paytm-003640489769-DR VIA UPI,028952190752,930.51,,330736.13
02/02/25,UPI-Nisha Roy-6999719817@oksbi-904020558464-DR VIA UPI,931169705486,"15,850.40",,314885.73
03/02/25,UPI-Paytm Mall-paytm@paytm-175075287827-DR VIA UPI,971110567582,"2,310.09",,312575.64
04/02/25,UPI-Bajaj Allianz Life-licindia@licindia-863044251686-DR VIA UPI,038099272088,"5,500.00",,307075.64
04/02/25,UPI-Mahesh Nair-maheshnair36@oksbi-835180254766-DR VIA UPI,764143774421,"18,050.16",,289025.48
04/02/25,POS RELIANCE MART INDORE,466282820007,"5,450.21",,283575.27
04/02/25,UPI-Mohit Mukherjee-mohit887@paytm-784885032825-CR VIA UPI,247183685898,,"15,550.51",299125.78
04/02/25,UPI-Manoj Srivastava-manoj.srivastava@kotak-619373835387-DR VIA UPI,398541304576,"20,950.71",,278175.07
05/02/25,SALARY-S5130474646979/NEFT/Raymond Ltd,104769756743,,"143,416.13",421591.20
05/02/25,UPI-Sangita Chopra-4372237884@ptaxis-617342823284-DR VIA UPI,010493031228,"20,600.65",,400990.55
06/02/25,POS STAR BAZAAR INDORE,396397223087,"3,300.47",,397690.08
06/02/25,UPI-Himanshu Yadav-himanshuyada61@ibl-840043765405-DR VIA UPI,692524880050,"2,750.86",,394939.22
07/02/25,UPI-Vikas Rao-vikas119@ptyes-202730654699-DR VIA UPI,426024898630,"21,100.83",,373838.39
08/02/25,ECS-NACH-LN705078302278-ICICI Bank Home Loan,119972244554,"8,000.00",,365838.39
08/02/25,POS BRAND FACTORY INDORE,106208427183,"8,450.96",,357387.43
08/02/25,POS RELIANCE PETROLEUM INDORE,340675128380,"2,450.38",,354937.05
08/02/25,UPI-Jio Recharge-vi@airtelaxis-542870772612-DR VIA UPI,372968280226,649.00,,354288.05
09/02/25,ECS-NACH-RNT7292798-RENT MANDATE,075784808309,"22,000.00",,332288.05
09/02/25,UPI-Swati Reddy-swatiredd78@pthdfc-260577458447-DR VIA UPI,037690744304,"21,500.77",,310787.28
09/02/25,UPI-Uber India-uber@paytm-841580431606-DR VIA UPI,183822726247,190.59,,310596.69
10/02/25,UPI-Ola Cabs-olamoney@ola-924581231446-DR VIA UPI,623943085123,280.57,,310316.12
10/02/25,ATW-XXXXXX5494-IKI67811-INDORE 913110287414,316545049844,"3,500.00",,306816.12
11/02/25,UPI-Uber India-uber@paytm-259045543635-DR VIA UPI,390802524127,560.82,,306255.30
14/02/25,UPI-Lata Pandey-lata508@apl-274547170787-DR VIA UPI,244900454343,"18,950.09",,287305.21
14/02/25,ECS-NACH-SIP9934335-Mirae Asset MF,948106613645,"5,000.00",,282305.21
14/02/25,UPI-Uber India-uber@paytm-675512914216-DR VIA UPI,453310749665,560.32,,281744.89
16/02/25,UPI-Rapido-rapido@icici-347079775123-DR VIA UPI,334803750823,390.66,,281354.23
17/02/25,UPI-Rakesh Desai-rakesh.desai@ybl-274378310523-DR VIA UPI,463654397100,"8,800.74",,272553.49
17/02/25,POS BHARAT PETROLEUM INDORE,627145989033,"2,600.19",,269953.30
17/02/25,UPI-Zepto-zepto@apl-518522063702-DR VIA UPI,867635427647,"1,330.17",,268623.13
17/02/25,UPI-Ramesh Mukherjee-3982037791@ptyes-983468444786-CR VIA UPI,848124692069,,"4,050.92",272674.05
17/02/25,UPI-CESC Limited-cescpayment@upi-721064008603-DR VIA UPI,726267891166,"1,900.20",,270773.85
18/02/25,UPI-Santosh Kapoor-santosh722@ibl-910277136726-CR VIA UPI,941171359734,,"7,550.48",278324.33
18/02/25,UPI-Uber India-uber@paytm-566517763309-DR VIA UPI,692500753813,420.44,,277903.89
19/02/25,POS INDIAN OIL INDORE,478264670585,"4,450.20",,273453.69
19/02/25,UPI-Meena Dubey-meena.dubey@pthdfc-046855592522-CR VIA UPI,918853014943,,"6,250.41",279704.10
20/02/25,POS BHARAT PETROLEUM INDORE,825334336683,"2,850.12",,276853.98
20/02/25,ATW-XXXXXX8018-GWW56661-INDORE 875202805219,257407670152,"5,500.00",,271353.98
22/02/25,UPI-Kunal Sethi-kunal608@ptaxis-503424391636-CR VIA UPI,252129605101,,"11,900.51",283254.49
23/02/25,UPI-Amazon Pay-amazon@apl-233220379452-DR VIA UPI,150130709824,"3,750.41",,279504.08
24/02/25,UPI-Uber India-uber@paytm-423934319447-DR VIA UPI,764929635960,430.27,,279073.81
24/02/25,UPI-Indane Gas-indanegas@upi-498072588097-DR VIA UPI,696431387389,"1,600.66",,277473.15
25/02/25,UPI-Naresh Gupta-nareshgupt53@ptyes-498007095476-DR VIA UPI,919385048839,"17,700.63",,259772.52
25/02/25,UPI-Uber India-uber@paytm-410509891705-DR VIA UPI,625944674081,"2,310.92",,257461.60
26/02/25,UPI-Hathway-broadband@paytm-727310028424-DR VIA UPI,453489084035,449.00,,257012.60
26/02/25,UPI-1mg-tatahealth@icici-340738354147-DR VIA UPI,458363272974,"3,000.87",,254011.73
27/02/25,UPI-Dinesh Chaudhary-dineshchau22@okhdfcbank-671772794555-DR VIA UPI,265194908482,"17,900.45",,236111.28
27/02/25,UPI-BSNL Broadband-bsnlbroadband@upi-369891628412-DR VIA UPI,406888669894,"2,350.07",,233761.21
27/02/25,UPI-MakeMyTrip-makemytrip@axisbank-329794744991-DR VIA UPI,070475241237,349.00,,233412.21
28/02/25,UPI-Nikhil Chatterjee-nikhilchat40@ptsbi-435504373788-DR VIA UPI,724612210827,"3,600.35",,229811.86
28/02/25,UPI-Ola Cabs-olamoney@ola-634309561662-DR VIA UPI,935224342092,"1,710.70",,228101.16
28/02/25,ATW-XXXXXX6984-NJA47891-INDORE 243149552337,599957220704,"4,000.00",,224101.16
01/03/25,UPI-Shweta Kapoor-shwetakapo18@paytm-954616451710-CR VIA UPI,085857290355,,"7,150.22",231251.38
01/03/25,UPI-Mohan Kulkarni-5196498679@oksbi-310726343736-DR VIA UPI,301700422150,"3,750.25",,227501.13
01/03/25,UPI-Ashish Chopra-1897273808@paytm-875387740973-CR VIA UPI,178206727208,,"21,200.58",248701.71
01/03/25,UPI-Jio Recharge-vi@airtelaxis-899574242277-DR VIA UPI,088625964724,709.00,,247992.71
01/03/25,UPI-Jio Recharge-vi@airtelaxis-101502190931-DR VIA UPI,760579463618,399.00,,247593.71
02/03/25,UPI-Jio Recharge-jio@paytm-735677033368-DR VIA UPI,815694247409,"1,470.36",,246123.35
02/03/25,UPI-Shweta Thapar-shweta.thapar@paytm-941912449096-DR VIA UPI,852415111102,"9,650.31",,236473.04
03/03/25,UPI-Pankaj Ahuja-pankaj747@ptaxis-671329272527-CR VIA UPI,387909908871,,"16,150.20",252623.24
03/03/25,UPI-Rajan Chopra-2456678144@paytm-372792978058-CR VIA UPI,129598656878,,"15,900.71",268523.95
04/03/25,UPI-Flipkart-flipkart@ybl-631091376899-DR VIA UPI,529487438089,860.35,,267663.60
05/03/25,UPI-Siddharth Dutta-siddharth.dutta@okicici-221426927416-DR VIA UPI,285605502189,"10,450.97",,257212.63
05/03/25,UPI-Jio Recharge-jio@paytm-821788555322-DR VIA UPI,170277955752,"2,720.47",,254492.16
06/03/25,UPI-Rapido-rapido@icici-204303711883-DR VIA UPI,739309550525,320.37,,254171.79
07/03/25,SALARY-S8902366931969/NEFT/Raymond Ltd,606986262693,,"144,749.13",398920.92
07/03/25,UPI-Jio Recharge-jio@paytm-311591069644-DR VIA UPI,671553840948,710.71,,398210.21
07/03/25,UPI-Ola Cabs-olamoney@ola-322386020914-DR VIA UPI,401539880281,510.13,,397700.08
08/03/25,ECS-NACH-RNT1719768-RENT MANDATE,143168419000,"22,000.00",,375700.08
08/03/25,UPI-Krishna Jain-krishna.jain@apl-618298611589-CR VIA UPI,622845048914,,"2,150.81",377850.89
10/03/25,UPI-Bajaj Allianz Life-licindia@licindia-339486111053-DR VIA UPI,515584839111,"5,500.00",,372350.89
10/03/25,UPI-Zomato-zomato@axisbank-241210678572-DR VIA UPI,727858594236,"1,200.88",,371150.01
10/03/25,UPI-Kamal Pillai-kamal.pillai@ptsbi-957021662445-CR VIA UPI,989140331205,,"15,700.16",386850.17
11/03/25,ATW-XXXXXX2309-VRH65811-INDORE 752092392229,235692640276,"1,500.00",,385350.17
12/03/25,UPI-Hathway-broadband@paytm-184325929213-DR VIA UPI,481016182039,999.00,,384351.17
13/03/25,UPI-Rahul Verma-5926829084@kotak-619243193140-CR VIA UPI,592804956814,,"12,400.82",396751.99
14/03/25,UPI-Zepto-zepto@apl-694017316345-DR VIA UPI,357146920333,"1,980.98",,394771.01
14/03/25,UPI-Myntra-myntra@ybl-509752339786-DR VIA UPI,974367410764,249.00,,394522.01
15/03/25,ECS-NACH-LN705078302278-ICICI Bank Home Loan,428367408723,"8,000.00",,386522.01
15/03/25,UPI-Dinesh Chatterjee-dinesh.chatterjee@okicici-304291621296-CR VIA UPI,842548174787,,"4,200.14",390722.15
15/03/25,ATW-XXXXXX7914-VRI10322-INDORE 765904944357,690638235980,"4,000.00",,386722.15
16/03/25,POS LIFESTYLE STORES INDORE,286092830806,"4,600.75",,382121.40
17/03/25,POS D MART INDORE,931238973634,"5,050.33",,377071.07
17/03/25,UPI-Amazon Pay-amazon@apl-518925180993-DR VIA UPI,096579272635,"4,350.59",,372720.48
17/03/25,UPI-Zomato-zomato@axisbank-440634659046-DR VIA UPI,215801070880,"2,670.26",,370050.22
17/03/25,ECS-NACH-SIP6268383-Mirae Asset MF,968627479495,"5,000.00",,365050.22
17/03/25,UPI-Jio Recharge-vi@airtelaxis-557290074612-DR VIA UPI,548597349552,229.00,,364821.22
17/03/25,UPI-Kavita Mukherjee-kavitamukh98@oksbi-332782042147-CR VIA UPI,265332584640,,"6,600.22",371421.44
17/03/25,UPI-Swiggy-swiggy@icici-581862190787-DR VIA UPI,085996286288,"2,320.11",,369101.33
18/03/25,POS SHOPPERS STOP INDORE,882901287017,"4,300.83",,364800.50
18/03/25,UPI-Rapido-rapido@icici-101405909191-DR VIA UPI,355558205075,420.20,,364380.30
18/03/25,UPI-CESC Limited-cescpayment@upi-537683368740-DR VIA UPI,426617343357,"2,350.78",,362029.52
18/03/25,UPI-Zepto-zepto@apl-893130901770-DR VIA UPI,702422257332,"1,180.19",,360849.33
19/03/25,UPI-Indane Gas-indanegas@upi-587120224671-DR VIA UPI,286384192090,"1,400.72",,359448.61
19/03/25,UPI-Jio Recharge-vi@airtelaxis-904336740002-DR VIA UPI,579355324909,569.00,,358879.61
21/03/25,POS METRO CASH CARRY INDORE,235373621728,"3,200.30",,355679.31
21/03/25,ATW-XXXXXX3656-IPP67364-INDORE 543725222266,818401822337,"7,500.00",,348179.31
22/03/25,UPI-Priya Roy-priya.roy@kotak-614367169264-CR VIA UPI,412584895955,,"18,800.49",366979.80
22/03/25,ATW-XXXXXX2019-EWY05850-INDORE 165269278222,190496308891,"4,500.00",,362479.80
22/03/25,UPI-Jio Recharge-vi@airtelaxis-505533828179-DR VIA UPI,375126688895,599.00,,361880.80
23/03/25,UPI-Manoj Dutta-manoj.dutta@paytm-469618336139-CR VIA UPI,915030338854,,"21,150.08",383030.88
23/03/25,UPI-Kamal Sen-kamal878@okhdfcbank-870958583079-DR VIA UPI,901582412538,"19,950.34",,363080.54
23/03/25,UPI-Uber India-uber@paytm-885084601510-DR VIA UPI,383837821565,"1,240.31",,361840.23
23/03/25,UPI-Zepto-zepto@apl-701468446827-DR VIA UPI,891979965103,"2,050.55",,359789.68
24/03/25,UPI-Jio Recharge-vi@airtelaxis-386918202170-DR VIA UPI,361048309447,719.00,,359070.68
24/03/25,UPI-Anita Mukherjee-anitamukh77@apl-944898065690-DR VIA UPI,546308371593,"1,000.04",,358070.64
24/03/25,UPI-Blinkit-blinkit@kotak-993800908142-DR VIA UPI,474407883998,"1,020.20",,357050.44
25/03/25,UPI-Swiggy-swiggy@icici-079680394834-DR VIA UPI,878509894573,740.72,,356309.72
25/03/25,UPI-Paytm Mall-paytm@paytm-765538976615-DR VIA UPI,132402534453,"1,750.24",,354559.48
26/03/25,UPI-Ajay Agarwal-ajayagar77@kotak-901104792986-DR VIA UPI,867535237115,"21,900.78",,332658.70
26/03/25,UPI-Rapido-rapido@icici-746378119147-DR VIA UPI,160124745321,600.89,,332057.81
26/03/25,UPI-Dunzo-dunzo@razorpay-005378897566-DR VIA UPI,734257399643,"1,200.90",,330856.91
27/03/25,UPI-Vikram Khanna-vikram.khanna@ibl-593635569582-DR VIA UPI,778237046762,"16,650.34",,314206.57
27/03/25,UPI-Renu Pillai-renu284@aubank-868501122188-CR VIA UPI,234017266476,,"12,700.92",326907.49
27/03/25,POS D MART INDORE,031433605865,"3,950.07",,322957.42
28/03/25,MOBILE BANKING CHARGES,305994507080,530.00,,322427.42
28/03/25,UPI-Jio Recharge-vi@airtelaxis-377400795642-DR VIA UPI,462918752712,949.00,,321478.42
28/03/25,GST ON CHARGES,476852754348,95.40,,321383.02
28/03/25,INTEREST CREDIT,220310700438,,80.47,321463.49
29/03/25,UPI-Babita Tiwari-9436915160@axl-717103486424-CR VIA UPI,709317112810,,"1,650.52",323114.01
29/03/25,UPI-PhonePe Merchant-phonepe@ybl-974992803103-DR VIA UPI,692339098670,"2,560.15",,320553.86
29/03/25,UPI-Sangita Dubey-8300073538@ptaxis-169930603116-DR VIA UPI,751018457654,"14,700.68",,305853.18
30/03/25,POS SHELL FUEL STATION INDORE,101528590600,"4,350.18",,301503.00
30/03/25,POS SHELL FUEL STATION INDORE,655143821724,"3,350.65",,298152.35
30/03/25,UPI-Arjun Mishra-arjun.mishra@ptaxis-390019799843-CR VIA UPI,131940313129,,"20,300.68",318453.03
30/03/25,UPI-Amazon Pay-amazon@apl-557000789532-DR VIA UPI,732998613349,"2,610.30",,315842.73
31/03/25,UPI-Dunzo-dunzo@razorpay-477262800941-DR VIA UPI,433593797603,890.19,,314952.54
01/04/25,UPI-Amit Chatterjee-amitchat22@upi-461042249202-CR VIA UPI,824761013817,,"18,150.88",333103.42
01/04/25,POS VISHAL MEGA MART INDORE,619642288338,"3,350.29",,329753.13
02/04/25,POS PANTALOONS INDORE,535759505571,"5,100.07",,324653.06
03/04/25,ATW-XXXXXX1053-RGV30659-INDORE 726316298760,654216834928,"9,500.00",,315153.06
03/04/25,UPI-Sneha Verma-sneha733@upi-378782692710-DR VIA UPI,736741469610,"16,950.22",,298202.84
03/04/25,UPI-Blinkit-blinkit@kotak-797091430393-DR VIA UPI,806594266583,740.90,,297461.94
03/04/25,UPI-BSNL Broadband-bsnlbroadband@upi-322712951087-DR VIA UPI,571752390612,"1,700.21",,295761.73
04/04/25,UPI-Amazon Pay-amazon@apl-574422428537-DR VIA UPI,169129630284,"2,760.28",,293001.45
04/04/25,UPI-Bajaj Allianz Life-licindia@licindia-794255041710-DR VIA UPI,987672211190,"5,500.00",,287501.45
04/04/25,UPI-Ankit Srivastava-ankit417@ptsbi-251836878139-DR VIA UPI,640962098657,"17,250.99",,270250.46
05/04/25,SALARY-S7102272594588/NEFT/Raymond Ltd,903119938746,,"144,018.13",414268.59
06/04/25,UPI-Kavita Banerjee-kavita.banerjee@aubank-092398981877-CR VIA UPI,857217203294,,"21,250.21",435518.80
06/04/25,UPI-Ola Cabs-olamoney@ola-279290286439-DR VIA UPI,836979662168,200.74,,435318.06
07/04/25,UPI-BigBasket-bigbasket@ybl-256915490582-DR VIA UPI,673838029046,"2,090.86",,433227.20
09/04/25,UPI-Jio Recharge-vi@airtelaxis-315387019297-DR VIA UPI,899792502198,669.00,,432558.20
09/04/25,UPI-Ola Cabs-olamoney@ola-593869334508-DR VIA UPI,904629095074,"2,730.50",,429827.70
09/04/25,ECS-NACH-RNT4010419-RENT MANDATE,917314585679,"22,000.00",,407827.70
09/04/25,UPI-Naresh Sethi-0535018964@ybl-589598950654-DR VIA UPI,635926527366,"1,100.89",,406726.81
10/04/25,UPI-Ola Cabs-olamoney@ola-824104349472-DR VIA UPI,692475384731,900.61,,405826.20
10/04/25,UPI-Jio Recharge-vi@airtelaxis-663178096818-DR VIA UPI,516162720564,799.00,,405027.20
10/04/25,UPI-Paytm Mall-paytm@paytm-935492842575-DR VIA UPI,529350831310,"1,260.77",,403766.43
10/04/25,ATW-XXXXXX2534-WKS04119-INDORE 995105202943,880883211206,"7,000.00",,396766.43
11/04/25,UPI-Jio Recharge-vi@airtelaxis-404670152140-DR VIA UPI,994803995150,899.00,,395867.43
11/04/25,UPI-Zomato-zomato@axisbank-097959265140-DR VIA UPI,468230493325,"2,530.50",,393336.93
11/04/25,ECS-NACH-SIP3678076-Mirae Asset MF,864244116985,"5,000.00",,388336.93
11/04/25,UPI-BigBasket-bigbasket@ybl-345700381182-DR VIA UPI,541171493451,"2,400.52",,385936.41
11/04/25,POS MAX FASHION INDORE,628303237445,"5,200.47",,380735.94
12/04/25,ECS-NACH-LN705078302278-ICICI Bank Home Loan,528893887288,"8,000.00",,372735.94
12/04/25,UPI-Uber India-uber@paytm-639721375452-DR VIA UPI,617311588353,110.53,,372625.41
13/04/25,UPI-Jio Recharge-jio@paytm-770471768818-DR VIA UPI,002000071477,310.91,,372314.50
14/04/25,UPI-PhonePe Merchant-phonepe@ybl-916954166215-DR VIA UPI,905421959157,"1,330.79",,370983.71
16/04/25,UPI-Priya Srivastava-priya.srivastava@ybl-952071936104-CR VIA UPI,497764515322,,"7,800.85",378784.56
17/04/25,UPI-Kamal Dubey-kamaldube26@kotak-111630058819-CR VIA UPI,793274582737,,"4,250.84",383035.40
18/04/25,UPI-CESC Limited-cescpayment@upi-432069172242-DR VIA UPI,332941047322,"1,600.73",,381434.67
18/04/25,UPI-Jio Recharge-vi@airtelaxis-943232503232-DR VIA UPI,253301441788,769.00,,380665.67
19/04/25,UPI-Jio Recharge-vi@airtelaxis-223031855293-DR VIA UPI,412366525723,249.00,,380416.67
19/04/25,UPI-Lata Pillai-latapill19@upi-150226176893-DR VIA UPI,934318775517,"16,350.56",,364066.11
20/04/25,UPI-Flipkart-flipkart@ybl-615478590387-DR VIA UPI,477636044976,400.77,,363665.34
20/04/25,UPI-Uber India-uber@paytm-062954365981-DR VIA UPI,739461081099,"1,480.80",,362184.54
22/04/25,POS SHELL FUEL STATION INDORE,196096148809,"2,500.31",,359684.23
22/04/25,UPI-Rapido-rapido@icici-341359815925-DR VIA UPI,449091244775,570.43,,359113.80
22/04/25,UPI-Indane Gas-indanegas@upi-401865858300-DR VIA UPI,390241367586,"1,500.85",,357612.95
23/04/25,UPI-MedPlus Health-medplus@icici-260404814559-DR VIA UPI,583016759027,450.57,,357162.38
23/04/25,UPI-Ola Cabs-olamoney@ola-872133199383-DR VIA UPI,685441012950,810.46,,356351.92
23/04/25,UPI-Shreya Verma-shreya.verma@okicici-097679574274-CR VIA UPI,613317445515,,"16,950.61",373302.53
23/04/25,UPI-Jyoti Ghosh-jyotighos70@ptaxis-042529329909-DR VIA UPI,974179890658,"8,400.38",,364902.15
24/04/25,UPI-Swiggy-swiggy@icici-969391253350-DR VIA UPI,973329598227,"1,990.75",,362911.40
24/04/25,UPI-BigBasket-bigbasket@ybl-861334891692-DR VIA UPI,687753881827,"1,090.98",,361820.42
25/04/25,POS BRAND FACTORY INDORE,674890988431,"5,200.47",,356619.95
25/04/25,POS HP PETROL PUMP INDORE,751373726677,"3,700.04",,352919.91
26/04/25,UPI-Neha Banerjee-neha.banerjee@ptaxis-217429142671-DR VIA UPI,601364766346,"12,350.00",,340569.91
26/04/25,GST ON CHARGES,340692677274,86.40,,340483.51
26/04/25,MOBILE BANKING CHARGES,206040648959,480.00,,340003.51
26/04/25,UPI-Zepto-zepto@apl-611840354161-DR VIA UPI,395615749964,410.57,,339592.94
27/04/25,UPI-Vikas Mehta-vikas.mehta@paytm-797385094507-CR VIA UPI,897507289050,,"8,850.42",348443.36
28/04/25,UPI-Rekha Malhotra-0540389084@ptsbi-275657043345-DR VIA UPI,843921052216,"4,150.83",,344292.53
28/04/25,UPI-Amazon Pay-amazon@apl-961073316591-DR VIA UPI,872018663223,"1,900.43",,342392.10
29/04/25,UPI-Arjun Tiwari-8831151174@okaxis-261404223642-DR VIA UPI,582336693919,"17,400.38",,324991.72
29/04/25,UPI-Ravi Reddy-ravi.reddy@kotak-446268290848-CR VIA UPI,238781383229,,"6,950.22",331941.94
29/04/25,UPI-Ola Cabs-olamoney@ola-566392599515-DR VIA UPI,867271471186,860.60,,331081.34
01/05/25,UPI-Lata Mehta-8321378892@pthdfc-141372436911-DR VIA UPI,529170444452,"14,500.33",,316581.01
01/05/25,UPI-Renu Pillai-renupill56@okhdfcbank-969930231613-DR VIA UPI,367652361840,"17,100.79",,299480.22
02/05/25,POS LIFESTYLE STORES INDORE,757734544083,"3,700.38",,295779.84
02/05/25,ATW-XXXXXX8869-ZOR41405-INDORE 720106032940,562936375720,"2,500.00",,293279.84
03/05/25,ATW-XXXXXX8573-UWV53613-INDORE 840750540493,024933686143,"1,000.00",,292279.84
03/05/25,POS INDIAN OIL INDORE,730526615619,"3,800.17",,288479.67
05/05/25,UPI-Manish Shukla-9426864702@ptaxis-365646040234-CR VIA UPI,382385809341,,"8,850.87",297330.54
05/05/25,POS METRO CASH CARRY INDORE,410504994843,"6,300.22",,291030.32
06/05/25,UPI-Vivek Saxena-vivek447@ptyes-748880218430-DR VIA UPI,237817074251,"20,650.11",,270380.21
06/05/25,SALARY-S1934678290561/NEFT/Raymond Ltd,999994580950,,"145,568.13",415948.34
06/05/25,UPI-Uber India-uber@paytm-120641813870-DR VIA UPI,014344594246,730.10,,415218.24
06/05/25,UPI-Amazon Pay-amazon@apl-992546885151-DR VIA UPI,749954378127,"1,380.45",,413837.79
07/05/25,UPI-Hathway-broadband@paytm-828480768054-DR VIA UPI,999778589418,349.00,,413488.79
07/05/25,UPI-Uber India-uber@paytm-665597043750-DR VIA UPI,838061784888,240.76,,413248.03
07/05/25,POS RELIANCE PETROLEUM INDORE,199938065579,"4,150.60",,409097.43
08/05/25,UPI-Jio Recharge-vi@airtelaxis-280823463814-DR VIA UPI,881702622360,189.00,,408908.43
08/05/25,ECS-NACH-LN705078302278-ICICI Bank Home Loan,416609063324,"8,000.00",,400908.43
08/05/25,UPI-Zomato-zomato@axisbank-855177761086-DR VIA UPI,823291401780,"2,110.89",,398797.54
09/05/25,UPI-Amazon Pay-amazon@apl-773620475025-DR VIA UPI,319130597586,"2,510.82",,396286.72
09/05/25,ECS-NACH-RNT2377121-RENT MANDATE,026888311928,"22,000.00",,374286.72
09/05/25,UPI-Yogesh Ahuja-5683455373@okicici-009002743215-DR VIA UPI,192034610416,"21,000.63",,353286.09
09/05/25,UPI-Ola Cabs-olamoney@ola-936257706792-DR VIA UPI,517620108778,"2,330.17",,350955.92
09/05/25,UPI-Babita Nair-babita912@ptsbi-372104088540-DR VIA UPI,492442116095,"5,900.15",,345055.77
09/05/25,UPI-Netmeds-netmeds@paytm-546128955998-DR VIA UPI,202170601429,"1,360.63",,343695.14
10/05/25,UPI-Ramesh Saxena-ramesh.saxena@oksbi-655324948829-DR VIA UPI,901685826919,"7,850.46",,335844.68
10/05/25,UPI-Dinesh Patil-7360095775@paytm-739518959933-DR VIA UPI,090299521255,400.89,,335443.79
11/05/25,POS RELIANCE MART INDORE,910525544557,450.58,,334993.21
12/05/25,IMPS-701254779602-Vishal Joshi-KKBK-XXXXXXX6309-IMPSTXN,044881530907,"27,500.46",,307492.75
12/05/25,UPI-BigBasket-bigbasket@ybl-453207797498-DR VIA UPI,141128760411,"1,540.44",,305952.31
13/05/25,UPI-Myntra-myntra@ybl-049190450649-DR VIA UPI,251724571415,949.00,,305003.31
13/05/25,UPI-Bajaj Allianz Life-licindia@licindia-327376408942-DR VIA UPI,169026713478,"5,500.00",,299503.31
13/05/25,UPI-Zepto-zepto@apl-583884513688-DR VIA UPI,160658350387,770.61,,298732.70
14/05/25,POS RELIANCE MART INDORE,661251203031,"6,450.21",,292282.49
15/05/25,POS STAR BAZAAR INDORE,477969505371,"4,900.06",,287382.43
15/05/25,ECS-NACH-SIP8909980-Mirae Asset MF,233566380348,"5,000.00",,282382.43
15/05/25,UPI-Jio Recharge-vi@airtelaxis-693483944354-DR VIA UPI,272867184582,729.00,,281653.43
16/05/25,UPI-Saurabh Dubey-saurabh219@ybl-512446075635-CR VIA UPI,445960185905,,"6,300.92",287954.35
16/05/25,POS SHOPPERS STOP INDORE,297627701239,"6,150.97",,281803.38
17/05/25,UPI-Myntra-myntra@ybl-982904647129-DR VIA UPI,159672612948,"5,150.42",,276652.96
17/05/25,ATW-XXXXXX5469-SBB80979-INDORE 496817946071,864740736582,"6,000.00",,270652.96
18/05/25,UPI-Amazon Pay-amazon@apl-853558311797-DR VIA UPI,313827096680,"1,230.64",,269422.32
18/05/25,UPI-CESC Limited-cescpayment@upi-437631929484-DR VIA UPI,512650046441,"1,950.44",,267471.88
18/05/25,UPI-Jio Recharge-jio@paytm-395057622447-DR VIA UPI,416955427347,"2,210.54",,265261.34
19/05/25,UPI-Indane Gas-indanegas@upi-419429983702-DR VIA UPI,024454590194,"1,050.93",,264210.41
19/05/25,UPI-Uber India-uber@paytm-318029498114-DR VIA UPI,665961655926,"1,060.34",,263150.07
20/05/25,ATW-XXXXXX9957-ZRT88399-INDORE 800289082273,316494082741,"8,500.00",,254650.07
21/05/25,UPI-BSNL Broadband-bsnlbroadband@upi-712247086577-DR VIA UPI,122718724209,"2,200.13",,252449.94
22/05/25,UPI-Ola Cabs-olamoney@ola-085179045872-DR VIA UPI,391494213054,760.73,,251689.21
22/05/25,UPI-Neha Chaudhary-neha.chaudhary@oksbi-142795625302-DR VIA UPI,271710377648,"13,400.02",,238289.19
22/05/25,UPI-Amazon Pay-amazon@apl-174995617279-DR VIA UPI,756645451643,"2,110.59",,236178.60
23/05/25,POS HP PETROL PUMP INDORE,478228575513,"1,650.53",,234528.07
24/05/25,POS MORE SUPER MARKET INDORE,294617375810,"2,400.77",,232127.30
24/05/25,UPI-Swiggy-swiggy@icici-358781566771-DR VIA UPI,635662890568,"2,420.97",,229706.33
25/05/25,UPI-Vishal Nair-vishal965@okhdfcbank-387565138584-CR VIA UPI,408502069865,,"4,900.74",234607.07
25/05/25,UPI-Nykaa-nykaa@razorpay-027633719445-DR VIA UPI,831184800431,199.00,,234408.07
25/05/25,UPI-Rapido-rapido@icici-918256826499-DR VIA UPI,291065936587,460.28,,233947.79
26/05/25,ATW-XXXXXX3778-KFD06582-INDORE 373041928274,285573526325,"2,500.00",,231447.79
27/05/25,UPI-Flipkart-flipkart@ybl-494393712953-DR VIA UPI,624536953246,"2,280.88",,229166.91
29/05/25,UPI-Jio Recharge-vi@airtelaxis-737468610393-DR VIA UPI,661836665473,499.00,,228667.91
30/05/25,POS STAR BAZAAR INDORE,071904557249,"7,000.24",,221667.67
31/05/25,UPI-Dinesh Menon-dineshmeno18@axl-088079633596-DR VIA UPI,896748912163,"10,650.99",,211016.68
01/06/25,POS BRAND FACTORY INDORE,489997998061,"4,400.37",,206616.31
02/06/25,UPI-Jio Recharge-vi@airtelaxis-968004734423-DR VIA UPI,079407990667,719.00,,205897.31
03/06/25,POS V MART INDORE,874981483083,"1,200.80",,204696.51
04/06/25,SALARY-S2492605814498/NEFT/Raymond Ltd,761370808023,,"144,574.13",349270.64
04/06/25,UPI-Arjun Patel-8791319109@oksbi-371147537012-DR VIA UPI,964602313686,"2,850.81",,346419.83
05/06/25,POS MORE SUPER MARKET INDORE,047932202209,"3,550.86",,342868.97
05/06/25,ECS-NACH-RNT5008180-RENT MANDATE,681630040367,"22,000.00",,320868.97
07/06/25,UPI-Bajaj Allianz Life-licindia@licindia-532021222585-DR VIA UPI,424489182785,"5,500.00",,315368.97
08/06/25,IMPS-345025916769-Anil Pandey-HDFC-XXXXXXX7421-IMPSTXN,911278138100,"43,500.31",,271868.66
08/06/25,UPI-Apollo Pharmacy-apollopharmacy@ybl-236200771535-DR VIA UPI,636165187216,199.00,,271669.66
08/06/25,UPI-Sumit Dutta-sumit.dutta@apl-553950595697-CR VIA UPI,626220730644,,"1,000.76",272670.42
08/06/25,UPI-Jio Recharge-jio@paytm-936360827078-DR VIA UPI,456982208521,"1,500.14",,271170.28
09/06/25,UPI-MakeMyTrip-makemytrip@axisbank-205652685805-DR VIA UPI,670297154556,649.00,,270521.28
10/06/25,UPI-Prashant Desai-prashant.desai@ptsbi-167320283871-DR VIA UPI,933940984782,"19,100.79",,251420.49
10/06/25,ECS-NACH-LN705078302278-ICICI Bank Home Loan,253989595316,"8,000.00",,243420.49
10/06/25,ATW-XXXXXX5165-FRI82764-INDORE 418098655570,672665768851,"3,500.00",,239920.49
10/06/25,UPI-Jio Recharge-vi@airtelaxis-821794090354-DR VIA UPI,981039459266,529.00,,239391.49
11/06/25,UPI-Jio Recharge-jio@paytm-617689220848-DR VIA UPI,130486154874,940.69,,238450.80
11/06/25,ECS-NACH-SIP2771537-Mirae Asset MF,151451728264,"5,000.00",,233450.80
11/06/25,ATW-XXXXXX6109-DBN85237-INDORE 576310483738,631120628461,"9,500.00",,223950.80
12/06/25,UPI-Uber India-uber@paytm-092109298954-DR VIA UPI,815842293618,900.45,,223050.35
12/06/25,UPI-Naresh Khanna-naresh533@ibl-958354801772-DR VIA UPI,146033409824,"6,450.91",,216599.44
13/06/25,UPI-Mamta Nambiar-2207898654@ptyes-278811458548-DR VIA UPI,086014911616,"17,100.14",,199499.30
13/06/25,UPI-Ola Cabs-olamoney@ola-814308103494-DR VIA UPI,669507703658,450.07,,199049.23
13/06/25,UPI-Nisha Khanna-nishakhan79@okaxis-930149041645-DR VIA UPI,843779031188,"18,000.07",,181049.16
13/06/25,UPI-Ola Cabs-olamoney@ola-090011101234-DR VIA UPI,728253624457,"1,700.01",,179349.15
15/06/25,UPI-BSNL Broadband-bsnlbroadband@upi-183249479663-DR VIA UPI,265113891999,"1,470.41",,177878.74
16/06/25,UPI-BigBasket-bigbasket@ybl-819563882331-DR VIA UPI,101062219619,790.20,,177088.54
16/06/25,UPI-Uber India-uber@paytm-852959073053-DR VIA UPI,448299415624,730.33,,176358.21
17/06/25,POS RELIANCE PETROLEUM INDORE,774247273573,"4,100.12",,172258.09
17/06/25,ATW-XXXXXX5041-VKB54580-INDORE 334673012676,484735736873,"4,500.00",,167758.09
18/06/25,UPI-Sneha Mukherjee-sneha841@ptaxis-639460341407-CR VIA UPI,750985766006,,"4,350.97",172109.06
18/06/25,UPI-Ashish Mukherjee-ashishmukh54@paytm-856122362744-DR VIA UPI,227156361412,"8,500.66",,163608.40
18/06/25,UPI-Uber India-uber@paytm-675859884217-DR VIA UPI,515259980264,690.01,,162918.39
18/06/25,ATW-XXXXXX5265-HIB50622-INDORE 584695729528,250435781980,"9,500.00",,153418.39
19/06/25,UPI-Dunzo-dunzo@razorpay-088188021419-DR VIA UPI,876457227803,"2,380.10",,151038.29
20/06/25,UPI-Mina Mishra-mina.mishra@ybl-738402680594-CR VIA UPI,792112451639,,"13,800.52",164838.81
21/06/25,UPI-Blinkit-blinkit@kotak-355421843967-DR VIA UPI,845270604415,"1,230.71",,163608.10
21/06/25,UPI-Jio Recharge-vi@airtelaxis-118538816930-DR VIA UPI,799529266833,859.00,,162749.10
21/06/25,UPI-CESC Limited-cescpayment@upi-805376132325-DR VIA UPI,200602352634,"3,450.01",,159299.09
22/06/25,UPI-Jio Recharge-vi@airtelaxis-945012094385-DR VIA UPI,971108809251,449.00,,158850.09
22/06/25,UPI-Jio Recharge-vi@airtelaxis-323070746973-DR VIA UPI,118375650523,709.00,,158141.09
22/06/25,UPI-Rapido-rapido@icici-637452800969-DR VIA UPI,216111916287,490.18,,157650.91
22/06/25,UPI-Myntra-myntra@ybl-273962344906-DR VIA UPI,720262074530,"5,650.40",,152000.51
22/06/25,UPI-Mukesh Pandey-mukesh633@okhdfcbank-188037219615-DR VIA UPI,099805503724,"11,700.62",,140299.89
23/06/25,UPI-Indane Gas-indanegas@upi-804646074506-DR VIA UPI,602261550108,"1,850.62",,138449.27
23/06/25,UPI-Renu Gupta-renu505@okaxis-247638081144-CR VIA UPI,552525646267,,"19,400.31",157849.58
23/06/25,POS V MART INDORE,616792130423,"1,700.79",,156148.79
24/06/25,ATW-XXXXXX6201-FJJ44883-INDORE 445748764262,600398208791,"9,500.00",,146648.79
24/06/25,UPI-Ola Cabs-olamoney@ola-535935807493-DR VIA UPI,911477635595,320.78,,146328.01
25/06/25,POS BIG BAZAAR INDORE,908213622535,"5,500.07",,140827.94
25/06/25,POS BHARAT PETROLEUM INDORE,477610973810,"1,750.67",,139077.27
26/06/25,UPI-Amazon Pay-amazon@apl-918860141972-DR VIA UPI,043204023737,"2,900.15",,136177.12
26/06/25,POS MAX FASHION INDORE,064100464207,"4,500.95",,131676.17
26/06/25,UPI-Sanjay Singh-4109710457@okaxis-427390204688-DR VIA UPI,904541595508,"10,450.70",,121225.47
27/06/25,UPI-Mamta Patil-mamta.patil@axl-772149300332-DR VIA UPI,410593454635,"16,950.19",,104275.28
28/06/25,INTEREST CREDIT,269149836823,,"1,025.56",105300.84
28/06/25,UPI-PhonePe Merchant-phonepe@ybl-551387641893-DR VIA UPI,967590503033,"2,020.06",,103280.78
29/06/25,UPI-Sarita Rao-sarita.rao@pthdfc-964514705051-DR VIA UPI,004253645430,"17,300.93",,85979.85
29/06/25,UPI-Dinesh Saxena-0615309914@paytm-970798558688-DR VIA UPI,517587964933,"4,900.43",,81079.42
30/06/25,UPI-Vishal Nambiar-vishal740@ptsbi-598899620073-CR VIA UPI,504100885413,,"20,100.34",101179.76
30/06/25,UPI-Krishna Iyer-krishnaiyer10@ptyes-763343324399-CR VIA UPI,590641212932,,"6,550.66",107730.42
01/07/25,UPI-Isha Shukla-isha575@okhdfcbank-216739196533-DR VIA UPI,099863649879,"17,950.63",,89779.79
02/07/25,UPI-Amazon Pay-amazon@apl-725275963871-DR VIA UPI,276307486604,"3,050.63",,86729.16
02/07/25,IMPS-890694302471-Sunil Sen-FDRL-XXXXXXX7433-IMPSTXN,416708005654,"2,400.81",,84328.35
03/07/25,UPI-Myntra-myntra@ybl-884345889887-DR VIA UPI,213257627342,"1,000.91",,83327.44
04/07/25,UPI-Jio Recharge-vi@airtelaxis-594665704568-DR VIA UPI,403942821899,189.00,,83138.44
04/07/25,SALARY-S9225545818375/NEFT/Raymond Ltd,136266164158,,"143,007.13",226145.57
04/07/25,UPI-Gaurav Pillai-5671954103@upi-333550997212-DR VIA UPI,003225974715,"2,650.43",,223495.14
04/07/25,UPI-Blinkit-blinkit@kotak-001933817935-DR VIA UPI,133846565301,910.54,,222584.60
04/07/25,POS MAX FASHION INDORE,036946386941,"3,050.62",,219533.98
05/07/25,UPI-Mamta Bajaj-mamta833@ptsbi-762754518303-DR VIA UPI,138167971140,"11,150.03",,208383.95
05/07/25,UPI-Babita Shukla-babita852@apl-276761723290-CR VIA UPI,680331980709,,"2,600.14",210984.09
05/07/25,UPI-Ola Cabs-olamoney@ola-205548583074-DR VIA UPI,028940192846,"1,070.29",,209913.80
05/07/25,UPI-Deepa Chatterjee-deepa627@paytm-130289043861-CR VIA UPI,584134806548,,"19,850.75",229764.55
06/07/25,ATW-XXXXXX9398-IPW81200-INDORE 131356067425,154370941650,"8,500.00",,221264.55
06/07/25,ATW-XXXXXX5338-ZJV93666-INDORE 711722187951,100664953403,"1,000.00",,220264.55
07/07/25,UPI-Kamal Verma-4499479659@kotak-386064838787-CR VIA UPI,118508321004,,"6,750.16",227014.71
07/07/25,UPI-Kavita Das-7130700719@pthdfc-965170474914-CR VIA UPI,939088010816,,"7,000.73",234015.44
07/07/25,UPI-IRCTC-irctc@upi-951036640913-DR VIA UPI,105433454667,699.00,,233316.44
07/07/25,UPI-Jio Recharge-vi@airtelaxis-172770872404-DR VIA UPI,825050091935,389.00,,232927.44
08/07/25,POS RELIANCE PETROLEUM INDORE,692554152521,"1,500.42",,231427.02
08/07/25,UPI-MedPlus Health-medplus@icici-226608035534-DR VIA UPI,835298176177,"1,120.04",,230306.98
08/07/25,ECS-NACH-RNT3685445-RENT MANDATE,626520459365,"22,000.00",,208306.98
09/07/25,UPI-Kapil Nair-4676962261@ybl-819060660759-DR VIA UPI,559734986690,"13,850.95",,194456.03
09/07/25,UPI-Paytm Mall-paytm@paytm-285192493937-DR VIA UPI,419232730922,"1,020.40",,193435.63
09/07/25,UPI-Swiggy-swiggy@icici-033897414282-DR VIA UPI,163776674991,"1,610.24",,191825.39
10/07/25,UPI-Ajay Kapoor-ajaykapo22@kotak-996004796941-DR VIA UPI,017767341569,"19,350.77",,172474.62
10/07/25,UPI-Bajaj Allianz Life-licindia@licindia-660394901305-DR VIA UPI,558140366238,"5,500.00",,166974.62
10/07/25,UPI-Rapido-rapido@icici-007226288347-DR VIA UPI,322786355608,580.75,,166393.87
11/07/25,UPI-Flipkart-flipkart@ybl-199680833814-DR VIA UPI,398904235407,"1,590.14",,164803.73
11/07/25,UPI-Ritu Chopra-ritu.chopra@ybl-431519318737-CR VIA UPI,988980692643,,"18,250.05",183053.78
11/07/25,ATW-XXXXXX3243-KQF92115-INDORE 407992582663,062981584697,"2,500.00",,180553.78
11/07/25,UPI-Preeti Tiwari-preetitiwa68@ptsbi-342292229243-CR VIA UPI,093141375111,,"19,500.25",200054.03
11/07/25,ECS-NACH-LN705078302278-ICICI Bank Home Loan,613334234606,"8,000.00",,192054.03
12/07/25,UPI-Zomato-zomato@axisbank-163720762465-DR VIA UPI,182527233814,"2,570.62",,189483.41
12/07/25,UPI-Swati Singh-3513700184@axl-221008372671-CR VIA UPI,430169616658,,700.74,190184.15
12/07/25,UPI-PhonePe Merchant-phonepe@ybl-069274493616-DR VIA UPI,277624908193,"1,650.61",,188533.54
13/07/25,UPI-Uber India-uber@paytm-599452214506-DR VIA UPI,541405037854,310.74,,188222.80
14/07/25,UPI-Jio Recharge-vi@airtelaxis-979073590788-DR VIA UPI,407973831987,739.00,,187483.80
14/07/25,POS BIG BAZAAR INDORE,159709812717,"2,650.48",,184833.32
15/07/25,UPI-Uber India-uber@paytm-574456468367-DR VIA UPI,484720840680,150.47,,184682.85
15/07/25,UPI-Uber India-uber@paytm-006253882913-DR VIA UPI,056846160789,720.67,,183962.18
16/07/25,POS RELIANCE PETROLEUM INDORE,717962311662,"1,700.03",,182262.15
17/07/25,UPI-Manish Nambiar-manish.nambiar@okicici-616254517700-CR VIA UPI,333366498336,,800.16,183062.31
17/07/25,UPI-CESC Limited-cescpayment@upi-268776027816-DR VIA UPI,730142429787,"1,100.48",,181961.83
17/07/25,UPI-Anjali Jain-anjali.jain@paytm-599054505031-CR VIA UPI,844345775631,,500.95,182462.78
18/07/25,UPI-Suresh Desai-0404805811@axl-191710436217-DR VIA UPI,306620201149,"13,850.55",,168612.23
19/07/25,UPI-Renu Menon-4795436720@paytm-441594654053-CR VIA UPI,916349696663,,"1,800.91",170413.14
19/07/25,ECS-NACH-SIP7778484-Mirae Asset MF,780815740622,"5,000.00",,165413.14
19/07/25,UPI-Ola Cabs-olamoney@ola-442872851427-DR VIA UPI,191430670174,560.97,,164852.17
20/07/25,ATW-XXXXXX8402-JTV39787-INDORE 110588753292,131145390527,"9,000.00",,155852.17
20/07/25,POS LIFESTYLE STORES INDORE,893192706303,350.60,,155501.57
23/07/25,POS SHOPPERS STOP INDORE,638987121413,"3,200.60",,152300.97
23/07/25,UPI-Jio Recharge-vi@airtelaxis-315283272586-DR VIA UPI,108981288578,899.00,,151401.97
23/07/25,UPI-Sumit Verma-5375936520@apl-268892093318-CR VIA UPI,076192853488,,"17,750.12",169152.09
23/07/25,ATW-XXXXXX3810-RGW49316-INDORE 848223929684,378056689438,"9,500.00",,159652.09
24/07/25,UPI-BigBasket-bigbasket@ybl-318314879496-DR VIA UPI,284049134964,490.38,,159161.71
25/07/25,ATW-XXXXXX9916-FPY93402-INDORE 889269724931,540894467023,"4,000.00",,155161.71
25/07/25,POS RELIANCE MART INDORE,950331687661,"5,200.54",,149961.17
25/07/25,UPI-Amazon Pay-amazon@apl-494068019384-DR VIA UPI,238115898083,"1,890.61",,148070.56
25/07/25,UPI-Spotify-spotify@icici-824254773479-DR VIA UPI,345618302369,999.00,,147071.56
25/07/25,UPI-Indane Gas-indanegas@upi-282609997927-DR VIA UPI,000269145406,"1,400.95",,145670.61
26/07/25,UPI-Vishal Joshi-vishal.joshi@apl-709690476576-CR VIA UPI,204168570382,,"1,200.38",146870.99
27/07/25,MOBILE BANKING CHARGES,535855486658,570.00,,146300.99
27/07/25,GST ON CHARGES,485775389382,102.60,,146198.39
28/07/25,UPI-Hathway-broadband@paytm-684800376874-DR VIA UPI,365278107695,699.00,,145499.39
29/07/25,UPI-Sunil Ghosh-sunilghos32@paytm-848237676000-DR VIA UPI,629552324524,"8,100.86",,137398.53
30/07/25,UPI-Shweta Chatterjee-9902452817@ibl-961559028556-DR VIA UPI,552169464269,"12,150.19",,125248.34
01/08/25,UPI-Ola Cabs-olamoney@ola-117168493210-DR VIA UPI,578522735488,710.81,,124537.53
01/08/25,UPI-Himanshu Pillai-himanshu.pillai@paytm-369953017483-DR VIA UPI,695072621022,"3,900.51",,120637.02
02/08/25,POS HP PETROL PUMP INDORE,502663411190,"2,600.49",,118036.53
02/08/25,UPI-Blinkit-blinkit@kotak-008170158273-DR VIA UPI,010104381666,"1,470.21",,116566.32
02/08/25,UPI-Flipkart-flipkart@ybl-397647394968-DR VIA UPI,203181286018,170.18,,116396.14
02/08/25,UPI-Lalit Pandey-lalit.pandey@axl-496380103068-DR VIA UPI,454422195099,"18,850.58",,97545.56
03/08/25,UPI-Meesho-meesho@ybl-681123079500-DR VIA UPI,949709156805,"5,200.23",,92345.33
04/08/25,POS INDIAN OIL INDORE,888363408827,"2,400.47",,89944.86
06/08/25,SALARY-S3563691709141/NEFT/Raymond Ltd,254390957570,,"143,335.13",233279.99
06/08/25,POS STAR BAZAAR INDORE,818109006281,"2,900.98",,230379.01
07/08/25,UPI-Swiggy-swiggy@icici-849159989584-DR VIA UPI,347156851958,"1,720.94",,228658.07
08/08/25,UPI-Uber India-uber@paytm-028343958683-DR VIA UPI,489032512339,760.34,,227897.73
08/08/25,ECS-NACH-LN705078302278-ICICI Bank Home Loan,792680809197,"8,000.00",,219897.73
08/08/25,UPI-Zomato-zomato@axisbank-458620701366-DR VIA UPI,907129770888,"2,020.28",,217877.45
09/08/25,UPI-Sonia Rao-sonia.rao@paytm-909666235622-CR VIA UPI,026162336296,,"12,550.58",230428.03
10/08/25,UPI-CESC Limited-cescpayment@upi-117957070291-DR VIA UPI,089261815775,650.02,,229778.01
10/08/25,UPI-Bajaj Allianz Life-licindia@licindia-408869826461-DR VIA UPI,087699606229,"5,500.00",,224278.01
10/08/25,UPI-Asha Singh-asha.singh@ybl-668003162509-DR VIA UPI,552998785376,"11,600.02",,212677.99
10/08/25,UPI-Poonam Agarwal-poonam541@kotak-936006755607-CR VIA UPI,547248254018,,"3,850.84",216528.83
10/08/25,POS MORE SUPER MARKET INDORE,271776861976,"5,700.92",,210827.91
11/08/25,ECS-NACH-RNT4246986-RENT MANDATE,967603024322,"22,000.00",,188827.91
12/08/25,UPI-Jio Recharge-vi@airtelaxis-721003098768-DR VIA UPI,138875514325,639.00,,188188.91
12/08/25,POS BHARAT PETROLEUM INDORE,732190372802,950.79,,187238.12
12/08/25,UPI-Naveen Reddy-naveen950@okhdfcbank-793055127738-DR VIA UPI,306366917618,"5,850.32",,181387.80
13/08/25,UPI-Myntra-myntra@ybl-372614724830-DR VIA UPI,254058236018,"2,450.78",,178937.02
13/08/25,POS MAX FASHION INDORE,513816765775,"7,550.16",,171386.86
13/08/25,POS PANTALOONS INDORE,732712994024,"5,650.39",,165736.47
13/08/25,UPI-Manish Patil-manishpati30@ptyes-936090420241-CR VIA UPI,811042228414,,"15,600.67",181337.14
13/08/25,UPI-Manoj Khanna-3370478927@okhdfcbank-294460189726-DR VIA UPI,864753598312,500.24,,180836.90
14/08/25,ATW-XXXXXX6201-SFR60653-INDORE 610099914514,521953879974,"1,500.00",,179336.90
14/08/25,POS INDIAN OIL INDORE,327532937928,"2,600.61",,176736.29
14/08/25,ECS-NACH-SIP8576976-Mirae Asset MF,886228645324,"5,000.00",,171736.29
16/08/25,IMPS-571106478572-Amit Patil-FDRL-XXXXXXX8918-IMPSTXN,944646754962,"21,100.70",,150635.59
16/08/25,UPI-Jio Recharge-vi@airtelaxis-242479170161-DR VIA UPI,563045538808,749.00,,149886.59
16/08/25,NEFT*N5517705617779/Blue Dart Express Lt/CR,212553115149,,"31,500.21",181386.80
17/08/25,UPI-Rapido-rapido@icici-612594064392-DR VIA UPI,666535922722,340.47,,181046.33
17/08/25,UPI-Flipkart-flipkart@ybl-350549226715-DR VIA UPI,967756922745,"1,200.60",,179845.73
18/08/25,UPI-Myntra-myntra@ybl-853101253089-DR VIA UPI,085440394283,"5,050.25",,174795.48
18/08/25,UPI-Hathway-broadband@paytm-747870522959-DR VIA UPI,993328385317,"1,199.00",,173596.48
19/08/25,ATW-XXXXXX2960-OHL61450-INDORE 731989830581,049486918071,"2,000.00",,171596.48
19/08/25,UPI-Indane Gas-indanegas@upi-572239149961-DR VIA UPI,181194620034,"1,400.51",,170195.97
20/08/25,UPI-Suresh Reddy-suresh.reddy@okicici-684710904925-DR VIA UPI,614083771975,"5,100.64",,165095.33
21/08/25,UPI-Amazon Pay-amazon@apl-501876911876-DR VIA UPI,719039459937,"2,490.54",,162604.79
21/08/25,POS V MART INDORE,311565666227,"6,450.69",,156154.10
22/08/25,ATW-XXXXXX8855-UGV60884-INDORE 792893741820,612997376258,"6,000.00",,150154.10
22/08/25,UPI-Ola Cabs-olamoney@ola-272104448412-DR VIA UPI,041339490725,"1,850.94",,148303.16
23/08/25,UPI-Isha Joshi-6683430398@kotak-625786763984-CR VIA UPI,503599719786,,"17,300.64",165603.80
23/08/25,UPI-Sonia Pillai-soniapill94@pthdfc-103723988318-DR VIA UPI,440356311657,"17,300.87",,148302.93
25/08/25,UPI-Babita Bose-babita.bose@ptaxis-751716684451-CR VIA UPI,493846302848,,"13,050.22",161353.15
26/08/25,UPI-Mina Bose-mina715@okaxis-975681244239-DR VIA UPI,935477489417,"8,650.06",,152703.09
27/08/25,UPI-Swiggy-swiggy@icici-566611713531-DR VIA UPI,052536003533,"1,300.68",,151402.41
27/08/25,UPI-Jio Recharge-vi@airtelaxis-185545625639-DR VIA UPI,210154214363,629.00,,150773.41
27/08/25,UPI-Spotify-spotify@icici-812928672114-DR VIA UPI,333857200876,799.00,,149974.41
27/08/25,UPI-Ola Cabs-olamoney@ola-569154301515-DR VIA UPI,658868297964,"2,420.36",,147554.05
27/08/25,UPI-Jio Recharge-vi@airtelaxis-526207607460-DR VIA UPI,624232373019,269.00,,147285.05
27/08/25,UPI-MedPlus Health-medplus@icici-557785292575-DR VIA UPI,312699584390,"1,030.73",,146254.32
28/08/25,UPI-Zomato-zomato@axisbank-860616864038-DR VIA UPI,681031784581,"1,740.62",,144513.70
29/08/25,ATW-XXXXXX1926-QVC80080-INDORE 307264712950,052918917611,"9,500.00",,135013.70
29/08/25,UPI-Flipkart-flipkart@ybl-649864457350-DR VIA UPI,838896082646,"2,210.16",,132803.54
29/08/25,POS BRAND FACTORY INDORE,462806961136,"7,850.42",,124953.12
29/08/25,UPI-PhonePe Merchant-phonepe@ybl-347673167201-DR VIA UPI,021635631401,210.99,,124742.13
31/08/25,POS METRO CASH CARRY INDORE,022951701523,"3,200.19",,121541.94
31/08/25,UPI-Zomato-zomato@axisbank-096828550975-DR VIA UPI,525798301365,950.10,,120591.84
02/09/25,UPI-Jio Recharge-vi@airtelaxis-935171738795-DR VIA UPI,904963705429,909.00,,119682.84
03/09/25,UPI-Jio Recharge-vi@airtelaxis-877289721269-DR VIA UPI,960354033198,879.00,,118803.84
03/09/25,POS D MART INDORE,089674747191,"6,100.60",,112703.24
03/09/25,UPI-Myntra-myntra@ybl-060273581554-DR VIA UPI,600974165273,"4,100.99",,108602.25
03/09/25,UPI-Himanshu Nair-himanshu380@okhdfcbank-004512452821-DR VIA UPI,404271256266,"16,000.34",,92601.91
04/09/25,UPI-Vivek Patel-vivekpate66@paytm-759832680926-DR VIA UPI,726537833139,"21,200.06",,71401.85
04/09/25,IMPS-360121860655-Sunil Malhotra-UCBA-XXXXXXX5283-IMPSTXN,897085330542,"16,500.36",,54901.49
04/09/25,ATW-XXXXXX2122-YRV08602-INDORE 733243236369,404749265709,"7,000.00",,47901.49
04/09/25,UPI-Bajaj Allianz Life-licindia@licindia-276389908102-DR VIA UPI,935364285792,"5,500.00",,42401.49
05/09/25,UPI-Jio Recharge-jio@paytm-643293245187-DR VIA UPI,135176424490,"1,800.64",,40600.85
06/09/25,UPI-Siddharth Pillai-7178121936@axl-362805764905-CR VIA UPI,695602179661,,"20,900.13",61500.98
07/09/25,SALARY-S0569689571671/NEFT/Raymond Ltd,312017061435,,"144,736.13",206237.11
07/09/25,UPI-Nisha Verma-nishaverm33@pthdfc-353336193804-DR VIA UPI,825211611609,"20,650.43",,185586.68
09/09/25,POS SHELL FUEL STATION INDORE,501499423063,"3,250.93",,182335.75
09/09/25,UPI-Hathway-broadband@paytm-536398047671-DR VIA UPI,097725074218,749.00,,181586.75
10/09/25,UPI-Swiggy-swiggy@icici-704085591610-DR VIA UPI,101560455514,"1,010.40",,180576.35
10/09/25,UPI-Anjali Mehta-anjali.mehta@aubank-854276297071-DR VIA UPI,458222895913,"2,700.21",,177876.14
11/09/25,ECS-NACH-RNT7019390-RENT MANDATE,291126299563,"22,000.00",,155876.14
11/09/25,UPI-Shreya Pandey-shreyapand81@oksbi-698680038369-DR VIA UPI,708393707932,"12,400.54",,143475.60
11/09/25,UPI-Uber India-uber@paytm-345397262688-DR VIA UPI,517609727763,830.02,,142645.58
11/09/25,UPI-Nykaa-nykaa@razorpay-682784041400-DR VIA UPI,199928359885,600.42,,142045.16
12/09/25,POS INDIAN OIL INDORE,938745104482,"2,400.05",,139645.11
12/09/25,UPI-Zomato-zomato@axisbank-347664768039-DR VIA UPI,336159063959,"1,510.10",,138135.01
12/09/25,ECS-NACH-LN705078302278-ICICI Bank Home Loan,399357432808,"8,000.00",,130135.01
14/09/25,UPI-Zomato-zomato@axisbank-304685981753-DR VIA UPI,334178013303,"1,840.87",,128294.14
14/09/25,UPI-Babita Sethi-babita.sethi@upi-294085482623-DR VIA UPI,052606920139,"16,150.17",,112143.97
15/09/25,UPI-Kapil Nair-kapil.nair@paytm-699747202536-DR VIA UPI,977235371918,"9,450.69",,102693.28
15/09/25,UPI-Nykaa-nykaa@razorpay-650813358352-DR VIA UPI,789036597442,"2,200.10",,100493.18
16/09/25,NEFT*N2822924605214/Mphasis Limited/CR,771658564662,,"52,500.73",152993.91
16/09/25,POS V MART INDORE,246641772996,"6,800.25",,146193.66
16/09/25,UPI-Flipkart-flipkart@ybl-343501497592-DR VIA UPI,289506286549,"1,200.33",,144993.33
16/09/25,UPI-PhonePe Merchant-phonepe@ybl-589749147254-DR VIA UPI,873772164773,810.66,,144182.67
18/09/25,UPI-Uber India-uber@paytm-113097219399-DR VIA UPI,815742896613,900.20,,143282.47
18/09/25,ECS-NACH-SIP7930108-Mirae Asset MF,175811832946,"5,000.00",,138282.47
18/09/25,UPI-Kamal Nambiar-kamal.nambiar@axl-073628252054-DR VIA UPI,922338312775,"21,500.43",,116782.04
20/09/25,UPI-Indane Gas-indanegas@upi-696761860792-DR VIA UPI,653317471883,"1,250.91",,115531.13
22/09/25,UPI-Jio Recharge-vi@airtelaxis-636925164475-DR VIA UPI,976980574785,769.00,,114762.13
22/09/25,UPI-Hotstar-hotstar@hdfcbank-009239510089-DR VIA UPI,534478879152,649.00,,114113.13
23/09/25,UPI-Rapido-rapido@icici-523861061015-DR VIA UPI,601960366684,200.34,,113912.79
23/09/25,UPI-CESC Limited-cescpayment@upi-183886593158-DR VIA UPI,244317187070,"1,600.05",,112312.74
24/09/25,UPI-Naresh Sen-8201129188@kotak-207493587492-CR VIA UPI,762775999977,,"13,700.80",126013.54
24/09/25,POS HP PETROL PUMP INDORE,355568903580,"1,350.45",,124663.09
25/09/25,POS RELIANCE MART INDORE,848856024650,"3,800.16",,120862.93
26/09/25,UPI-Zepto-zepto@apl-632056727975-DR VIA UPI,019024869890,520.94,,120341.99
26/09/25,INTEREST CREDIT,118010103852,,555.06,120897.05
28/09/25,UPI-Flipkart-flipkart@ybl-902233966399-DR VIA UPI,706583445829,"1,280.13",,119616.92
28/09/25,UPI-Netmeds-netmeds@paytm-353056601187-DR VIA UPI,003223553234,"3,370.67",,116246.25
29/09/25,UPI-Uber India-uber@paytm-235747281039-DR VIA UPI,332843591782,870.00,,115376.25
29/09/25,POS SHELL FUEL STATION INDORE,096020991962,"4,000.40",,111375.85
01/10/25,UPI-Ajay Tiwari-0808408427@kotak-922448061566-CR VIA UPI,589214438223,,"6,650.27",118026.12
01/10/25,ATW-XXXXXX9259-NNO54161-INDORE 719498443535,177671441143,"1,000.00",,117026.12
01/10/25,UPI-Babita Desai-babita.desai@apl-440450559217-CR VIA UPI,050151392215,,"9,500.50",126526.62
02/10/25,UPI-Sumit Roy-sumit.roy@okaxis-087820010377-DR VIA UPI,332375112732,"10,650.43",,115876.19
02/10/25,UPI-Hathway-broadband@paytm-979196562715-DR VIA UPI,055945368972,"1,049.00",,114827.19
02/10/25,UPI-Zomato-zomato@axisbank-786759622124-DR VIA UPI,283721126571,"1,240.74",,113586.45
02/10/25,POS RELIANCE PETROLEUM INDORE,978429321793,"2,800.61",,110785.84
02/10/25,UPI-BigBasket-bigbasket@ybl-086393306537-DR VIA UPI,187275864685,"2,120.91",,108664.93
02/10/25,UPI-Amazon Pay-amazon@apl-628141453774-DR VIA UPI,447982464343,700.35,,107964.58
03/10/25,UPI-Meena Gupta-meena119@oksbi-751340917076-DR VIA UPI,138145643274,"2,550.03",,105414.55
03/10/25,UPI-Jio Recharge-vi@airtelaxis-361007483453-DR VIA UPI,143938557256,839.00,,104575.55
03/10/25,UPI-Swati Sharma-7192070524@aubank-147819422228-DR VIA UPI,602249894506,"2,700.88",,101874.67
03/10/25,UPI-Ashish Pandey-ashish.pandey@oksbi-041585290055-DR VIA UPI,551633230746,"6,000.44",,95874.23
03/10/25,POS BIG BAZAAR INDORE,559280910029,"1,150.74",,94723.49
03/10/25,POS HP PETROL PUMP INDORE,529138314254,"2,000.59",,92722.90
04/10/25,SALARY-S8623620917827/NEFT/Raymond Ltd,742966459474,,"145,909.13",238632.03
04/10/25,UPI-Yogesh Desai-yogesh.desai@axl-592571578235-CR VIA UPI,784767333054,,"19,850.74",258482.77
04/10/25,UPI-Mohit Desai-mohitdesa73@paytm-292301331514-CR VIA UPI,420747791024,,"17,950.13",276432.90
07/10/25,POS MORE SUPER MARKET INDORE,390506207088,"6,400.90",,270032.00
07/10/25,ECS-NACH-RNT5919825-RENT MANDATE,292889633670,"22,000.00",,248032.00
07/10/25,UPI-Bajaj Allianz Life-licindia@licindia-951573112559-DR VIA UPI,565907686772,"5,500.00",,242532.00
08/10/25,UPI-Nykaa-nykaa@razorpay-242610633884-DR VIA UPI,631153655777,699.00,,241833.00
08/10/25,UPI-Ola Cabs-olamoney@ola-626900116920-DR VIA UPI,757366452016,"1,180.48",,240652.52
09/10/25,ATW-XXXXXX8679-YRA21250-INDORE 034474781768,643874751396,"9,000.00",,231652.52
10/10/25,UPI-PhonePe Merchant-phonepe@ybl-761074791686-DR VIA UPI,365550377404,"1,970.88",,229681.64
11/10/25,POS LIFESTYLE STORES INDORE,875761270367,"1,850.39",,227831.25
11/10/25,ECS-NACH-LN705078302278-ICICI Bank Home Loan,825529811522,"8,000.00",,219831.25
11/10/25,UPI-PhonePe Merchant-phonepe@ybl-849981245156-DR VIA UPI,054902403437,"1,210.33",,218620.92
11/10/25,UPI-Deepa Naik-3833327757@ptsbi-679229601826-DR VIA UPI,478098925150,"3,450.62",,215170.30
11/10/25,UPI-Sunil Jain-sunil497@upi-808966521788-CR VIA UPI,804822210781,,"1,600.80",216771.10
12/10/25,UPI-Flipkart-flipkart@ybl-796253047007-DR VIA UPI,244750341125,660.71,,216110.39
12/10/25,NEFT*N8119483294648/L&T Infotech Ltd/CR,332500836541,,"14,500.30",230610.69
13/10/25,ECS-NACH-SIP3750743-Mirae Asset MF,351569317824,"5,000.00",,225610.69
14/10/25,UPI-Ola Cabs-olamoney@ola-650212778507-DR VIA UPI,583177592696,110.78,,225499.91
14/10/25,UPI-Rapido-rapido@icici-152675798203-DR VIA UPI,312362806007,340.05,,225159.86
14/10/25,UPI-PhonePe Merchant-phonepe@ybl-221660685118-DR VIA UPI,826094598267,"2,610.77",,222549.09
14/10/25,POS INDIAN OIL INDORE,326825997618,"4,300.62",,218248.47
15/10/25,POS MORE SUPER MARKET INDORE,680548426495,"3,550.79",,214697.68
15/10/25,UPI-Zomato-zomato@axisbank-754604075070-DR VIA UPI,050882805512,"2,450.00",,212247.68
15/10/25,POS BRAND FACTORY INDORE,428786467049,"6,150.35",,206097.33
15/10/25,ATW-XXXXXX7661-ZYE99139-INDORE 775536197131,590434964335,"8,500.00",,197597.33
15/10/25,POS INDIAN OIL INDORE,046193550070,"3,150.66",,194446.67
16/10/25,ATW-XXXXXX4834-TSZ90334-INDORE 471473755499,173508955267,"7,000.00",,187446.67
19/10/25,UPI-Indane Gas-indanegas@upi-482231638991-DR VIA UPI,549734553406,"2,200.46",,185246.21
20/10/25,UPI-Neha Iyer-neha.iyer@paytm-901587258014-CR VIA UPI,416961128325,,"16,700.37",201946.58
20/10/25,UPI-Uber India-uber@paytm-639400795576-DR VIA UPI,889403102805,570.38,,201376.20
20/10/25,ATW-XXXXXX3065-TXH83953-INDORE 429322758095,186869421669,"9,000.00",,192376.20
21/10/25,UPI-Uber India-uber@paytm-358382156414-DR VIA UPI,177524049712,300.34,,192075.86
21/10/25,ATW-XXXXXX9736-FPC00093-INDORE 193632376262,897965263259,"4,500.00",,187575.86
22/10/25,UPI-CESC Limited-cescpayment@upi-083115248264-DR VIA UPI,413391291084,"1,400.70",,186175.16
23/10/25,ATW-XXXXXX0014-VYQ33673-INDORE 512910701077,050367506496,"3,000.00",,183175.16
23/10/25,UPI-Rapido-rapido@icici-226681904249-DR VIA UPI,030754146731,500.76,,182674.40
25/10/25,UPI-Yogesh Patil-yogeshpati15@ptyes-145257996677-CR VIA UPI,122167478796,,"19,550.31",202224.71
25/10/25,POS D MART INDORE,859833867903,"6,900.62",,195324.09
25/10/25,UPI-Dunzo-dunzo@razorpay-380461484200-DR VIA UPI,101053995457,"2,770.74",,192553.35
26/10/25,UPI-Jio Recharge-vi@airtelaxis-888991222732-DR VIA UPI,867049162436,639.00,,191914.35
27/10/25,UPI-Kamal Rao-kamal400@axl-249118559080-DR VIA UPI,970682263651,"4,800.23",,187114.12
28/10/25,POS MORE SUPER MARKET INDORE,912492250416,"2,250.77",,184863.35
28/10/25,POS BIG BAZAAR INDORE,522317604309,"5,750.39",,179112.96
28/10/25,UPI-Jio Recharge-vi@airtelaxis-391382779221-DR VIA UPI,379174585246,269.00,,178843.96
29/10/25,UPI-Uber India-uber@paytm-215213431430-DR VIA UPI,469553600640,850.94,,177993.02
30/10/25,GST ON CHARGES,815034650234,39.60,,177953.42
30/10/25,MOBILE BANKING CHARGES,474439483710,220.00,,177733.42
31/10/25,UPI-Anjali Sharma-anjalishar64@ibl-144003672937-DR VIA UPI,444000834091,"12,650.81",,165082.61
01/11/25,UPI-Flipkart-flipkart@ybl-996832559836-DR VIA UPI,191283992873,"2,650.34",,162432.27
02/11/25,UPI-Uber India-uber@paytm-402457740632-DR VIA UPI,065189466214,690.55,,161741.72
02/11/25,UPI-Apollo Pharmacy-apollopharmacy@ybl-711165342739-DR VIA UPI,175913624603,449.00,,161292.72
02/11/25,UPI-Dunzo-dunzo@razorpay-232443204474-DR VIA UPI,400485997813,"1,740.69",,159552.03
02/11/25,UPI-Kavita Chaudhary-kavita112@axl-228202483845-DR VIA UPI,360219430138,"15,700.26",,143851.77
02/11/25,UPI-Renu Joshi-2988865303@pthdfc-613960521012-CR VIA UPI,544928078523,,"3,900.23",147752.00
03/11/25,UPI-Swiggy-swiggy@icici-645660521705-DR VIA UPI,273766569615,"2,440.77",,145311.23
03/11/25,UPI-Paytm Mall-paytm@paytm-373127339905-DR VIA UPI,482425508771,910.92,,144400.31
03/11/25,UPI-Sunita Nambiar-4745136954@okhdfcbank-760606620604-DR VIA UPI,022998071211,"5,250.52",,139149.79
04/11/25,SALARY-S7226927329968/NEFT/Raymond Ltd,783510876324,,"143,516.13",282665.92
04/11/25,UPI-Ajay Menon-ajay.menon@upi-053361018822-DR VIA UPI,821999311611,"10,300.29",,272365.63
06/11/25,UPI-Bajaj Allianz Life-licindia@licindia-538921036233-DR VIA UPI,971209123452,"5,500.00",,266865.63
06/11/25,ECS-NACH-LN705078302278-ICICI Bank Home Loan,680888106300,"8,000.00",,258865.63
07/11/25,UPI-Jio Recharge-vi@airtelaxis-205567000804-DR VIA UPI,033257477865,579.00,,258286.63
08/11/25,UPI-Ramesh Sharma-rameshshar46@okhdfcbank-097306542268-DR VIA UPI,010169378101,"13,550.24",,244736.39
08/11/25,ECS-NACH-RNT4399012-RENT MANDATE,321562767197,"22,000.00",,222736.39
09/11/25,POS SHOPPERS STOP INDORE,207631393089,"7,950.24",,214786.15
09/11/25,UPI-Sonia Agarwal-8908814921@ptaxis-087182359881-CR VIA UPI,801289294535,,"8,250.59",223036.74
10/11/25,UPI-Ola Cabs-olamoney@ola-526601470170-DR VIA UPI,560475827852,80.77,,222955.97
10/11/25,UPI-Jio Recharge-vi@airtelaxis-261076090003-DR VIA UPI,751919695201,869.00,,222086.97
10/11/25,UPI-Jio Recharge-jio@paytm-233634576500-DR VIA UPI,032603326475,"2,100.12",,219986.85
11/11/25,UPI-Rapido-rapido@icici-170711345221-DR VIA UPI,263246687310,80.98,,219905.87
11/11/25,POS BHARAT PETROLEUM INDORE,277462429229,"2,950.47",,216955.40
11/11/25,ECS-NACH-SIP7057583-Mirae Asset MF,593258379643,"5,000.00",,211955.40
13/11/25,UPI-Vikram Naik-5079040925@okicici-745314979273-DR VIA UPI,744456088510,100.09,,211855.31
13/11/25,UPI-MedPlus Health-medplus@icici-120135002539-DR VIA UPI,353090932115,"3,140.12",,208715.19
13/11/25,UPI-Ashish Ahuja-ashish.ahuja@axl-423617844911-CR VIA UPI,930402374734,,"18,450.82",227166.01
13/11/25,UPI-Dinesh Nambiar-5554694680@aubank-727268941538-CR VIA UPI,202130982662,,"10,000.53",237166.54
14/11/25,UPI-Usha Kapoor-6019983545@okaxis-681058167553-CR VIA UPI,165875011872,,"11,750.70",248917.24
14/11/25,UPI-Zomato-zomato@axisbank-422589846564-DR VIA UPI,224180945917,"1,250.88",,247666.36
14/11/25,UPI-Rajan Bose-rajan821@aubank-475575021880-CR VIA UPI,973845327968,,"21,250.63",268916.99
15/11/25,UPI-Nykaa-nykaa@razorpay-226901687674-DR VIA UPI,726384885697,"6,000.49",,262916.50
15/11/25,UPI-Uber India-uber@paytm-494629405291-DR VIA UPI,678724289102,500.50,,262416.00
15/11/25,UPI-Brijesh Shukla-brijesh.shukla@oksbi-150408252480-DR VIA UPI,970328006852,"11,450.45",,250965.55
15/11/25,UPI-Uber India-uber@paytm-510649683747-DR VIA UPI,225898940454,730.57,,250234.98
16/11/25,UPI-Uber India-uber@paytm-126449218183-DR VIA UPI,377846476702,100.88,,250134.10
16/11/25,UPI-Ajay Kulkarni-ajaykulk17@ibl-323620321584-DR VIA UPI,276223744710,"2,050.45",,248083.65
17/11/25,UPI-Brijesh Shukla-8096352519@paytm-968140223795-CR VIA UPI,371790569382,,"11,900.10",259983.75
18/11/25,POS BRAND FACTORY INDORE,396542224383,"5,450.64",,254533.11
18/11/25,UPI-Kamal Pillai-kamalpill80@kotak-057552945089-DR VIA UPI,479938686871,"2,050.69",,252482.42
19/11/25,UPI-Rapido-rapido@icici-240064419625-DR VIA UPI,642552857750,730.81,,251751.61
19/11/25,ATW-XXXXXX4894-WXT61892-INDORE 199373227684,671453361738,"4,500.00",,247251.61
19/11/25,UPI-CESC Limited-cescpayment@upi-712499135085-DR VIA UPI,701856755040,800.13,,246451.48
19/11/25,UPI-Indane Gas-indanegas@upi-482807593830-DR VIA UPI,557662604884,"1,100.66",,245350.82
19/11/25,NEFT*N3783347420631/Arvind Ltd/CR,184943385147,,"39,000.84",284351.66
20/11/25,UPI-Varun Pandey-9649376246@ptsbi-855548480539-DR VIA UPI,293968024201,"3,950.90",,280400.76
20/11/25,UPI-Pooja Iyer-3424806929@upi-845516130309-CR VIA UPI,801724095202,,"11,100.28",291501.04
20/11/25,UPI-Shreya Iyer-shreya.iyer@aubank-463786588566-DR VIA UPI,889011991607,"2,100.75",,289400.29
21/11/25,UPI-Amazon Pay-amazon@apl-212452404118-DR VIA UPI,773359300852,"4,800.39",,284599.90
21/11/25,ATW-XXXXXX4008-AJS38454-INDORE 125320568146,602970512519,"1,000.00",,283599.90
21/11/25,UPI-Lata Yadav-8886667506@ptsbi-644129984248-DR VIA UPI,714868754652,"9,150.23",,274449.67
22/11/25,UPI-Flipkart-flipkart@ybl-283886308419-DR VIA UPI,561188788427,"4,300.04",,270149.63
22/11/25,UPI-Zomato-zomato@axisbank-774858541193-DR VIA UPI,159294510803,"2,610.07",,267539.56
23/11/25,UPI-Zomato-zomato@axisbank-097416831738-DR VIA UPI,983054648034,"2,410.24",,265129.32
23/11/25,UPI-Uber India-uber@paytm-915196295039-DR VIA UPI,344038639031,"2,800.37",,262328.95
25/11/25,UPI-Anita Desai-anita670@apl-108832192477-DR VIA UPI,158010567488,"9,250.90",,253078.05
26/11/25,UPI-BigBasket-bigbasket@ybl-754400104551-DR VIA UPI,047520628423,"2,670.66",,250407.39
26/11/25,UPI-Krishna Kulkarni-8671909299@apl-304220562141-DR VIA UPI,947757881054,"1,050.04",,249357.35
26/11/25,UPI-Uber India-uber@paytm-440519493187-DR VIA UPI,258508173454,"1,780.40",,247576.95
26/11/25,UPI-Swiggy-swiggy@icici-693681390970-DR VIA UPI,405230010622,"1,380.40",,246196.55
27/11/25,POS RELIANCE MART INDORE,562323080939,"3,950.80",,242245.75
27/11/25,MOBILE BANKING CHARGES,644795784211,140.00,,242105.75
27/11/25,GST ON CHARGES,724413903702,25.20,,242080.55
30/11/25,POS HP PETROL PUMP INDORE,817309236291,"1,500.06",,240580.49
01/12/25,POS LIFESTYLE STORES INDORE,387210799489,"6,900.10",,233680.39
01/12/25,UPI-Kavya Roy-kavyaroy60@ptaxis-453230541639-CR VIA UPI,692034083435,,"17,850.75",251531.14
02/12/25,UPI-Jio Recharge-vi@airtelaxis-531968456590-DR VIA UPI,693177527591,629.00,,250902.14
02/12/25,ATW-XXXXXX0615-TNF60755-INDORE 334394263601,774376848751,"5,000.00",,245902.14
02/12/25,UPI-Ola Cabs-olamoney@ola-122301724158-DR VIA UPI,813897845661,350.61,,245551.53
02/12/25,ATW-XXXXXX9852-TII50610-INDORE 913299152839,922492787090,"2,500.00",,243051.53
02/12/25,UPI-Rekha Srivastava-rekhasriv80@aubank-743615754039-CR VIA UPI,189876953021,,"8,550.17",251601.70
03/12/25,ATW-XXXXXX3046-JTJ79595-INDORE 343426633092,297143341645,"8,500.00",,243101.70
04/12/25,POS RELIANCE PETROLEUM INDORE,978920474528,800.50,,242301.20
04/12/25,UPI-Mahesh Chaudhary-maheshchau16@ptaxis-210083800682-CR VIA UPI,310789998003,,"16,200.77",258501.97
05/12/25,UPI-Bajaj Allianz Life-licindia@licindia-428846308248-DR VIA UPI,977679829375,"5,500.00",,253001.97
06/12/25,SALARY-S8907652827364/NEFT/Raymond Ltd,649898557442,,"144,402.13",397404.10
06/12/25,UPI-Meesho-meesho@ybl-724545547044-DR VIA UPI,899798305202,"1,300.44",,396103.66
07/12/25,UPI-Myntra-myntra@ybl-478302203880-DR VIA UPI,379762869894,749.00,,395354.66
07/12/25,ATW-XXXXXX5824-XPK82913-INDORE 330889307932,265586722777,"10,000.00",,385354.66
07/12/25,ECS-NACH-RNT7729301-RENT MANDATE,909381792661,"22,000.00",,363354.66
07/12/25,UPI-MedPlus Health-medplus@icici-840556111537-DR VIA UPI,634148226746,"2,080.66",,361274.00
07/12/25,UPI-Ola Cabs-olamoney@ola-073388050916-DR VIA UPI,293929234852,310.66,,360963.34
07/12/25,POS MORE SUPER MARKET INDORE,700249518470,"8,050.35",,352912.99
08/12/25,POS SHOPPERS STOP INDORE,051871177053,"2,800.42",,350112.57
08/12/25,IMPS-761874780691-Sanjay Khanna-BARB-XXXXXXX3234-IMPSTXN,948898569708,"43,100.34",,307012.23
08/12/25,UPI-Rapido-rapido@icici-546141554943-DR VIA UPI,760386423140,180.75,,306831.48
09/12/25,UPI-Rapido-rapido@icici-010870120951-DR VIA UPI,815501946454,760.24,,306071.24
11/12/25,UPI-Jio Recharge-vi@airtelaxis-018347021612-DR VIA UPI,175239344906,189.00,,305882.24
12/12/25,UPI-Paytm Mall-paytm@paytm-885019073338-DR VIA UPI,666701264881,620.09,,305262.15
13/12/25,UPI-CESC Limited-cescpayment@upi-461358159135-DR VIA UPI,579171765649,"3,300.80",,301961.35
14/12/25,ECS-NACH-LN705078302278-ICICI Bank Home Loan,534464074177,"8,000.00",,293961.35
15/12/25,POS METRO CASH CARRY INDORE,109614596784,"5,100.89",,288860.46
16/12/25,UPI-Swati Ghosh-swatighos25@okicici-724587688877-CR VIA UPI,721017681902,,"7,400.07",296260.53
16/12/25,ECS-NACH-SIP6200415-Mirae Asset MF,195596823551,"5,000.00",,291260.53
17/12/25,POS V MART INDORE,968722579055,"3,950.22",,287310.31
17/12/25,UPI-Jio Recharge-vi@airtelaxis-843551233268-DR VIA UPI,143010261625,719.00,,286591.31
17/12/25,POS VISHAL MEGA MART INDORE,331092645706,"3,600.71",,282990.60
18/12/25,UPI-Mahesh Gupta-mahesh557@ibl-847967806629-CR VIA UPI,047898588054,,"12,550.88",295541.48
19/12/25,UPI-PhonePe Merchant-phonepe@ybl-659187279632-DR VIA UPI,285930115406,"1,870.08",,293671.40
19/12/25,UPI-Nikhil Shukla-nikhil.shukla@okicici-234708766860-DR VIA UPI,644177028902,"20,200.81",,273470.59
19/12/25,UPI-Indane Gas-indanegas@upi-379362597514-DR VIA UPI,867875064577,"1,750.85",,271719.74
19/12/25,UPI-Ashish Pandey-ashishpand93@ptaxis-951655091165-CR VIA UPI,344938542104,,"15,750.87",287470.61
20/12/25,UPI-Myntra-myntra@ybl-074104829767-DR VIA UPI,888588579849,350.78,,287119.83
20/12/25,UPI-Harish Verma-2534994696@pthdfc-524918870527-CR VIA UPI,650566848610,,650.28,287770.11
20/12/25,UPI-Usha Desai-usha.desai@ptaxis-079139267105-DR VIA UPI,626642076116,"12,200.36",,275569.75
21/12/25,ATW-XXXXXX8800-UDQ84558-INDORE 323923165130,158844397683,"1,000.00",,274569.75
21/12/25,UPI-Hathway-broadband@paytm-804057646603-DR VIA UPI,886014229137,749.00,,273820.75
22/12/25,UPI-PhonePe Merchant-phonepe@ybl-209997695451-DR VIA UPI,783493079914,"1,830.15",,271990.60
22/12/25,UPI-Paytm Mall-paytm@paytm-562901309626-DR VIA UPI,631997108277,"2,760.60",,269230.00
24/12/25,UPI-Mohit Jain-mohitjain18@ptaxis-365917412011-CR VIA UPI,714193993581,,"4,750.42",273980.42
25/12/25,UPI-Uber India-uber@paytm-546780922663-DR VIA UPI,006351478885,90.62,,273889.80
25/12/25,UPI-Swiggy-swiggy@icici-244107252150-DR VIA UPI,870895714577,"1,930.82",,271958.98
25/12/25,ATW-XXXXXX3304-KOQ87729-INDORE 395724338186,974463187918,"10,000.00",,261958.98
25/12/25,UPI-Uber India-uber@paytm-028195589673-DR VIA UPI,465751846699,330.44,,261628.54
25/12/25,UPI-PhonePe Merchant-phonepe@ybl-029401264531-DR VIA UPI,214168556452,730.59,,260897.95
25/12/25,NEFT*N8512486676342/Cipla Limited/CR,167665175585,,"27,500.90",288398.85
26/12/25,INTEREST CREDIT,790486305244,,595.16,288994.01
26/12/25,UPI-Practo-practo@paytm-063162057991-DR VIA UPI,899946675176,149.00,,288845.01
26/12/25,GST ON CHARGES,682403678746,90.00,,288755.01
26/12/25,UPI-Swiggy-swiggy@icici-853008896864-DR VIA UPI,293981534276,"2,290.00",,286465.01
26/12/25,MOBILE BANKING CHARGES,378340081447,500.00,,285965.01
26/12/25,UPI-Rapido-rapido@icici-339829851807-DR VIA UPI,497039995487,770.61,,285194.40
29/12/25,POS BHARAT PETROLEUM INDORE,463156482192,"3,550.36",,281644.04
29/12/25,UPI-Anita Patel-anita.patel@kotak-223497143711-CR VIA UPI,145830583230,,"17,650.17",299294.21
29/12/25,UPI-Ajay Patel-ajay115@pthdfc-954842538763-DR VIA UPI,390355312136,"2,800.55",,296493.66
30/12/25,UPI-Tarun Kapoor-tarunkapo44@oksbi-953288977403-DR VIA UPI,924308062093,"3,650.99",,292842.67
30/12/25,POS BHARAT PETROLEUM INDORE,421115322726,"2,300.04",,290542.63
01/01/26,UPI-BigBasket-bigbasket@ybl-474586525586-DR VIA UPI,230442310504,"1,960.44",,288582.19
01/01/26,UPI-Rekha Pillai-rekha.pillai@oksbi-414828860728-CR VIA UPI,328590455778,,"5,650.94",294233.13
02/01/26,UPI-Ola Cabs-olamoney@ola-775305324938-DR VIA UPI,034631815912,920.91,,293312.22
02/01/26,UPI-Jio Recharge-vi@airtelaxis-042664227286-DR VIA UPI,070165904444,869.00,,292443.22
03/01/26,UPI-Paytm Mall-paytm@paytm-259910727476-DR VIA UPI,395427479827,360.38,,292082.84
03/01/26,UPI-Vikram Chopra-vikramchop77@okaxis-569328092369-CR VIA UPI,996846551063,,"10,950.92",303033.76
04/01/26,UPI-Vandana Naik-vandananaik48@okhdfcbank-325919218809-DR VIA UPI,154818348768,"8,150.49",,294883.27
04/01/26,UPI-Rapido-rapido@icici-830589557920-DR VIA UPI,062103798333,900.98,,293982.29
04/01/26,UPI-Vijay Kumar-vijaykuma17@ibl-742952381688-DR VIA UPI,345729436503,"20,300.63",,273681.66
04/01/26,POS BRAND FACTORY INDORE,302385270721,950.28,,272731.38
05/01/26,UPI-Asha Nambiar-asha753@apl-102217185340-DR VIA UPI,423550108278,"16,700.02",,256031.36
05/01/26,UPI-Flipkart-flipkart@ybl-886519649105-DR VIA UPI,179340491998,"1,940.85",,254090.51
05/01/26,UPI-Dunzo-dunzo@razorpay-373177928683-DR VIA UPI,577892487461,"2,600.44",,251490.07
06/01/26,UPI-Uber India-uber@paytm-676160639931-DR VIA UPI,303767743727,660.69,,250829.38
06/01/26,IMPS-975511067977-Varsha Joshi-PUNB-XXXXXXX2269-IMPSTXN,431237035764,"2,300.17",,248529.21
06/01/26,SALARY-S4350082339069/NEFT/Raymond Ltd,459016512323,,"144,712.13",393241.34
06/01/26,ATW-XXXXXX5876-GWY81432-INDORE 724997712025,333291220650,"2,000.00",,391241.34
07/01/26,UPI-Jio Recharge-vi@airtelaxis-396219554428-DR VIA UPI,460192425081,869.00,,390372.34
07/01/26,UPI-Netmeds-netmeds@paytm-321764852543-DR VIA UPI,387852509689,"2,640.01",,387732.33
08/01/26,ECS-NACH-LN705078302278-ICICI Bank Home Loan,083242148513,"8,000.00",,379732.33
08/01/26,ATW-XXXXXX7565-ESE72580-INDORE 509872562312,020872611280,"3,000.00",,376732.33
08/01/26,UPI-Lata Menon-3578027608@pthdfc-257988182070-DR VIA UPI,638742930983,"11,100.88",,365631.45
09/01/26,ATW-XXXXXX7338-ZSR53418-INDORE 833496268855,444947311690,"9,500.00",,356131.45
09/01/26,UPI-Bajaj Allianz Life-licindia@licindia-615739599047-DR VIA UPI,741286414213,"5,500.00",,350631.45
09/01/26,POS BHARAT PETROLEUM INDORE,346755216484,"4,300.31",,346331.14
09/01/26,ATW-XXXXXX2718-EPH17443-INDORE 779802409857,542081545527,"3,500.00",,342831.14
10/01/26,UPI-Preeti Chaudhary-preetichau25@apl-506768295020-CR VIA UPI,151452847059,,"3,750.10",346581.24
11/01/26,UPI-Zepto-zepto@apl-847453381157-DR VIA UPI,358167516936,"1,960.51",,344620.73
11/01/26,UPI-Vikas Jain-vikas441@upi-125661666804-DR VIA UPI,862031754051,"16,250.53",,328370.20
11/01/26,UPI-Hathway-broadband@paytm-763650878216-DR VIA UPI,409179020943,799.00,,327571.20
11/01/26,ECS-NACH-RNT3338257-RENT MANDATE,234525483167,"22,000.00",,305571.20
12/01/26,POS MORE SUPER MARKET INDORE,407078310944,"5,800.75",,299770.45
12/01/26,UPI-Ola Cabs-olamoney@ola-901624534643-DR VIA UPI,512557153914,"2,720.32",,297050.13
12/01/26,UPI-Jio Recharge-vi@airtelaxis-584569046186-DR VIA UPI,428571482257,789.00,,296261.13
13/01/26,UPI-Dunzo-dunzo@razorpay-440770998995-DR VIA UPI,517125452417,680.42,,295580.71
13/01/26,UPI-Paytm Mall-paytm@paytm-098071493487-DR VIA UPI,818871046618,570.32,,295010.39
13/01/26,UPI-Jyoti Jain-4822887870@ibl-953371894308-DR VIA UPI,657121840102,"21,400.36",,273610.03
14/01/26,UPI-Preeti Dubey-preetidube23@ybl-251011666400-DR VIA UPI,043859646462,"12,950.31",,260659.72
15/01/26,UPI-Paytm Mall-paytm@paytm-621446273642-DR VIA UPI,627388867259,"1,480.69",,259179.03
16/01/26,UPI-Myntra-myntra@ybl-474432168656-DR VIA UPI,380418776608,"3,650.71",,255528.32
16/01/26,UPI-Uber India-uber@paytm-347913938006-DR VIA UPI,930562142993,700.83,,254827.49
16/01/26,UPI-Uber India-uber@paytm-727868579909-DR VIA UPI,602319696489,170.63,,254656.86
17/01/26,UPI-Zepto-zepto@apl-591756216188-DR VIA UPI,809295302320,"1,570.14",,253086.72
18/01/26,UPI-Flipkart-flipkart@ybl-055387864127-DR VIA UPI,626842408182,"1,080.00",,252006.72
18/01/26,ATW-XXXXXX7727-XIO05783-INDORE 004055359908,670659269134,"4,000.00",,248006.72
18/01/26,UPI-Uber India-uber@paytm-980087120109-DR VIA UPI,246009407812,370.45,,247636.27
18/01/26,UPI-Amazon Pay-amazon@apl-525946613902-DR VIA UPI,690602392053,"4,750.55",,242885.72
19/01/26,UPI-CESC Limited-cescpayment@upi-359352146168-DR VIA UPI,592613284185,"3,900.08",,238985.64
19/01/26,ECS-NACH-SIP9632360-Mirae Asset MF,140488789328,"5,000.00",,233985.64
19/01/26,UPI-Indane Gas-indanegas@upi-685586922449-DR VIA UPI,224228881932,900.81,,233084.83
20/01/26,POS BHARAT PETROLEUM INDORE,682929773701,"4,400.92",,228683.91
20/01/26,UPI-Sumit Kapoor-sumitkapo38@axl-343321293532-CR VIA UPI,538942389175,,"17,300.13",245984.04
21/01/26,UPI-BSNL Broadband-bsnlbroadband@upi-329522124376-DR VIA UPI,874951326216,"1,970.52",,244013.52
21/01/26,UPI-Jio Recharge-vi@airtelaxis-333985591833-DR VIA UPI,618884439729,529.00,,243484.52
22/01/26,UPI-Pooja Gupta-pooja.gupta@aubank-931518954659-DR VIA UPI,481808525682,"5,400.29",,238084.23
22/01/26,UPI-Apollo Pharmacy-apollopharmacy@ybl-373474312000-DR VIA UPI,528695459985,849.00,,237235.23
22/01/26,UPI-Pooja Banerjee-poojabane74@upi-650795635954-CR VIA UPI,187876048287,,"17,600.34",254835.57
24/01/26,UPI-Jio Recharge-vi@airtelaxis-751337328086-DR VIA UPI,391910785196,839.00,,253996.57
25/01/26,UPI-Neha Nair-nehanair25@okaxis-209578866411-CR VIA UPI,530692368353,,"8,950.25",262946.82
26/01/26,UPI-Flipkart-flipkart@ybl-408156025653-DR VIA UPI,332272397104,"2,070.67",,260876.15
27/01/26,UPI-Zomato-zomato@axisbank-042870373473-DR VIA UPI,329312462368,"1,640.19",,259235.96
29/01/26,UPI-Uber India-uber@paytm-859867305066-DR VIA UPI,729983310535,210.58,,259025.38
30/01/26,ATW-XXXXXX1028-JZM45599-INDORE 975211864230,545592275595,"3,500.00",,255525.38
30/01/26,UPI-Swiggy-swiggy@icici-704796324260-DR VIA UPI,474934195102,"2,380.93",,253144.45
30/01/26,POS V MART INDORE,665322128023,"6,400.26",,246744.19
30/01/26,UPI-Tarun Saxena-tarunsaxe96@okhdfcbank-741141300426-DR VIA UPI,296573199865,"2,800.80",,243943.39
30/01/26,UPI-Priya Thapar-priya.thapar@pthdfc-121159901429-DR VIA UPI,655677588777,850.84,,243092.55
31/01/26,UPI-Sanjay Malhotra-sanjay182@kotak-875278612889-CR VIA UPI,428632841401,,"6,650.91",249743.46
31/01/26,UPI-Ravi Patel-ravi428@paytm-622725569967-DR VIA UPI,686361690811,"20,850.57",,228892.89
01/02/26,POS HP PETROL PUMP INDORE,256173450700,"1,750.57",,227142.32
02/02/26,ATW-XXXXXX6919-FZE55911-INDORE 530762566199,568836059267,"2,000.00",,225142.32
02/02/26,UPI-Vijay Chopra-vijay990@axl-623312603646-CR VIA UPI,938699110902,,"19,500.70",244643.02
02/02/26,UPI-Swiggy-swiggy@icici-259409294313-DR VIA UPI,997460891787,"1,980.62",,242662.40
04/02/26,UPI-Meesho-meesho@ybl-446216787386-DR VIA UPI,225088611801,"3,550.65",,239111.75
04/02/26,POS RELIANCE MART INDORE,488879834775,"2,600.93",,236510.82
05/02/26,UPI-Rapido-rapido@icici-767247975790-DR VIA UPI,768927375859,820.18,,235690.64
05/02/26,UPI-Santosh Shukla-5976338402@okhdfcbank-821146336374-CR VIA UPI,420955326971,,"16,800.88",252491.52
06/02/26,SALARY-S1037360747488/NEFT/Raymond Ltd,182812933465,,"143,806.13",396297.65
07/02/26,UPI-Sanjay Das-sanjay.das@aubank-373833040401-DR VIA UPI,313473519395,"14,400.95",,381896.70
07/02/26,UPI-Sumit Joshi-5115157925@axl-480055713573-DR VIA UPI,135400667250,"1,350.72",,380545.98
07/02/26,UPI-Naresh Sen-nareshsen20@apl-234635017011-DR VIA UPI,620634534811,"8,650.22",,371895.76
08/02/26,POS RELIANCE PETROLEUM INDORE,341912416522,"1,200.08",,370695.68
08/02/26,UPI-Jio Recharge-vi@airtelaxis-295009345687-DR VIA UPI,975771277323,889.00,,369806.68
08/02/26,UPI-Flipkart-flipkart@ybl-811414493795-DR VIA UPI,528878927128,950.09,,368856.59
09/02/26,UPI-Blinkit-blinkit@kotak-611342233067-DR VIA UPI,331990402242,"1,440.75",,367415.84
10/02/26,POS RELIANCE MART INDORE,590511590624,"8,300.13",,359115.71
10/02/26,UPI-PhonePe Merchant-phonepe@ybl-443473491555-DR VIA UPI,512024432651,"1,740.53",,357375.18
10/02/26,ECS-NACH-RNT5464714-RENT MANDATE,541107077029,"22,000.00",,335375.18
11/02/26,UPI-Jio Recharge-jio@paytm-692466145690-DR VIA UPI,167893455311,"1,950.91",,333424.27
11/02/26,UPI-Uber India-uber@paytm-325005091794-DR VIA UPI,157765773563,600.47,,332823.80
11/02/26,UPI-Jio Recharge-vi@airtelaxis-316955778210-DR VIA UPI,790996128851,589.00,,332234.80
11/02/26,UPI-Vishal Malhotra-vishal517@axl-550785570645-DR VIA UPI,752124401910,"17,800.08",,314434.72
12/02/26,ECS-NACH-SIP6769797-Mirae Asset MF,406151408046,"5,000.00",,309434.72
12/02/26,UPI-Blinkit-blinkit@kotak-662157245687-DR VIA UPI,334482330024,"1,160.53",,308274.19
13/02/26,UPI-Sanjay Dubey-sanjay997@ptaxis-569880901022-DR VIA UPI,459422010185,750.75,,307523.44
13/02/26,UPI-Mohan Saxena-9444941616@apl-344537171399-CR VIA UPI,754033148708,,"4,700.16",312223.60
13/02/26,UPI-Bajaj Allianz Life-licindia@licindia-377291711864-DR VIA UPI,745488139540,"5,500.00",,306723.60
14/02/26,UPI-Ola Cabs-olamoney@ola-162298875138-DR VIA UPI,254901605138,"2,790.65",,303932.95
14/02/26,ECS-NACH-LN705078302278-ICICI Bank Home Loan,984680378650,"8,000.00",,295932.95
14/02/26,UPI-CESC Limited-cescpayment@upi-055544428107-DR VIA UPI,209975580906,"3,000.16",,292932.79
14/02/26,UPI-Zepto-zepto@apl-395293529385-DR VIA UPI,000854921430,"1,910.32",,291022.47
15/02/26,UPI-BigBasket-bigbasket@ybl-447953784372-DR VIA UPI,433600624081,570.95,,290451.52
15/02/26,UPI-BSNL Broadband-bsnlbroadband@upi-250122673426-DR VIA UPI,818875135761,580.08,,289871.44
15/02/26,UPI-Rajesh Jain-rajesh.jain@paytm-727879053542-DR VIA UPI,059264790398,"20,750.60",,269120.84
16/02/26,UPI-Ola Cabs-olamoney@ola-484022592953-DR VIA UPI,120529034835,320.35,,268800.49
16/02/26,UPI-Dunzo-dunzo@razorpay-666552744852-DR VIA UPI,303092226210,360.86,,268439.63
17/02/26,UPI-Indane Gas-indanegas@upi-590103940536-DR VIA UPI,162940274620,"1,550.59",,266889.04
17/02/26,ATW-XXXXXX2919-SMJ63715-INDORE 920285908924,172114537716,"5,000.00",,261889.04
17/02/26,UPI-Paytm Mall-paytm@paytm-623801511823-DR VIA UPI,899221543653,910.45,,260978.59
17/02/26,POS BHARAT PETROLEUM INDORE,232637099608,900.16,,260078.43
18/02/26,UPI-Divya Sharma-divya.sharma@ptsbi-904397602074-CR VIA UPI,718964995348,,"12,800.30",272878.73
18/02/26,UPI-Meesho-meesho@ybl-516354892864-DR VIA UPI,141233092509,"3,350.40",,269528.33
18/02/26,UPI-Naresh Das-nareshdas86@ibl-271290641776-DR VIA UPI,224894609930,"3,050.64",,266477.69
19/02/26,ATW-XXXXXX2300-GKG82892-INDORE 826273043996,245661088013,"9,500.00",,256977.69
20/02/26,UPI-Flipkart-flipkart@ybl-869279241359-DR VIA UPI,091944780000,"1,160.36",,255817.33
20/02/26,UPI-Ankit Kapoor-ankit655@ptsbi-320461474399-DR VIA UPI,517974253130,"15,350.17",,240467.16
23/02/26,UPI-1mg-tatahealth@icici-756044679652-DR VIA UPI,497658955985,"1,760.85",,238706.31
23/02/26,UPI-Radha Pillai-radhapill76@ptaxis-044202973158-DR VIA UPI,774360637787,"12,850.94",,225855.37
23/02/26,UPI-Zomato-zomato@axisbank-585180328644-DR VIA UPI,031895221925,650.68,,225204.69
25/02/26,POS PANTALOONS INDORE,519429649113,"6,600.42",,218604.27
26/02/26,UPI-Paytm Mall-paytm@paytm-756696298461-DR VIA UPI,051984456062,"1,470.92",,217133.35
27/02/26,UPI-Mamta Das-mamtadas43@axl-373112776711-CR VIA UPI,237529618090,,"5,700.24",222833.59
28/02/26,UPI-Flipkart-flipkart@ybl-647109556814-DR VIA UPI,653736750527,"1,810.49",,221023.10
28/02/26,UPI-Brijesh Iyer-brijesh.iyer@ptyes-259902355831-CR VIA UPI,681288291823,,"13,200.63",234223.73
01/03/26,UPI-Ola Cabs-olamoney@ola-395737075385-DR VIA UPI,677394329814,410.87,,233812.86
02/03/26,UPI-Rapido-rapido@icici-176047328819-DR VIA UPI,334679033618,650.21,,233162.65
02/03/26,POS SHOPPERS STOP INDORE,045196157713,"2,500.29",,230662.36
02/03/26,GST ON CHARGES,104308168444,50.40,,230611.96
02/03/26,ATW-XXXXXX0810-OUD51196-INDORE 570414872503,684703942527,"5,000.00",,225611.96
02/03/26,UPI-Krishna Nair-krishna950@ptsbi-875305314395-DR VIA UPI,314134903848,"18,700.99",,206910.97
02/03/26,POS VISHAL MEGA MART INDORE,094066384637,"5,650.91",,201260.06
02/03/26,POS MAX FASHION INDORE,113441921160,"1,250.47",,200009.59
02/03/26,MOBILE BANKING CHARGES,339427800232,280.00,,199729.59
02/03/26,UPI-Swiggy-swiggy@icici-417630754489-DR VIA UPI,982776240062,"1,000.22",,198729.37
02/03/26,UPI-Sunita Pandey-sunitapand79@ptyes-739652359261-CR VIA UPI,085439619723,,"19,150.17",217879.54
03/03/26,UPI-Sunil Reddy-sunilredd39@pthdfc-764272249675-CR VIA UPI,252193777937,,"14,600.21",232479.75
03/03/26,UPI-Yogesh Nambiar-9693609614@ybl-468657124642-CR VIA UPI,829420974358,,"7,400.30",239880.05
03/03/26,POS VISHAL MEGA MART INDORE,918578793826,"1,250.46",,238629.59
04/03/26,POS METRO CASH CARRY INDORE,929897512878,"1,800.87",,236828.72
05/03/26,UPI-Myntra-myntra@ybl-503666053802-DR VIA UPI,372419300340,"3,750.25",,233078.47
05/03/26,SALARY-S2327684305756/NEFT/Raymond Ltd,668626559357,,"147,678.13",380756.60
06/03/26,UPI-Bajaj Allianz Life-licindia@licindia-197986438552-DR VIA UPI,606085569992,"5,500.00",,375256.60
06/03/26,UPI-Swiggy-swiggy@icici-414625796336-DR VIA UPI,556100949626,"2,600.54",,372656.06
07/03/26,UPI-Sangita Nambiar-sangita661@kotak-931269941499-DR VIA UPI,090058738291,"16,800.29",,355855.77
07/03/26,ECS-NACH-RNT1781032-RENT MANDATE,611402853317,"22,000.00",,333855.77
08/03/26,UPI-Hathway-broadband@paytm-992331615082-DR VIA UPI,524545940671,699.00,,333156.77
08/03/26,UPI-Swiggy-swiggy@icici-143819232060-DR VIA UPI,403093024866,920.45,,332236.32
08/03/26,UPI-Nykaa-nykaa@razorpay-075212645393-DR VIA UPI,194684206427,199.00,,332037.32
09/03/26,POS SHOPPERS STOP INDORE,030160640946,"4,200.25",,327837.07
10/03/26,ATW-XXXXXX9610-MMK88636-INDORE 247904895514,752288065600,"2,500.00",,325337.07
10/03/26,ATW-XXXXXX2229-CUY56531-INDORE 146552818403,538144427216,"5,500.00",,319837.07
11/03/26,ECS-NACH-LN705078302278-ICICI Bank Home Loan,648294305265,"8,000.00",,311837.07
11/03/26,UPI-PhonePe Merchant-phonepe@ybl-549042065909-DR VIA UPI,846403454823,340.48,,311496.59
12/03/26,POS VISHAL MEGA MART INDORE,241653022636,"3,700.17",,307796.42
12/03/26,UPI-Myntra-myntra@ybl-190106333081-DR VIA UPI,174975943152,"2,450.98",,305345.44
13/03/26,ECS-NACH-SIP5608116-Mirae Asset MF,377841246775,"5,000.00",,300345.44
13/03/26,UPI-Ola Cabs-olamoney@ola-352271372787-DR VIA UPI,152627538251,"1,330.67",,299014.77
13/03/26,UPI-Uber India-uber@paytm-027565841591-DR VIA UPI,939046364602,660.41,,298354.36
14/03/26,UPI-Priya Ahuja-priya730@ybl-152093259739-DR VIA UPI,220672846249,"16,150.94",,282203.42
14/03/26,POS SHOPPERS STOP INDORE,382695413159,"1,200.99",,281002.43
15/03/26,UPI-BigBasket-bigbasket@ybl-410655128889-DR VIA UPI,767774635939,660.09,,280342.34
16/03/26,UPI-Jio Recharge-vi@airtelaxis-131446641799-DR VIA UPI,908336316427,189.00,,280153.34
16/03/26,UPI-Swiggy-swiggy@icici-723287269441-DR VIA UPI,544905384096,"1,120.88",,279032.46
17/03/26,POS LIFESTYLE STORES INDORE,489440436428,"7,150.21",,271882.25
17/03/26,UPI-Babita Joshi-babitajosh12@apl-717748785219-DR VIA UPI,294488321551,"17,250.75",,254631.50
17/03/26,UPI-Naveen Khanna-naveen.khanna@kotak-239007863552-DR VIA UPI,725574835016,"20,850.31",,233781.19
17/03/26,UPI-Renu Menon-renu142@aubank-327411380209-CR VIA UPI,115196645148,,"5,150.94",238932.13
19/03/26,UPI-Rapido-rapido@icici-832427329141-DR VIA UPI,041774392247,240.69,,238691.44
19/03/26,POS BHARAT PETROLEUM INDORE,105987829147,"2,000.79",,236690.65
20/03/26,UPI-Ola Cabs-olamoney@ola-436694749772-DR VIA UPI,491737639687,250.10,,236440.55
20/03/26,UPI-Manish Menon-manish.menon@okicici-872688311199-CR VIA UPI,617053500950,,"18,450.54",254891.09
21/03/26,UPI-Lalit Desai-lalit895@upi-121862805999-DR VIA UPI,873732647517,"4,050.16",,250840.93
21/03/26,UPI-Paytm Mall-paytm@paytm-924805868694-DR VIA UPI,203114641963,"1,610.80",,249230.13
21/03/26,UPI-CESC Limited-cescpayment@upi-886837688244-DR VIA UPI,887935832502,"2,450.91",,246779.22
21/03/26,UPI-Jio Recharge-vi@airtelaxis-835588795543-DR VIA UPI,413154560792,599.00,,246180.22
21/03/26,ATW-XXXXXX7428-RVY69061-INDORE 060841164474,319989972707,"6,500.00",,239680.22
22/03/26,UPI-Jio Recharge-vi@airtelaxis-991192853731-DR VIA UPI,329163207820,849.00,,238831.22
22/03/26,UPI-Deepa Pillai-deepa.pillai@apl-781017076757-DR VIA UPI,934234102863,"5,650.87",,233180.35
23/03/26,UPI-Jio Recharge-vi@airtelaxis-908318905705-DR VIA UPI,823655595369,939.00,,232241.35
23/03/26,ATW-XXXXXX8040-SUX10668-INDORE 041275657487,429108012165,"4,500.00",,227741.35
24/03/26,UPI-BSNL Broadband-bsnlbroadband@upi-566612500823-DR VIA UPI,536602564496,"1,980.71",,225760.64
24/03/26,ATW-XXXXXX0090-PLH82773-INDORE 669792011246,892000916316,"4,000.00",,221760.64
24/03/26,UPI-Indane Gas-indanegas@upi-483049133478-DR VIA UPI,121480757094,"2,050.83",,219709.81
24/03/26,POS HP PETROL PUMP INDORE,340123165725,"1,250.53",,218459.28
26/03/26,INTEREST CREDIT,175849378212,,80.41,218539.69
26/03/26,UPI-Ola Cabs-olamoney@ola-273468358269-DR VIA UPI,987776570444,460.19,,218079.50
26/03/26,UPI-Pooja Khanna-pooja.khanna@okhdfcbank-978552911617-DR VIA UPI,691961833108,"5,550.02",,212529.48
27/03/26,UPI-Sunil Kumar-sunil.kumar@ybl-937754004094-DR VIA UPI,465568201652,"21,800.57",,190728.91
27/03/26,UPI-Jio Recharge-jio@paytm-992936608131-DR VIA UPI,010284642111,380.53,,190348.38
27/03/26,UPI-Dunzo-dunzo@razorpay-505318753042-DR VIA UPI,496700749616,"2,530.54",,187817.84
27/03/26,UPI-Arjun Bajaj-3096304516@okaxis-061223626339-DR VIA UPI,028932191572,"13,350.77",,174467.07
28/03/26,UPI-Jio Recharge-vi@airtelaxis-801631324540-DR VIA UPI,910389018361,279.00,,174188.07
29/03/26,UPI-Paytm Mall-paytm@paytm-065689594328-DR VIA UPI,686737998499,440.91,,173747.16
30/03/26,UPI-Uber India-uber@paytm-878373599185-DR VIA UPI,301752282169,830.06,,172917.10
30/03/26,UPI-Kavya Khanna-1509847878@pthdfc-639717224375-DR VIA UPI,539480151247,"3,100.46",,169816.64
31/03/26,POS SHELL FUEL STATION INDORE,413898344499,"3,850.90",,165965.74
01/04/26,UPI-BigBasket-bigbasket@ybl-583138410308-DR VIA UPI,288813135319,940.86,,165024.88
02/04/26,UPI-Lalit Naik-lalit.naik@kotak-864938652681-DR VIA UPI,554072844089,"21,000.87",,144024.01
02/04/26,UPI-Uber India-uber@paytm-712086625855-DR VIA UPI,435776256220,400.58,,143623.43
02/04/26,UPI-Amazon Pay-amazon@apl-124534943824-DR VIA UPI,694026642338,830.88,,142792.55
03/04/26,UPI-Sachin Chaudhary-sachin882@kotak-182458288299-DR VIA UPI,157897653161,"11,150.96",,131641.59
04/04/26,UPI-Swiggy-swiggy@icici-629366562514-DR VIA UPI,629364943019,"2,160.27",,129481.32
05/04/26,UPI-Flipkart-flipkart@ybl-324715043978-DR VIA UPI,396939629200,"2,700.67",,126780.65
05/04/26,UPI-Uber India-uber@paytm-441948973684-DR VIA UPI,700503997836,220.96,,126559.69
05/04/26,UPI-Swiggy-swiggy@icici-141557981813-DR VIA UPI,674428108871,"2,200.25",,124359.44
05/04/26,UPI-Zomato-zomato@axisbank-845948455985-DR VIA UPI,068806372362,"1,830.85",,122528.59
05/04/26,POS INDIAN OIL INDORE,185931159682,"4,500.28",,118028.31
06/04/26,UPI-Rapido-rapido@icici-660046839449-DR VIA UPI,818615234052,360.12,,117668.19
06/04/26,POS RELIANCE PETROLEUM INDORE,792020046117,"2,850.65",,114817.54
06/04/26,UPI-BigBasket-bigbasket@ybl-568268703827-DR VIA UPI,722975857964,"2,080.16",,112737.38
07/04/26,SALARY-S9659073143416/NEFT/Raymond Ltd,406571555183,,"146,681.13",259418.51
08/04/26,POS RELIANCE MART INDORE,814755697086,"1,200.83",,258217.68
08/04/26,UPI-Jio Recharge-vi@airtelaxis-596144475569-DR VIA UPI,588717767980,919.00,,257298.68
08/04/26,UPI-Bajaj Allianz Life-licindia@licindia-868688557822-DR VIA UPI,728649720989,"5,500.00",,251798.68
08/04/26,POS MAX FASHION INDORE,207378041619,"3,000.76",,248797.92
09/04/26,POS RELIANCE PETROLEUM INDORE,995907577093,"2,250.18",,246547.74
09/04/26,ECS-NACH-RNT0119197-RENT MANDATE,831266222401,"22,000.00",,224547.74
10/04/26,UPI-Priya Chopra-5860357103@ptaxis-460043418385-DR VIA UPI,912250561833,"5,250.97",,219296.77
10/04/26,UPI-Flipkart-flipkart@ybl-043863190285-DR VIA UPI,164193752326,"1,120.25",,218176.52
11/04/26,POS RELIANCE MART INDORE,663440161339,"7,800.86",,210375.66
11/04/26,ECS-NACH-SIP8522952-Mirae Asset MF,083804441161,"5,000.00",,205375.66
13/04/26,ECS-NACH-LN705078302278-ICICI Bank Home Loan,596908412719,"8,000.00",,197375.66
14/04/26,POS RELIANCE MART INDORE,960025220743,"7,900.62",,189475.04
14/04/26,UPI-Jio Recharge-vi@airtelaxis-107661256569-DR VIA UPI,402716336771,879.00,,188596.04
14/04/26,UPI-CESC Limited-cescpayment@upi-527632800914-DR VIA UPI,813521120265,"2,050.94",,186545.10
15/04/26,UPI-Ankit Thapar-ankit.thapar@axl-142869580259-CR VIA UPI,658394412312,,"15,300.49",201845.59
15/04/26,UPI-Uber India-uber@paytm-399238130668-DR VIA UPI,997557605122,"1,310.26",,200535.33
15/04/26,UPI-Jio Recharge-jio@paytm-249929067390-DR VIA UPI,681085311401,990.62,,199544.71
15/04/26,UPI-Yogesh Singh-yogesh390@pthdfc-468157923252-DR VIA UPI,180183277859,"12,150.01",,187394.70
16/04/26,UPI-Rapido-rapido@icici-329618355625-DR VIA UPI,755064183072,100.00,,187294.70
17/04/26,UPI-Jio Recharge-vi@airtelaxis-307386492407-DR VIA UPI,132223087065,269.00,,187025.70
17/04/26,UPI-Amazon Pay-amazon@apl-309816494833-DR VIA UPI,219975199844,"2,400.69",,184625.01
17/04/26,NEFT*N5948069645222/Mphasis Limited/CR,260932755246,,"19,500.43",204125.44
18/04/26,UPI-Zepto-zepto@apl-499203136737-DR VIA UPI,990773019735,"1,300.10",,202825.34
18/04/26,UPI-Varsha Ahuja-varsha.ahuja@ibl-579659924470-CR VIA UPI,151233810756,,"14,400.18",217225.52
19/04/26,POS D MART INDORE,755116174183,"2,350.91",,214874.61
20/04/26,UPI-Nisha Joshi-nisha914@upi-067896162439-DR VIA UPI,600460381700,"3,050.25",,211824.36
21/04/26,UPI-Lalit Nair-lalitnair37@okicici-229784469498-DR VIA UPI,710681519362,"14,150.04",,197674.32
21/04/26,UPI-Vikas Patil-vikas.patil@apl-052692476624-DR VIA UPI,612806677155,"7,400.57",,190273.75
22/04/26,UPI-IRCTC-irctc@upi-678551805718-DR VIA UPI,297909324842,949.00,,189324.75
23/04/26,UPI-Ola Cabs-olamoney@ola-885188367277-DR VIA UPI,685057528343,350.62,,188974.13
23/04/26,UPI-Kiran Shah-0632750743@apl-283485058282-DR VIA UPI,553697721032,"10,300.75",,178673.38
23/04/26,UPI-Nykaa-nykaa@razorpay-136737418447-DR VIA UPI,666541179715,"4,950.50",,173722.88
23/04/26,ATW-XXXXXX4180-VKA09058-INDORE 527153215252,858874174090,"3,500.00",,170222.88
23/04/26,UPI-Indane Gas-indanegas@upi-185701725401-DR VIA UPI,362650731989,"2,700.81",,167522.07
24/04/26,UPI-Hathway-broadband@paytm-714399012331-DR VIA UPI,903118860271,499.00,,167023.07
24/04/26,UPI-BSNL Broadband-bsnlbroadband@upi-239421513054-DR VIA UPI,483949620240,"1,050.20",,165972.87
25/04/26,UPI-Jio Recharge-vi@airtelaxis-912736736051-DR VIA UPI,986699217633,989.00,,164983.87
26/04/26,UPI-Jio Recharge-vi@airtelaxis-578124315495-DR VIA UPI,220473783340,869.00,,164114.87
26/04/26,GST ON CHARGES,790480798743,82.80,,164032.07
26/04/26,UPI-Dunzo-dunzo@razorpay-493207400939-DR VIA UPI,877545905140,"2,770.62",,161261.45
26/04/26,MOBILE BANKING CHARGES,714003136508,460.00,,160801.45
27/04/26,ATW-XXXXXX7283-NAE72910-INDORE 621041142563,238760562809,"1,000.00",,159801.45
27/04/26,POS BIG BAZAAR INDORE,171979004398,"5,700.51",,154100.94
28/04/26,POS BHARAT PETROLEUM INDORE,828832582138,"2,350.89",,151750.05
28/04/26,UPI-Ola Cabs-olamoney@ola-744936534588-DR VIA UPI,985057590531,740.91,,151009.14
30/04/26,UPI-Zepto-zepto@apl-713630546294-DR VIA UPI,398637896837,960.21,,150048.93
01/05/26,UPI-Varsha Pillai-varsha.pillai@ptyes-207900728683-DR VIA UPI,758412956428,"8,750.52",,141298.41
01/05/26,UPI-Swiggy-swiggy@icici-053425127968-DR VIA UPI,131392416351,550.56,,140747.85
02/05/26,UPI-Gaurav Banerjee-1390503812@kotak-889395661510-CR VIA UPI,205162040363,,"17,050.94",157798.79
02/05/26,UPI-Uber India-uber@paytm-328851987635-DR VIA UPI,815217306539,870.93,,156927.86
02/05/26,UPI-PhonePe Merchant-phonepe@ybl-813922693297-DR VIA UPI,219238708018,"1,980.71",,154947.15
03/05/26,UPI-BSNL Broadband-bsnlbroadband@upi-442132210238-DR VIA UPI,777289138562,"2,000.52",,152946.63
03/05/26,UPI-Mukesh Thapar-mukesh.thapar@ptaxis-097327335216-CR VIA UPI,193279525327,,"5,250.38",158197.01
03/05/26,UPI-Poonam Sen-poonam.sen@okaxis-102665757785-DR VIA UPI,478480205316,"13,450.38",,144746.63
04/05/26,UPI-Jio Recharge-vi@airtelaxis-363235484537-DR VIA UPI,535477345984,699.00,,144047.63
04/05/26,UPI-Uber India-uber@paytm-653782322062-DR VIA UPI,940133570068,610.18,,143437.45
06/05/26,UPI-Jio Recharge-jio@paytm-931749570929-DR VIA UPI,078706705539,"2,450.87",,140986.58
06/05/26,UPI-Amazon Pay-amazon@apl-530324156742-DR VIA UPI,403498190534,"4,700.80",,136285.78
06/05/26,UPI-Bajaj Allianz Life-licindia@licindia-235448211533-DR VIA UPI,728486051143,"5,500.00",,130785.78
06/05/26,UPI-Hathway-broadband@paytm-871955648114-DR VIA UPI,528645685898,649.00,,130136.78
06/05/26,UPI-Naresh Menon-naresh.menon@ptyes-235905136776-DR VIA UPI,152543164677,"9,400.47",,120736.31
07/05/26,UPI-Rapido-rapido@icici-700915124075-DR VIA UPI,296066122700,610.78,,120125.53
07/05/26,SALARY-S4387572009770/NEFT/Raymond Ltd,882174741676,,"146,651.13",266776.66
07/05/26,POS METRO CASH CARRY INDORE,861570329732,"1,200.32",,265576.34
08/05/26,POS SHELL FUEL STATION INDORE,089161709149,"2,600.90",,262975.44
09/05/26,UPI-Zomato-zomato@axisbank-474773202260-DR VIA UPI,918335629490,"2,480.67",,260494.77
09/05/26,UPI-CESC Limited-cescpayment@upi-720574941027-DR VIA UPI,843689215985,"2,150.67",,258344.10
