Bank Name,HDFC BANK LTD
Account Number,00057753678707
Account Holder Name,NARESH MALHOTRA
Branch,NEHRU PLACE
IFSC Code,HDFC0972626
Statement Period,01-12-2024 To 09-05-2026

Date,Description,Ref/ChequeNo,Debit,Credit,Balance
01/12/24,ATW-XXXXXX9525-TPS79217-CHENNAI 069612882269,140706002314,"10,000.00",,478402.23
01/12/24,UPI-Uber India-uber@paytm-747311177695-DR VIA UPI,197659129699,90.95,,478311.28
02/12/24,UPI-Jio Recharge-jio@paytm-920961126642-DR VIA UPI,357843060986,"1,610.36",,476700.92
02/12/24,ATW-XXXXXX2820-XKP71906-CHENNAI 630976387935,973746977753,"7,000.00",,469700.92
02/12/24,UPI-Nisha Sethi-nisha388@axl-848481456155-CR VIA UPI,333235782421,,"15,050.67",484751.59
03/12/24,ATW-XXXXXX8632-WJJ29585-CHENNAI 277514381020,869049872089,"2,000.00",,482751.59
03/12/24,UPI-Nykaa-nykaa@razorpay-420247161633-DR VIA UPI,660982267300,"5,950.48",,476801.11
04/12/24,UPI-Vijay Reddy-vijay899@axl-328985182402-DR VIA UPI,649719542705,"6,850.54",,469950.57
04/12/24,UPI-Anil Dutta-anil340@ptyes-880190520431-CR VIA UPI,170892101927,,"16,750.31",486700.88
05/12/24,UPI-Dunzo-dunzo@razorpay-233960068188-DR VIA UPI,485017509922,"1,330.69",,485370.19
05/12/24,UPI-Girish Mehta-6619866729@upi-202448721589-DR VIA UPI,895943235577,"14,100.67",,471269.52
06/12/24,UPI-Babita Pillai-babitapill42@paytm-018765307120-CR VIA UPI,050081653814,,"3,050.08",474319.60
07/12/24,UPI-Paytm Mall-paytm@paytm-552339258804-DR VIA UPI,842415293385,"1,230.54",,473089.06
07/12/24,UPI-HDFC Life Insurance-licindia@licindia-166621181002-DR VIA UPI,188397978837,"6,700.00",,466389.06
07/12/24,UPI-Ola Cabs-olamoney@ola-940991158466-DR VIA UPI,530505248077,630.02,,465759.04
07/12/24,SALARY-S0343951986696/NEFT/Bajaj Auto Ltd,988981883436,,"140,291.34",606050.38
08/12/24,UPI-Jio Recharge-jio@paytm-115545323609-DR VIA UPI,205370079433,659.00,,605391.38
09/12/24,UPI-Dunzo-dunzo@razorpay-202173614009-DR VIA UPI,743957999790,"1,090.68",,604300.70
09/12/24,UPI-Amazon Pay-amazon@apl-562914588713-DR VIA UPI,838361111629,"4,950.68",,599350.02
10/12/24,UPI-Usha Desai-usha.desai@upi-646804835273-CR VIA UPI,176664769532,,650.77,600000.79
10/12/24,UPI-Amazon Pay-amazon@apl-272295022272-DR VIA UPI,038939346671,"2,470.52",,597530.27
10/12/24,ECS-NACH-LN157317953562-Manappuram Finance,436464783200,"16,500.00",,581030.27
10/12/24,UPI-Ola Cabs-olamoney@ola-695308873347-DR VIA UPI,512353302832,150.40,,580879.87
11/12/24,UPI-BESCOM-bescompayment@upi-723521757565-DR VIA UPI,142333022913,"3,200.06",,577679.81
11/12/24,UPI-Pankaj Shukla-pankajshuk39@okhdfcbank-638608896809-DR VIA UPI,334697508804,"16,050.12",,561629.69
11/12/24,UPI-Rajan Nair-rajan543@okicici-123537432674-DR VIA UPI,990207248579,"7,550.50",,554079.19
11/12/24,UPI-Meena Rao-meena665@ptsbi-328593292637-DR VIA UPI,650324809465,"4,350.74",,549728.45
11/12/24,UPI-Sangita Bose-2304990196@aubank-608294545172-DR VIA UPI,930272842966,"9,750.29",,539978.16
12/12/24,ECS-NACH-RNT9463466-RENT MANDATE,721967773500,"21,500.00",,518478.16
12/12/24,POS V MART CHENNAI,497841031007,"3,500.26",,514977.90
13/12/24,UPI-Divya Bose-divya.bose@oksbi-955227856473-DR VIA UPI,805786704588,"2,750.58",,512227.32
14/12/24,UPI-Naresh Kumar-naresh.kumar@kotak-900315099252-DR VIA UPI,728325581401,"12,650.07",,499577.25
15/12/24,UPI-Maya Singh-maya.singh@okhdfcbank-408552828169-CR VIA UPI,955150387057,,"14,850.24",514427.49
15/12/24,UPI-BigBasket-bigbasket@ybl-846092867646-DR VIA UPI,235743512245,870.06,,513557.43
15/12/24,UPI-Uber India-uber@paytm-657319698583-DR VIA UPI,095025114863,460.53,,513096.90
17/12/24,UPI-Paytm Mall-paytm@paytm-988911969086-DR VIA UPI,085845466471,"1,310.42",,511786.48
18/12/24,UPI-Zomato-zomato@axisbank-734591197817-DR VIA UPI,800628639591,160.63,,511625.85
18/12/24,UPI-PhonePe Merchant-phonepe@ybl-768531243187-DR VIA UPI,077236899678,"1,730.04",,509895.81
19/12/24,POS RELIANCE MART CHENNAI,920022147941,"5,250.91",,504644.90
19/12/24,ATW-XXXXXX0827-BRH75272-CHENNAI 316968914340,523253789596,"2,000.00",,502644.90
19/12/24,POS MORE SUPER MARKET CHENNAI,187047491950,"3,700.06",,498944.84
19/12/24,ECS-NACH-SIP6684019-Mirae Asset MF,994048376325,"11,500.00",,487444.84
20/12/24,UPI-Indane Gas-indanegas@upi-843383018503-DR VIA UPI,283655136160,"2,350.47",,485094.37
20/12/24,UPI-Poonam Verma-poonam997@ibl-550520721411-CR VIA UPI,110108985378,,"14,950.87",500045.24
21/12/24,POS RELIANCE MART CHENNAI,946592616118,"2,850.97",,497194.27
21/12/24,UPI-Uber India-uber@paytm-913069594889-DR VIA UPI,691893046891,600.87,,496593.40
21/12/24,UPI-Sneha Pillai-snehapill11@kotak-788380521819-DR VIA UPI,459966804174,"21,150.11",,475443.29
22/12/24,POS STAR BAZAAR CHENNAI,551171617495,"3,000.22",,472443.07
22/12/24,UPI-Uber India-uber@paytm-517381491847-DR VIA UPI,822352097019,660.07,,471783.00
22/12/24,UPI-Paytm Mall-paytm@paytm-595176656465-DR VIA UPI,973732053757,"1,320.22",,470462.78
23/12/24,POS METRO CASH CARRY CHENNAI,607925427484,"6,750.66",,463712.12
23/12/24,UPI-Jio Recharge-jio@paytm-753844076625-DR VIA UPI,698952485335,569.00,,463143.12
23/12/24,ATW-XXXXXX8459-LFV02442-CHENNAI 985160123455,131266696970,"1,000.00",,462143.12
23/12/24,UPI-BigBasket-bigbasket@ybl-555369295448-DR VIA UPI,088320120978,"2,160.87",,459982.25
23/12/24,UPI-Varsha Nair-varsha.nair@oksbi-063338331345-CR VIA UPI,130822881953,,100.65,460082.90
24/12/24,UPI-Jio Recharge-jio@paytm-907946563357-DR VIA UPI,134530747145,409.00,,459673.90
24/12/24,UPI-Suresh Shah-suresh196@apl-505312050925-CR VIA UPI,435678237486,,"1,050.24",460724.14
24/12/24,POS HP PETROL PUMP CHENNAI,526750611567,"3,050.85",,457673.29
24/12/24,UPI-BigBasket-bigbasket@ybl-796461486914-DR VIA UPI,232367558798,"2,360.46",,455312.83
25/12/24,POS CENTRAL MALL CHENNAI,548258841086,"1,250.63",,454062.20
25/12/24,UPI-ACT Fibernet-broadband@paytm-157996080471-DR VIA UPI,175055784263,549.00,,453513.20
26/12/24,ATW-XXXXXX7072-PYA88682-CHENNAI 892223909356,237147962258,"9,000.00",,444513.20
26/12/24,POS RELIANCE PETROLEUM CHENNAI,455577970384,"2,050.20",,442463.00
26/12/24,POS BHARAT PETROLEUM CHENNAI,771039235359,"2,450.06",,440012.94
27/12/24,UPI-Sunil Shukla-sunilshuk78@okaxis-898870969511-DR VIA UPI,689922171311,"17,800.38",,422212.56
27/12/24,UPI-Sneha Rao-sneharao24@ptsbi-775789374479-CR VIA UPI,482850786899,,"6,750.43",428962.99
28/12/24,UPI-Uber India-uber@paytm-012629781083-DR VIA UPI,905266690601,"1,600.91",,427362.08
28/12/24,INTEREST CREDIT,456981743297,,820.73,428182.81
28/12/24,UPI-Jio Recharge-jio@paytm-289907572603-DR VIA UPI,647096186046,309.00,,427873.81
28/12/24,UPI-Rajan Yadav-rajan.yadav@aubank-522707625112-DR VIA UPI,689116470721,"11,150.67",,416723.14
28/12/24,POS METRO CASH CARRY CHENNAI,561554488482,"4,350.91",,412372.23
28/12/24,UPI-Abhishek Pillai-8949682489@ptyes-182344134618-CR VIA UPI,271227739653,,"14,800.57",427172.80
29/12/24,POS BHARAT PETROLEUM CHENNAI,035085203766,"4,150.88",,423021.92
29/12/24,UPI-Swiggy-swiggy@icici-808145799820-DR VIA UPI,328476754882,"2,490.80",,420531.12
31/12/24,GST ON CHARGES,872030518321,37.80,,420493.32
31/12/24,MOBILE BANKING CHARGES,721790489597,210.00,,420283.32
01/01/25,POS MAX FASHION CHENNAI,642175897112,"4,100.17",,416183.15
01/01/25,ATW-XXXXXX8855-MYW59320-CHENNAI 742811653626,779312520624,"3,500.00",,412683.15
02/01/25,UPI-Jio Recharge-jio@paytm-490681564413-DR VIA UPI,755500033942,"2,000.32",,410682.83
02/01/25,UPI-Pooja Roy-pooja529@ptaxis-302789120396-DR VIA UPI,169023180572,"15,650.86",,395031.97
03/01/25,UPI-Mamta Chatterjee-mamta610@okicici-317508364475-CR VIA UPI,537529915626,,"7,950.23",402982.20
03/01/25,UPI-Amazon Pay-amazon@apl-900914751558-DR VIA UPI,798367024808,"1,650.76",,401331.44
04/01/25,UPI-Paytm Mall-paytm@paytm-976078330234-DR VIA UPI,892946455680,"1,160.93",,400170.51
04/01/25,POS BHARAT PETROLEUM CHENNAI,032749954679,"2,050.86",,398119.65
05/01/25,UPI-Shweta Sharma-8903816942@okicici-672801087005-CR VIA UPI,911982406589,,"15,450.12",413569.77
05/01/25,UPI-Vikas Nair-vikas.nair@upi-791389830172-DR VIA UPI,940501724043,"2,850.34",,410719.43
05/01/25,UPI-HDFC Life Insurance-licindia@licindia-345764634400-DR VIA UPI,260504096472,"6,700.00",,404019.43
05/01/25,SALARY-S5887210642031/NEFT/Bajaj Auto Ltd,574542819551,,"140,109.34",544128.77
05/01/25,UPI-Deepa Das-deepadas28@okaxis-038596167276-CR VIA UPI,062811484189,,"20,450.45",564579.22
06/01/25,ECS-NACH-RNT1851571-RENT MANDATE,068441455559,"21,500.00",,543079.22
07/01/25,UPI-Paytm Mall-paytm@paytm-606922594845-DR VIA UPI,040086825135,"2,270.71",,540808.51
08/01/25,POS SHELL FUEL STATION CHENNAI,037067012982,"2,600.79",,538207.72
08/01/25,UPI-Vandana Agarwal-vandana264@okicici-724429180282-DR VIA UPI,305832193738,"3,850.78",,534356.94
09/01/25,UPI-Jio Recharge-jio@paytm-107773004322-DR VIA UPI,173726573045,399.00,,533957.94
09/01/25,UPI-Kavya Patel-kavya822@paytm-483243458136-CR VIA UPI,302714846304,,"19,450.93",553408.87
10/01/25,UPI-Sushma Pillai-sushmapill54@pthdfc-901693665411-DR VIA UPI,010317940220,"13,600.72",,539808.15
10/01/25,UPI-Kunal Sen-kunal759@upi-377746201860-CR VIA UPI,989569261790,,"4,650.99",544459.14
10/01/25,IMPS-031998953255-Sangita Banerjee-UCBA-XXXXXXX2705-IMPSTXN,700180521308,"10,500.96",,533958.18
10/01/25,UPI-Jio Recharge-jio@paytm-399206359751-DR VIA UPI,351387255753,369.00,,533589.18
10/01/25,POS INDIAN OIL CHENNAI,286297374732,"1,050.87",,532538.31
11/01/25,ECS-NACH-LN157317953562-Manappuram Finance,235772825558,"16,500.00",,516038.31
12/01/25,UPI-BESCOM-bescompayment@upi-015571229488-DR VIA UPI,998370701895,"3,550.79",,512487.52
12/01/25,POS STAR BAZAAR CHENNAI,506645185582,"5,900.23",,506587.29
12/01/25,UPI-Brijesh Nambiar-brijeshnamb67@okaxis-862055090733-DR VIA UPI,648253573855,"15,400.89",,491186.40
12/01/25,UPI-Lalit Agarwal-lalit127@ptaxis-641887157462-DR VIA UPI,025442371050,"5,750.99",,485435.41
13/01/25,UPI-Nykaa-nykaa@razorpay-809045846809-DR VIA UPI,816054950548,199.00,,485236.41
13/01/25,UPI-Santosh Bajaj-santosh784@okicici-997643527108-DR VIA UPI,067847145545,"13,050.15",,472186.26
14/01/25,UPI-Amazon Pay-amazon@apl-068002610562-DR VIA UPI,168704678355,"5,900.72",,466285.54
14/01/25,UPI-PhonePe Merchant-phonepe@ybl-790244130995-DR VIA UPI,271910367055,"2,570.92",,463714.62
15/01/25,UPI-Dinesh Shukla-dinesh181@ptsbi-393471362077-DR VIA UPI,748506196819,"7,300.67",,456413.95
15/01/25,UPI-Uber India-uber@paytm-364529445365-DR VIA UPI,232375460331,750.85,,455663.10
15/01/25,POS RELIANCE MART CHENNAI,004293515390,"1,450.06",,454213.04
16/01/25,UPI-Amazon Pay-amazon@apl-149241779964-DR VIA UPI,987671623303,"2,720.79",,451492.25
16/01/25,UPI-Usha Shah-usha314@axl-556358468170-DR VIA UPI,159803149207,"17,050.17",,434442.08
16/01/25,UPI-Jio Recharge-jio@paytm-817542560683-DR VIA UPI,671145748343,369.00,,434073.08
16/01/25,UPI-ACT Fibernet-broadband@paytm-481521417196-DR VIA UPI,358245702434,349.00,,433724.08
16/01/25,UPI-Kiran Thapar-kiran.thapar@aubank-974129149284-DR VIA UPI,855866496292,"14,450.29",,419273.79
17/01/25,UPI-Paytm Mall-paytm@paytm-742715688623-DR VIA UPI,280230258087,"2,190.66",,417083.13
18/01/25,UPI-Siddharth Chaudhary-siddharthchau12@ptyes-509142182130-CR VIA UPI,416479505242,,"1,250.83",418333.96
18/01/25,ATW-XXXXXX4193-IJR96024-CHENNAI 040925748456,978535064891,"2,500.00",,415833.96
18/01/25,ATW-XXXXXX3137-RJN94906-CHENNAI 613184245419,760864440162,"5,000.00",,410833.96
19/01/25,ECS-NACH-SIP5866871-Mirae Asset MF,927189898232,"11,500.00",,399333.96
20/01/25,NEFT*N8506576962206/Dr Reddys Laboratori/CR,883503456522,,"27,500.73",426834.69
21/01/25,UPI-Manoj Chopra-manojchop50@axl-361385084662-CR VIA UPI,961748793750,,"15,100.90",441935.59
21/01/25,POS STAR BAZAAR CHENNAI,020035318150,"2,550.30",,439385.29
22/01/25,UPI-Uber India-uber@paytm-965482546184-DR VIA UPI,380190540515,400.00,,438985.29
25/01/25,UPI-Kamal Verma-kamal151@axl-074574857632-DR VIA UPI,669404831146,"17,950.11",,421035.18
25/01/25,POS PANTALOONS CHENNAI,599722401795,"6,600.97",,414434.21
26/01/25,UPI-Pallavi Khanna-pallavi896@pthdfc-976735901364-DR VIA UPI,299869543558,"4,950.91",,409483.30
26/01/25,UPI-Dinesh Joshi-dinesh.joshi@ibl-889227310639-CR VIA UPI,294721467146,,"21,600.70",431084.00
26/01/25,UPI-Jio Recharge-jio@paytm-803114608257-DR VIA UPI,753989305027,449.00,,430635.00
26/01/25,UPI-Uber India-uber@paytm-099003755478-DR VIA UPI,100007639026,810.94,,429824.06
26/01/25,UPI-Indane Gas-indanegas@upi-506134164425-DR VIA UPI,239931694950,"2,100.99",,427723.07
28/01/25,UPI-Jio Recharge-jio@paytm-584148289506-DR VIA UPI,139332479165,"1,100.54",,426622.53
29/01/25,UPI-Zomato-zomato@axisbank-946904107056-DR VIA UPI,924025055353,"2,240.96",,424381.57
29/01/25,POS PANTALOONS CHENNAI,011430025088,"2,750.16",,421631.41
29/01/25,UPI-Meesho-meesho@ybl-397602955260-DR VIA UPI,962454054233,"3,700.86",,417930.55
30/01/25,POS SHOPPERS STOP CHENNAI,420861089694,"5,900.70",,412029.85
31/01/25,UPI-Priya Ghosh-priya472@kotak-374846967577-DR VIA UPI,715243303272,"19,400.63",,392629.22
01/02/25,UPI-Swiggy-swiggy@icici-361463809431-DR VIA UPI,231452139194,190.11,,392439.11
02/02/25,UPI-Ola Cabs-olamoney@ola-707643333524-DR VIA UPI,225932518236,130.15,,392308.96
02/02/25,UPI-Zomato-zomato@axisbank-391920383221-DR VIA UPI,598771893409,"2,390.64",,389918.32
02/02/25,UPI-Sonia Dutta-1774685560@paytm-406259177807-DR VIA UPI,507864261428,"17,650.76",,372267.56
02/02/25,UPI-Mina Desai-mina.desai@upi-286521121524-CR VIA UPI,697332715662,,"3,650.59",375918.15
03/02/25,UPI-Renu Pandey-renu180@ptsbi-407242401800-CR VIA UPI,348329567193,,"9,500.31",385418.46
04/02/25,SALARY-S1060248402094/NEFT/Bajaj Auto Ltd,208778907509,,"138,685.34",524103.80
05/02/25,UPI-Rajesh Agarwal-rajesh.agarwal@aubank-955471006984-CR VIA UPI,083374196396,,"16,950.01",541053.81
06/02/25,UPI-Rajan Agarwal-rajanagar48@oksbi-823518228082-DR VIA UPI,756265759756,550.08,,540503.73
07/02/25,UPI-Zomato-zomato@axisbank-460406617018-DR VIA UPI,276035977187,"1,990.32",,538513.41
07/02/25,UPI-Zomato-zomato@axisbank-062711869483-DR VIA UPI,298179763853,770.90,,537742.51
07/02/25,ECS-NACH-LN157317953562-Manappuram Finance,570500059344,"16,500.00",,521242.51
08/02/25,UPI-Mukesh Singh-0761133444@upi-745775777663-CR VIA UPI,432332245601,,"10,800.34",532042.85
09/02/25,POS LIFESTYLE STORES CHENNAI,141221109832,"1,400.99",,530641.86
09/02/25,UPI-Amazon Pay-amazon@apl-801159432193-DR VIA UPI,902329432739,"3,200.17",,527441.69
09/02/25,UPI-Zepto-zepto@apl-136403394122-DR VIA UPI,254420706028,"2,640.39",,524801.30
09/02/25,ECS-NACH-RNT9105388-RENT MANDATE,182062745849,"21,500.00",,503301.30
09/02/25,UPI-Zomato-zomato@axisbank-720631711244-DR VIA UPI,887883174740,"2,110.31",,501190.99
10/02/25,UPI-Jio Recharge-jio@paytm-245233287220-DR VIA UPI,059194450933,630.93,,500560.06
10/02/25,UPI-HDFC Life Insurance-licindia@licindia-071691370740-DR VIA UPI,750692180478,"6,700.00",,493860.06
10/02/25,UPI-Spotify-spotify@icici-473323566579-DR VIA UPI,275636895659,499.00,,493361.06
11/02/25,UPI-Ritu Sethi-ritu274@okhdfcbank-216848755022-DR VIA UPI,418299208153,"7,350.66",,486010.40
12/02/25,UPI-Indane Gas-indanegas@upi-738022676806-DR VIA UPI,918526840996,900.70,,485109.70
12/02/25,ATW-XXXXXX7762-IHG85374-CHENNAI 040343182275,066970457093,"3,500.00",,481609.70
12/02/25,UPI-Amit Malhotra-amit732@apl-164316728948-DR VIA UPI,097924824516,"1,250.63",,480359.07
12/02/25,ECS-NACH-SIP5473774-Mirae Asset MF,264534484035,"11,500.00",,468859.07
12/02/25,UPI-Maya Das-maya.das@upi-637236168512-CR VIA UPI,491448133938,,"20,050.88",488909.95
12/02/25,UPI-Tarun Chopra-tarun419@ptsbi-561417592652-CR VIA UPI,766942596452,,"1,350.20",490260.15
13/02/25,UPI-Sanjay Gupta-sanjay.gupta@okicici-196098610466-CR VIA UPI,757265944394,,"2,500.84",492760.99
13/02/25,UPI-BESCOM-bescompayment@upi-879025648139-DR VIA UPI,166774391242,"3,200.20",,489560.79
14/02/25,UPI-Rani Nambiar-rani368@apl-170013858167-CR VIA UPI,906992071546,,"14,200.54",503761.33
14/02/25,UPI-Flipkart-flipkart@ybl-406074131861-DR VIA UPI,384523029267,"1,660.53",,502100.80
14/02/25,UPI-BSNL Broadband-bsnlbroadband@upi-801133311464-DR VIA UPI,536142050174,"1,730.32",,500370.48
14/02/25,UPI-Jio Recharge-jio@paytm-950172467478-DR VIA UPI,809639984691,"1,290.86",,499079.62
15/02/25,UPI-Jio Recharge-jio@paytm-153697705296-DR VIA UPI,855655014286,999.00,,498080.62
16/02/25,UPI-Pallavi Chopra-1456362660@aubank-500173722481-CR VIA UPI,277993269286,,"2,000.76",500081.38
16/02/25,UPI-Geeta Bose-geeta927@ptyes-256939269109-CR VIA UPI,903912017826,,"7,950.36",508031.74
16/02/25,UPI-BSNL Broadband-bsnlbroadband@upi-598139326684-DR VIA UPI,752461280716,230.69,,507801.05
17/02/25,POS METRO CASH CARRY CHENNAI,449846381657,"8,100.59",,499700.46
17/02/25,UPI-Zepto-zepto@apl-063850224713-DR VIA UPI,693044636806,"1,460.88",,498239.58
18/02/25,POS SHELL FUEL STATION CHENNAI,973839634357,"3,650.70",,494588.88
18/02/25,ATW-XXXXXX7102-VUV95132-CHENNAI 801915026178,636912845156,"5,000.00",,489588.88
19/02/25,UPI-Rakesh Tiwari-rakeshtiwa77@ptsbi-511642559777-CR VIA UPI,736164265326,,"6,450.04",496038.92
19/02/25,POS VISHAL MEGA MART CHENNAI,937686994265,"2,150.04",,493888.88
20/02/25,UPI-BSNL Broadband-bsnlbroadband@upi-466806528738-DR VIA UPI,455649466737,630.93,,493257.95
21/02/25,UPI-Meesho-meesho@ybl-517773621502-DR VIA UPI,500452518145,850.55,,492407.40
22/02/25,UPI-Seema Sen-seema231@aubank-805635135041-DR VIA UPI,380578697514,"19,950.49",,472456.91
22/02/25,IMPS-986797602110-Pankaj Jain-UTIB-XXXXXXX3265-IMPSTXN,378034626398,"17,900.56",,454556.35
22/02/25,UPI-Ajay Srivastava-ajay.srivastava@apl-757310456784-CR VIA UPI,967620645255,,"11,000.05",465556.40
23/02/25,POS BHARAT PETROLEUM CHENNAI,340307973421,"3,050.83",,462505.57
24/02/25,UPI-Rapido-rapido@icici-212805915678-DR VIA UPI,857412141101,620.47,,461885.10
24/02/25,UPI-Ramesh Singh-ramesh696@okhdfcbank-931918195870-CR VIA UPI,521714341576,,"9,350.24",471235.34
24/02/25,UPI-Neha Malhotra-nehamalh17@pthdfc-289366919234-CR VIA UPI,499008003417,,"11,000.22",482235.56
24/02/25,NEFT*N8410462816569/Arvind Ltd/CR,376864186480,,"54,000.54",536236.10
25/02/25,UPI-Jio Recharge-jio@paytm-301102946874-DR VIA UPI,571880402613,"1,900.30",,534335.80
25/02/25,UPI-Flipkart-flipkart@ybl-598057845403-DR VIA UPI,743143476567,"1,410.93",,532924.87
26/02/25,GST ON CHARGES,540337676198,43.20,,532881.67
26/02/25,POS STAR BAZAAR CHENNAI,518159694988,"3,200.49",,529681.18
26/02/25,MOBILE BANKING CHARGES,006087415773,240.00,,529441.18
27/02/25,UPI-Rapido-rapido@icici-053036632133-DR VIA UPI,316022877557,550.70,,528890.48
28/02/25,UPI-Meena Singh-meena546@kotak-669727352910-CR VIA UPI,449152231731,,"14,000.39",542890.87
28/02/25,UPI-Ramesh Pillai-ramesh.pillai@upi-975943684122-DR VIA UPI,581176577379,"20,100.61",,522790.26
01/03/25,POS MORE SUPER MARKET CHENNAI,890391503351,"7,950.00",,514840.26
01/03/25,UPI-Jio Recharge-jio@paytm-910821344536-DR VIA UPI,777163130536,299.00,,514541.26
01/03/25,POS BHARAT PETROLEUM CHENNAI,815800609675,"1,700.23",,512841.03
01/03/25,ATW-XXXXXX7956-YTB95204-CHENNAI 724743007636,229074227443,"2,500.00",,510341.03
02/03/25,POS LIFESTYLE STORES CHENNAI,894304378592,"5,700.75",,504640.28
02/03/25,UPI-Ola Cabs-olamoney@ola-644476540791-DR VIA UPI,767972106256,580.91,,504059.37
02/03/25,UPI-Poonam Sethi-poonamseth71@ptyes-129928135848-DR VIA UPI,669035433061,"5,050.79",,499008.58
02/03/25,UPI-Uber India-uber@paytm-480540845571-DR VIA UPI,413034131046,170.92,,498837.66
03/03/25,UPI-Swiggy-swiggy@icici-592029175820-DR VIA UPI,295069118628,"1,330.07",,497507.59
03/03/25,UPI-Swiggy-swiggy@icici-717221310142-DR VIA UPI,133765041335,"2,500.30",,495007.29
04/03/25,UPI-Paytm Mall-paytm@paytm-677607394408-DR VIA UPI,816786544695,290.72,,494716.57
04/03/25,POS MAX FASHION CHENNAI,446949006090,650.82,,494065.75
04/03/25,UPI-Jio Recharge-jio@paytm-705504247853-DR VIA UPI,351894745768,239.00,,493826.75
04/03/25,SALARY-S4023418885208/NEFT/Bajaj Auto Ltd,034700480051,,"137,317.34",631144.09
04/03/25,UPI-Flipkart-flipkart@ybl-878391545117-DR VIA UPI,505732270181,670.31,,630473.78
04/03/25,POS METRO CASH CARRY CHENNAI,981355763052,900.23,,629573.55
05/03/25,UPI-Lata Dubey-lata.dubey@ptaxis-372288435320-CR VIA UPI,588379820874,,550.80,630124.35
05/03/25,UPI-Jio Recharge-jio@paytm-883725711980-DR VIA UPI,121457358755,219.00,,629905.35
05/03/25,UPI-Preeti Khanna-preetikhan55@aubank-674065539331-DR VIA UPI,770751830819,"13,800.55",,616104.80
06/03/25,ECS-NACH-LN157317953562-Manappuram Finance,060358029323,"16,500.00",,599604.80
06/03/25,ECS-NACH-RNT4292104-RENT MANDATE,209481275146,"21,500.00",,578104.80
06/03/25,UPI-Jio Recharge-jio@paytm-818960438892-DR VIA UPI,955638315495,"2,600.14",,575504.66
07/03/25,UPI-IRCTC-irctc@upi-420853011978-DR VIA UPI,909852870752,449.00,,575055.66
07/03/25,POS MAX FASHION CHENNAI,881120906034,"5,800.75",,569254.91
08/03/25,UPI-BigBasket-bigbasket@ybl-433385974960-DR VIA UPI,507529053185,"1,670.46",,567584.45
08/03/25,UPI-Flipkart-flipkart@ybl-045889959136-DR VIA UPI,798552134619,"2,400.78",,565183.67
09/03/25,UPI-HDFC Life Insurance-licindia@licindia-721927599125-DR VIA UPI,791737526978,"6,700.00",,558483.67
09/03/25,UPI-Radha Srivastava-radha.srivastava@okaxis-677505559174-DR VIA UPI,123800382656,"1,200.21",,557283.46
10/03/25,UPI-PhonePe Merchant-phonepe@ybl-108396709441-DR VIA UPI,230906415612,"1,320.56",,555962.90
10/03/25,UPI-Blinkit-blinkit@kotak-677175399106-DR VIA UPI,254508847060,660.46,,555302.44
11/03/25,UPI-Indane Gas-indanegas@upi-326323756787-DR VIA UPI,645284550154,"2,300.67",,553001.77
11/03/25,UPI-Himanshu Sharma-himanshushar24@ptsbi-632860345891-DR VIA UPI,887310012719,"6,950.23",,546051.54
12/03/25,UPI-Dunzo-dunzo@razorpay-082083450434-DR VIA UPI,863479067761,"2,150.45",,543901.09
13/03/25,UPI-Rapido-rapido@icici-901573412312-DR VIA UPI,157643231195,520.43,,543380.66
13/03/25,UPI-Jio Recharge-jio@paytm-431250915518-DR VIA UPI,721009982125,439.00,,542941.66
13/03/25,UPI-Blinkit-blinkit@kotak-537138892048-DR VIA UPI,090340114376,830.85,,542110.81
13/03/25,UPI-BSNL Broadband-bsnlbroadband@upi-203989454560-DR VIA UPI,901946639387,"2,140.84",,539969.97
13/03/25,UPI-Sanjay Saxena-0879281622@ptsbi-161326268305-DR VIA UPI,921127129357,"8,950.17",,531019.80
15/03/25,UPI-ACT Fibernet-broadband@paytm-021093588011-DR VIA UPI,584460435836,449.00,,530570.80
16/03/25,ECS-NACH-SIP3584214-Mirae Asset MF,377325469124,"11,500.00",,519070.80
16/03/25,UPI-Sanjay Shah-sanjay.shah@ptsbi-687865516456-DR VIA UPI,108216573524,"19,850.36",,499220.44
17/03/25,UPI-Rahul Chopra-rahul773@paytm-221239227460-DR VIA UPI,213635215935,"18,050.41",,481170.03
18/03/25,UPI-BESCOM-bescompayment@upi-589239948194-DR VIA UPI,347662889361,"2,150.96",,479019.07
19/03/25,POS BHARAT PETROLEUM CHENNAI,760025095454,"4,350.88",,474668.19
20/03/25,UPI-Amazon Pay-amazon@apl-246586412414-DR VIA UPI,325438373406,"5,150.04",,469518.15
21/03/25,UPI-BigBasket-bigbasket@ybl-839798705895-DR VIA UPI,884252512051,710.46,,468807.69
21/03/25,UPI-Neha Banerjee-neha.banerjee@axl-055848148762-DR VIA UPI,959646336726,"18,800.02",,450007.67
21/03/25,UPI-Gopal Thapar-8221168644@okicici-211999070334-DR VIA UPI,365535864735,"5,250.86",,444756.81
22/03/25,UPI-Rapido-rapido@icici-602389480120-DR VIA UPI,637782859547,200.99,,444555.82
22/03/25,UPI-Ola Cabs-olamoney@ola-222884511552-DR VIA UPI,472564151664,400.51,,444155.31
23/03/25,POS RELIANCE MART CHENNAI,801015741152,"3,000.28",,441155.03
23/03/25,UPI-Hotstar-hotstar@hdfcbank-482495486210-DR VIA UPI,043433234113,549.00,,440606.03
23/03/25,ATW-XXXXXX2449-OHU10303-CHENNAI 200095116962,033330713286,"3,500.00",,437106.03
24/03/25,UPI-Ola Cabs-olamoney@ola-077167612192-DR VIA UPI,123383343706,400.82,,436705.21
24/03/25,UPI-Blinkit-blinkit@kotak-570691345437-DR VIA UPI,733001872578,"1,360.99",,435344.22
25/03/25,UPI-Ola Cabs-olamoney@ola-887230437929-DR VIA UPI,441207707714,260.53,,435083.69
25/03/25,UPI-Blinkit-blinkit@kotak-547644660934-DR VIA UPI,135482074296,"2,680.29",,432403.40
25/03/25,UPI-Jio Recharge-jio@paytm-844797955873-DR VIA UPI,677625756028,909.00,,431494.40
25/03/25,POS HP PETROL PUMP CHENNAI,911559700261,"1,700.11",,429794.29
26/03/25,UPI-Saurabh Desai-saurabh.desai@apl-218775206297-CR VIA UPI,389266089721,,"21,750.02",451544.31
27/03/25,UPI-Vikram Chopra-vikram.chopra@ptsbi-499448756589-DR VIA UPI,048735666278,"10,150.78",,441393.53
28/03/25,UPI-BigBasket-bigbasket@ybl-305480414143-DR VIA UPI,607617688055,510.48,,440883.05
28/03/25,POS METRO CASH CARRY CHENNAI,440161375772,"6,050.73",,434832.32
28/03/25,UPI-Suresh Menon-suresh.menon@oksbi-434128243002-CR VIA UPI,474047885916,,"11,800.93",446633.25
28/03/25,INTEREST CREDIT,354734327934,,300.37,446933.62
31/03/25,UPI-Rani Roy-8619885322@oksbi-630160694243-DR VIA UPI,473500652142,"1,850.18",,445083.44
01/04/25,UPI-Rani Agarwal-rani.agarwal@axl-386961842030-DR VIA UPI,715476055082,"10,850.21",,434233.23
01/04/25,POS PANTALOONS CHENNAI,067737586936,"1,300.62",,432932.61
01/04/25,POS LIFESTYLE STORES CHENNAI,135010718464,"1,000.14",,431932.47
01/04/25,UPI-Siddharth Desai-siddharthdesa80@ptsbi-513519336498-CR VIA UPI,312585589323,,"14,250.31",446182.78
02/04/25,UPI-BSNL Broadband-bsnlbroadband@upi-043950382399-DR VIA UPI,571664406526,"2,590.86",,443591.92
02/04/25,UPI-Mahesh Nair-2623261106@pthdfc-819402992929-CR VIA UPI,929821327981,,"5,200.11",448792.03
04/04/25,UPI-HDFC Life Insurance-licindia@licindia-613357995434-DR VIA UPI,259855962023,"6,700.00",,442092.03
04/04/25,UPI-Meesho-meesho@ybl-011043737525-DR VIA UPI,738003705752,"3,250.91",,438841.12
04/04/25,POS BHARAT PETROLEUM CHENNAI,316167472294,"1,250.78",,437590.34
05/04/25,SALARY-S2951594744541/NEFT/Bajaj Auto Ltd,668612281043,,"140,960.34",578550.68
06/04/25,UPI-Dinesh Menon-dinesh.menon@pthdfc-230633560948-CR VIA UPI,736960920135,,"14,800.47",593351.15
06/04/25,UPI-Ola Cabs-olamoney@ola-778977796624-DR VIA UPI,089168469567,170.53,,593180.62
06/04/25,ECS-NACH-RNT1514749-RENT MANDATE,120355299268,"21,500.00",,571680.62
06/04/25,UPI-Amazon Pay-amazon@apl-945425995525-DR VIA UPI,336360508508,"2,250.96",,569429.66
07/04/25,UPI-Uber India-uber@paytm-740388456272-DR VIA UPI,220569287951,460.75,,568968.91
07/04/25,UPI-Rajan Dutta-rajandutt18@okaxis-471752881977-CR VIA UPI,367017087958,,"11,500.52",580469.43
07/04/25,UPI-Lalit Desai-lalitdesa56@ptaxis-634261123502-DR VIA UPI,798153642956,"12,450.67",,568018.76
08/04/25,UPI-Anita Srivastava-anita557@okhdfcbank-406542647095-DR VIA UPI,242790616877,"15,700.40",,552318.36
08/04/25,NEFT*N0208760179382/Cipla Limited/CR,589951725999,,"19,500.32",571818.68
09/04/25,POS STAR BAZAAR CHENNAI,780329512533,"4,400.43",,567418.25
09/04/25,UPI-Amazon Pay-amazon@apl-202009915566-DR VIA UPI,469355868582,530.34,,566887.91
09/04/25,UPI-Rahul Jain-1053610696@kotak-051164112029-CR VIA UPI,168600728320,,"21,100.71",587988.62
10/04/25,UPI-Flipkart-flipkart@ybl-619553977591-DR VIA UPI,874501866935,"1,700.04",,586288.58
11/04/25,UPI-Zepto-zepto@apl-996058038309-DR VIA UPI,952730261302,410.42,,585878.16
11/04/25,ECS-NACH-LN157317953562-Manappuram Finance,464549536396,"16,500.00",,569378.16
11/04/25,UPI-Jio Recharge-jio@paytm-469127408831-DR VIA UPI,811373267661,170.69,,569207.47
11/04/25,ATW-XXXXXX8427-PNL02753-CHENNAI 056092077488,505200072340,"8,500.00",,560707.47
13/04/25,POS MORE SUPER MARKET CHENNAI,925456461487,"8,050.52",,552656.95
13/04/25,UPI-Ola Cabs-olamoney@ola-625392236574-DR VIA UPI,063274977128,360.52,,552296.43
14/04/25,UPI-Uber India-uber@paytm-199904893564-DR VIA UPI,283978907160,440.81,,551855.62
14/04/25,POS MAX FASHION CHENNAI,404016413423,"1,100.85",,550754.77
14/04/25,UPI-Ola Cabs-olamoney@ola-871747405373-DR VIA UPI,144498090839,650.63,,550104.14
15/04/25,UPI-BSNL Broadband-bsnlbroadband@upi-580530383699-DR VIA UPI,930438865165,510.19,,549593.95
15/04/25,UPI-Spotify-spotify@icici-393120729566-DR VIA UPI,011722635671,849.00,,548744.95
15/04/25,UPI-Indane Gas-indanegas@upi-905052687021-DR VIA UPI,745752101210,"2,300.08",,546444.87
16/04/25,ECS-NACH-SIP1697338-Mirae Asset MF,346806648703,"11,500.00",,534944.87
16/04/25,UPI-Jio Recharge-jio@paytm-381764483073-DR VIA UPI,708951022328,739.00,,534205.87
17/04/25,UPI-Kunal Banerjee-kunal.banerjee@upi-113049433158-DR VIA UPI,302478462771,"3,850.12",,530355.75
17/04/25,UPI-Babita Shah-babita350@pthdfc-217480087120-DR VIA UPI,515724496253,"13,250.62",,517105.13
17/04/25,POS D MART CHENNAI,915245141988,"1,950.64",,515154.49
19/04/25,UPI-Swiggy-swiggy@icici-724498791958-DR VIA UPI,379029173576,"2,540.83",,512613.66
20/04/25,POS BHARAT PETROLEUM CHENNAI,261656153016,"1,350.97",,511262.69
21/04/25,UPI-BESCOM-bescompayment@upi-885890370383-DR VIA UPI,671531628510,"1,600.23",,509662.46
21/04/25,UPI-Jyoti Malhotra-jyoti.malhotra@pthdfc-693791958107-CR VIA UPI,508567701503,,"9,800.38",519462.84
22/04/25,UPI-Anita Roy-anitaroy53@okhdfcbank-315646458872-DR VIA UPI,724568362829,"12,800.40",,506662.44
23/04/25,UPI-Mukesh Nair-mukesh796@pthdfc-400981563102-CR VIA UPI,755483880239,,"17,300.89",523963.33
23/04/25,UPI-Jio Recharge-jio@paytm-808779669858-DR VIA UPI,301065109359,699.00,,523264.33
24/04/25,UPI-Blinkit-blinkit@kotak-673451939705-DR VIA UPI,781121942467,880.92,,522383.41
24/04/25,UPI-Nikhil Iyer-nikhiliyer51@okicici-461166985628-CR VIA UPI,466452806891,,"1,600.99",523984.40
24/04/25,UPI-Ola Cabs-olamoney@ola-884545869581-DR VIA UPI,954496299373,480.79,,523503.61
24/04/25,POS CENTRAL MALL CHENNAI,244553717092,"5,450.71",,518052.90
25/04/25,POS BHARAT PETROLEUM CHENNAI,086524840448,"2,150.99",,515901.91
25/04/25,UPI-Zomato-zomato@axisbank-218727391368-DR VIA UPI,941769787484,630.06,,515271.85
25/04/25,POS BHARAT PETROLEUM CHENNAI,867946476306,"2,750.81",,512521.04
25/04/25,UPI-BSNL Broadband-bsnlbroadband@upi-762403101957-DR VIA UPI,005442282625,"2,290.29",,510230.75
25/04/25,UPI-Preeti Kapoor-preeti.kapoor@ptaxis-112984041723-CR VIA UPI,890270776063,,"1,700.66",511931.41
25/04/25,UPI-BSNL Broadband-bsnlbroadband@upi-693886905954-DR VIA UPI,563948468290,410.97,,511520.44
26/04/25,UPI-Babita Dutta-babitadutt30@okicici-584361697788-CR VIA UPI,473552710441,,"17,050.63",528571.07
27/04/25,UPI-Ola Cabs-olamoney@ola-518617751949-DR VIA UPI,573607826198,390.98,,528180.09
27/04/25,UPI-Shreya Tiwari-shreyatiwa22@kotak-682600610769-DR VIA UPI,739538009641,"4,250.80",,523929.29
27/04/25,UPI-Uber India-uber@paytm-076920228553-DR VIA UPI,075969646302,"2,590.87",,521338.42
28/04/25,GST ON CHARGES,533288413793,102.60,,521235.82
28/04/25,UPI-Siddharth Pandey-siddharth.pandey@okicici-275447460835-CR VIA UPI,650336167677,,"14,050.71",535286.53
28/04/25,IMPS-980725649256-Mohan Saxena-HDFC-XXXXXXX4514-IMPSTXN,509642282260,"3,700.34",,531586.19
28/04/25,POS MORE SUPER MARKET CHENNAI,812638211465,"4,100.05",,527486.14
28/04/25,MOBILE BANKING CHARGES,743998737922,570.00,,526916.14
28/04/25,UPI-Rohit Pillai-rohit484@ptsbi-121735623472-CR VIA UPI,266053534033,,"9,700.82",536616.96
29/04/25,UPI-ACT Fibernet-broadband@paytm-822050871056-DR VIA UPI,246274504155,549.00,,536067.96
01/05/25,UPI-BigBasket-bigbasket@ybl-382680808285-DR VIA UPI,876441961973,350.19,,535717.77
01/05/25,ATW-XXXXXX0835-BCN05109-CHENNAI 545854536242,530560197621,"7,500.00",,528217.77
01/05/25,UPI-Blinkit-blinkit@kotak-620485711234-DR VIA UPI,896951275336,"1,240.81",,526976.96
01/05/25,UPI-Amazon Pay-amazon@apl-428411998391-DR VIA UPI,922803650190,800.02,,526176.94
01/05/25,UPI-Ritu Naik-ritunaik96@ibl-267014984750-CR VIA UPI,183478505681,,"16,200.05",542376.99
02/05/25,UPI-Ola Cabs-olamoney@ola-253568997719-DR VIA UPI,280942426810,680.79,,541696.20
02/05/25,POS BIG BAZAAR CHENNAI,535185154083,"5,200.99",,536495.21
03/05/25,UPI-Poonam Das-poonam.das@paytm-981042674961-DR VIA UPI,317217865916,"12,750.21",,523745.00
05/05/25,UPI-Anjali Das-7537750196@ybl-722577460659-CR VIA UPI,334591032248,,450.50,524195.50
05/05/25,UPI-Kapil Dubey-kapil317@aubank-311090687546-DR VIA UPI,798442213307,"4,050.89",,520144.61
06/05/25,IMPS-491128580883-Girish Iyer-HDFC-XXXXXXX7291-IMPSTXN,924449574436,"21,500.90",,498643.71
06/05/25,UPI-Paytm Mall-paytm@paytm-063630591686-DR VIA UPI,819226054199,"2,680.26",,495963.45
07/05/25,POS BHARAT PETROLEUM CHENNAI,981548569864,"4,150.89",,491812.56
07/05/25,UPI-Jio Recharge-jio@paytm-635025963619-DR VIA UPI,101790571809,429.00,,491383.56
07/05/25,UPI-PhonePe Merchant-phonepe@ybl-515336729448-DR VIA UPI,090751939315,940.35,,490443.21
07/05/25,UPI-BigBasket-bigbasket@ybl-938300319278-DR VIA UPI,309804969310,"1,270.61",,489172.60
07/05/25,SALARY-S1213241997112/NEFT/Bajaj Auto Ltd,137499299812,,"141,545.34",630717.94
09/05/25,UPI-Flipkart-flipkart@ybl-185597700813-DR VIA UPI,550847471692,"1,700.47",,629017.47
09/05/25,ECS-NACH-RNT2320761-RENT MANDATE,860007496935,"21,500.00",,607517.47
09/05/25,POS PANTALOONS CHENNAI,822477570385,"4,250.30",,603267.17
10/05/25,UPI-HDFC Life Insurance-licindia@licindia-383193961084-DR VIA UPI,720405982469,"6,700.00",,596567.17
10/05/25,ECS-NACH-LN157317953562-Manappuram Finance,902909437783,"16,500.00",,580067.17
10/05/25,UPI-Rapido-rapido@icici-951300675788-DR VIA UPI,314996763644,500.96,,579566.21
10/05/25,POS V MART CHENNAI,029843682907,"5,400.01",,574166.20
11/05/25,POS BIG BAZAAR CHENNAI,566066765884,"4,700.93",,569465.27
11/05/25,UPI-Maya Banerjee-3991171748@ptyes-776077453932-CR VIA UPI,581441249213,,"18,300.41",587765.68
12/05/25,UPI-Jio Recharge-jio@paytm-262561864788-DR VIA UPI,420332139126,959.00,,586806.68
12/05/25,UPI-Blinkit-blinkit@kotak-456135865826-DR VIA UPI,559575319719,"1,310.81",,585495.87
13/05/25,UPI-Rapido-rapido@icici-491149116346-DR VIA UPI,590478683685,180.94,,585314.93
13/05/25,UPI-Abhishek Kumar-abhishek969@ptyes-687992717107-DR VIA UPI,965527902962,"16,650.93",,568664.00
13/05/25,UPI-Flipkart-flipkart@ybl-626095854582-DR VIA UPI,581279864546,"1,950.05",,566713.95
14/05/25,ATW-XXXXXX7765-VZN91938-CHENNAI 525445118931,283234762345,"4,500.00",,562213.95
14/05/25,POS MORE SUPER MARKET CHENNAI,786620412513,"3,700.46",,558513.49
14/05/25,UPI-Indane Gas-indanegas@upi-981443430718-DR VIA UPI,645594719313,800.84,,557712.65
14/05/25,POS INDIAN OIL CHENNAI,180860545343,"3,450.87",,554261.78
16/05/25,UPI-Jio Recharge-jio@paytm-524654655216-DR VIA UPI,323454016351,569.00,,553692.78
17/05/25,ATW-XXXXXX6424-HQH20091-CHENNAI 663656478321,374046159231,"9,000.00",,544692.78
18/05/25,UPI-Sachin Sen-sachinsen85@okaxis-536561692189-CR VIA UPI,428681222732,,"6,700.92",551393.70
18/05/25,ECS-NACH-SIP1359357-Mirae Asset MF,035998236112,"11,500.00",,539893.70
20/05/25,UPI-Jio Recharge-jio@paytm-126018708207-DR VIA UPI,257002056048,569.00,,539324.70
20/05/25,NEFT*N0962859922119/Accenture India Pvt /CR,577584665495,,"11,500.70",550825.40
21/05/25,UPI-BESCOM-bescompayment@upi-850076206928-DR VIA UPI,357510125537,"2,700.31",,548125.09
21/05/25,UPI-Isha Pillai-isha.pillai@aubank-131380050846-DR VIA UPI,488564502083,"3,950.03",,544175.06
22/05/25,UPI-Rapido-rapido@icici-898767944815-DR VIA UPI,955627777575,890.18,,543284.88
23/05/25,POS STAR BAZAAR CHENNAI,899302158862,"7,850.19",,535434.69
23/05/25,UPI-Nykaa-nykaa@razorpay-122534120978-DR VIA UPI,784208884929,"2,800.27",,532634.42
24/05/25,ATW-XXXXXX6842-NBU86733-CHENNAI 580846375436,314503700052,"8,500.00",,524134.42
25/05/25,UPI-Jio Recharge-jio@paytm-559125803384-DR VIA UPI,866789690090,829.00,,523305.42
26/05/25,UPI-Rekha Bajaj-rekha.bajaj@ptyes-885106970334-DR VIA UPI,931463085877,"12,850.50",,510454.92
27/05/25,POS PANTALOONS CHENNAI,471482891589,"5,850.74",,504604.18
27/05/25,UPI-Ola Cabs-olamoney@ola-128642644166-DR VIA UPI,786074682449,860.31,,503743.87
27/05/25,UPI-Brijesh Saxena-brijesh771@pthdfc-123939030437-CR VIA UPI,340884789067,,"14,150.93",517894.80
28/05/25,GST ON CHARGES,245284474202,28.80,,517866.00
28/05/25,MOBILE BANKING CHARGES,283935284646,160.00,,517706.00
29/05/25,POS INDIAN OIL CHENNAI,199948278156,"3,100.16",,514605.84
29/05/25,POS SHELL FUEL STATION CHENNAI,561916754537,"3,550.23",,511055.61
31/05/25,UPI-Himanshu Singh-himanshu.singh@ybl-551797692681-DR VIA UPI,730730661719,"14,550.82",,496504.79
01/06/25,UPI-Preeti Agarwal-preeti721@okicici-511152719094-DR VIA UPI,440369774797,"6,050.37",,490454.42
02/06/25,ATW-XXXXXX7081-WDU27789-CHENNAI 251847885177,715765670378,"5,500.00",,484954.42
02/06/25,UPI-Naresh Bajaj-8858695298@okhdfcbank-902301088094-CR VIA UPI,485137836015,,"7,100.72",492055.14
04/06/25,ATW-XXXXXX3672-IAN56532-CHENNAI 630981169061,571404792147,"4,000.00",,488055.14
06/06/25,UPI-Flipkart-flipkart@ybl-359988574042-DR VIA UPI,543490506000,"1,950.45",,486104.69
06/06/25,SALARY-S8449230940963/NEFT/Bajaj Auto Ltd,357317951796,,"139,310.34",625415.03
06/06/25,UPI-Nisha Bose-nishabose96@okicici-473776921984-DR VIA UPI,254723902289,"18,900.50",,606514.53
06/06/25,UPI-HDFC Life Insurance-licindia@licindia-185652463381-DR VIA UPI,312901869838,"6,700.00",,599814.53
06/06/25,POS MORE SUPER MARKET CHENNAI,946171836949,"3,900.23",,595914.30
07/06/25,POS SHELL FUEL STATION CHENNAI,783540276647,"1,700.97",,594213.33
07/06/25,UPI-Flipkart-flipkart@ybl-189252771382-DR VIA UPI,766753075914,"4,550.72",,589662.61
07/06/25,UPI-MakeMyTrip-makemytrip@axisbank-563572079447-DR VIA UPI,095223393131,449.00,,589213.61
08/06/25,ECS-NACH-RNT2978573-RENT MANDATE,404842326652,"21,500.00",,567713.61
08/06/25,UPI-Jio Recharge-jio@paytm-999449698229-DR VIA UPI,860294445517,829.00,,566884.61
08/06/25,UPI-Ajay Shukla-9648133955@ybl-117554171486-DR VIA UPI,483414446998,"20,850.68",,546033.93
08/06/25,UPI-Flipkart-flipkart@ybl-034735133885-DR VIA UPI,492904656444,"2,250.02",,543783.91
09/06/25,UPI-Pallavi Nair-1658547759@axl-353749498778-DR VIA UPI,648969863666,"17,550.28",,526233.63
09/06/25,UPI-Myntra-myntra@ybl-619062278260-DR VIA UPI,009418635185,"4,750.47",,521483.16
09/06/25,UPI-Suresh Joshi-suresh.joshi@okhdfcbank-716652586228-DR VIA UPI,881093681533,"1,150.45",,520332.71
10/06/25,UPI-Practo-practo@paytm-998428525103-DR VIA UPI,713294340598,499.00,,519833.71
11/06/25,UPI-Zomato-zomato@axisbank-746076920972-DR VIA UPI,347195014119,"1,760.83",,518072.88
11/06/25,ECS-NACH-SIP6055696-Mirae Asset MF,934891548162,"11,500.00",,506572.88
11/06/25,ECS-NACH-LN157317953562-Manappuram Finance,901567577970,"16,500.00",,490072.88
12/06/25,UPI-Jio Recharge-jio@paytm-664106993426-DR VIA UPI,587664762877,489.00,,489583.88
12/06/25,UPI-Shivam Kapoor-shivamkapo78@okaxis-338001245959-CR VIA UPI,596671010773,,"4,450.65",494034.53
15/06/25,UPI-BSNL Broadband-bsnlbroadband@upi-345493231215-DR VIA UPI,793475440404,210.44,,493824.09
15/06/25,UPI-Ola Cabs-olamoney@ola-676552799222-DR VIA UPI,202890016223,790.83,,493033.26
16/06/25,UPI-Jio Recharge-jio@paytm-736014004850-DR VIA UPI,413659834091,"1,190.31",,491842.95
17/06/25,ATW-XXXXXX7096-NGM32870-CHENNAI 350863723916,593211218058,"6,000.00",,485842.95
17/06/25,UPI-Indane Gas-indanegas@upi-829752036999-DR VIA UPI,951957787352,"2,500.27",,483342.68
18/06/25,POS INDIAN OIL CHENNAI,139089605523,"3,550.25",,479792.43
19/06/25,UPI-Apollo Pharmacy-apollopharmacy@ybl-562213098217-DR VIA UPI,508839640420,"1,460.09",,478332.34
19/06/25,POS LIFESTYLE STORES CHENNAI,181579285678,"5,050.89",,473281.45
19/06/25,UPI-Mohit Sharma-2261940194@aubank-593908610584-DR VIA UPI,766547909831,"10,500.95",,462780.50
19/06/25,UPI-Rohit Bose-rohitbose64@ybl-000916014601-DR VIA UPI,828492446508,"11,000.30",,451780.20
20/06/25,POS BRAND FACTORY CHENNAI,404426973079,"4,000.51",,447779.69
20/06/25,ATW-XXXXXX3287-WZG94819-CHENNAI 677852307509,527245409009,"3,000.00",,444779.69
21/06/25,UPI-Ola Cabs-olamoney@ola-890531283575-DR VIA UPI,793926643117,280.83,,444498.86
21/06/25,UPI-Kapil Rao-kapilrao13@okhdfcbank-320896382214-CR VIA UPI,155059510887,,"19,750.52",464249.38
21/06/25,UPI-BESCOM-bescompayment@upi-651766588865-DR VIA UPI,538994168384,"3,450.12",,460799.26
22/06/25,UPI-Ola Cabs-olamoney@ola-490890685630-DR VIA UPI,918337790167,270.97,,460528.29
23/06/25,UPI-Jio Recharge-jio@paytm-816626469997-DR VIA UPI,166977460680,179.00,,460349.29
23/06/25,UPI-BigBasket-bigbasket@ybl-798121893610-DR VIA UPI,558798246940,"1,320.12",,459029.17
23/06/25,POS BRAND FACTORY CHENNAI,760105746902,"2,600.46",,456428.71
24/06/25,UPI-ACT Fibernet-broadband@paytm-558617670021-DR VIA UPI,203603043077,"1,249.00",,455179.71
24/06/25,POS SHOPPERS STOP CHENNAI,357862764622,650.70,,454529.01
25/06/25,INTEREST CREDIT,976021285425,,445.88,454974.89
25/06/25,UPI-BSNL Broadband-bsnlbroadband@upi-081812131482-DR VIA UPI,195305552411,"2,010.80",,452964.09
25/06/25,POS STAR BAZAAR CHENNAI,706419963774,"6,800.49",,446163.60
26/06/25,UPI-Jio Recharge-jio@paytm-283904957383-DR VIA UPI,181875671692,239.00,,445924.60
26/06/25,POS LIFESTYLE STORES CHENNAI,709437930742,"3,000.59",,442924.01
27/06/25,UPI-Paytm Mall-paytm@paytm-281311630343-DR VIA UPI,604860746221,420.30,,442503.71
27/06/25,UPI-Meesho-meesho@ybl-398658966605-DR VIA UPI,893519877772,"5,800.56",,436703.15
01/07/25,POS BRAND FACTORY CHENNAI,127891275120,"1,900.90",,434802.25
02/07/25,UPI-Isha Chatterjee-isha.chatterjee@okicici-731349335123-CR VIA UPI,179499021473,,"3,700.80",438503.05
03/07/25,ATW-XXXXXX9119-CDK35343-CHENNAI 136247458076,885415699549,"4,000.00",,434503.05
03/07/25,POS STAR BAZAAR CHENNAI,725376516091,"2,350.42",,432152.63
03/07/25,UPI-Flipkart-flipkart@ybl-649930979037-DR VIA UPI,845297236943,"1,130.52",,431022.11
04/07/25,UPI-Vishal Saxena-vishalsaxe64@axl-461505139246-CR VIA UPI,611487397487,,"15,600.08",446622.19
04/07/25,ATW-XXXXXX8978-DCA75819-CHENNAI 765735078561,580204167092,"4,500.00",,442122.19
04/07/25,UPI-Deepa Menon-deepa.menon@ibl-160798044287-CR VIA UPI,371890923143,,"8,600.90",450723.09
05/07/25,UPI-Jio Recharge-jio@paytm-089620621902-DR VIA UPI,456248857697,609.00,,450114.09
06/07/25,UPI-Prashant Joshi-prashant.joshi@ptaxis-581607844744-DR VIA UPI,666896856376,"20,250.84",,429863.25
06/07/25,UPI-Uber India-uber@paytm-857084642380-DR VIA UPI,761508007254,"1,610.29",,428252.96
06/07/25,UPI-Ola Cabs-olamoney@ola-521352805918-DR VIA UPI,013241371472,160.57,,428092.39
06/07/25,UPI-Priya Gupta-priya.gupta@ptsbi-016643513654-CR VIA UPI,634772828969,,"11,550.86",439643.25
06/07/25,POS STAR BAZAAR CHENNAI,323666615555,700.71,,438942.54
07/07/25,SALARY-S4776924198954/NEFT/Bajaj Auto Ltd,243591105875,,"140,333.34",579275.88
08/07/25,UPI-HDFC Life Insurance-licindia@licindia-873534192609-DR VIA UPI,795000581610,"6,700.00",,572575.88
09/07/25,UPI-1mg-tatahealth@icici-337652351559-DR VIA UPI,444522190988,"1,620.12",,570955.76
09/07/25,POS SHELL FUEL STATION CHENNAI,194852229609,"4,500.91",,566454.85
10/07/25,UPI-Paytm Mall-paytm@paytm-803809992200-DR VIA UPI,017707348213,"1,370.44",,565084.41
10/07/25,ECS-NACH-LN157317953562-Manappuram Finance,064401201596,"16,500.00",,548584.41
10/07/25,UPI-Zepto-zepto@apl-449228365228-DR VIA UPI,074989548691,"1,790.47",,546793.94
10/07/25,UPI-BSNL Broadband-bsnlbroadband@upi-214101722808-DR VIA UPI,082294701872,"1,520.34",,545273.60
11/07/25,UPI-Flipkart-flipkart@ybl-216406459168-DR VIA UPI,671540782701,"1,170.12",,544103.48
11/07/25,ECS-NACH-RNT1146545-RENT MANDATE,024422969277,"21,500.00",,522603.48
11/07/25,UPI-Anita Mukherjee-anita228@pthdfc-840008885384-DR VIA UPI,666987468568,"14,400.09",,508203.39
11/07/25,UPI-Rapido-rapido@icici-975065864831-DR VIA UPI,521816429407,410.59,,507792.80
11/07/25,UPI-Flipkart-flipkart@ybl-763792235629-DR VIA UPI,856646759610,"1,890.29",,505902.51
12/07/25,UPI-PhonePe Merchant-phonepe@ybl-004999355827-DR VIA UPI,606767100916,330.93,,505571.58
12/07/25,ECS-NACH-SIP8828391-Mirae Asset MF,427337254335,"11,500.00",,494071.58
12/07/25,UPI-Mohit Agarwal-mohit856@ptaxis-029500980666-DR VIA UPI,384922055762,"5,350.06",,488721.52
12/07/25,NEFT*N2092535929289/Arvind Ltd/CR,218385251772,,"52,500.32",541221.84
13/07/25,UPI-BigBasket-bigbasket@ybl-632091294850-DR VIA UPI,237095015054,"2,050.26",,539171.58
14/07/25,UPI-Amazon Pay-amazon@apl-348554106843-DR VIA UPI,756930540058,"2,500.20",,536671.38
16/07/25,UPI-Gaurav Chatterjee-gaurav290@upi-245245693823-DR VIA UPI,193277341843,"11,250.19",,525421.19
16/07/25,UPI-Rapido-rapido@icici-014885493771-DR VIA UPI,560800698389,600.29,,524820.90
17/07/25,UPI-Rapido-rapido@icici-767721386404-DR VIA UPI,600872923593,900.30,,523920.60
18/07/25,POS BHARAT PETROLEUM CHENNAI,462874066493,"2,600.85",,521319.75
18/07/25,UPI-Divya Rao-divya.rao@okhdfcbank-460326743159-CR VIA UPI,482914955400,,"4,600.51",525920.26
18/07/25,UPI-Rajan Kulkarni-2756772287@pthdfc-595069905308-DR VIA UPI,261121729741,"4,350.72",,521569.54
19/07/25,UPI-Pooja Chaudhary-pooja681@apl-044965954002-DR VIA UPI,671229870040,"18,700.03",,502869.51
20/07/25,UPI-BESCOM-bescompayment@upi-012849609533-DR VIA UPI,612476017927,"2,750.08",,500119.43
20/07/25,UPI-Siddharth Joshi-siddharth.joshi@ptyes-661378165650-CR VIA UPI,731816689862,,"4,100.29",504219.72
20/07/25,POS SHOPPERS STOP CHENNAI,651869561408,450.94,,503768.78
21/07/25,UPI-Mohan Sethi-mohan.sethi@axl-071558282916-DR VIA UPI,334974125013,"13,100.54",,490668.24
22/07/25,UPI-Jio Recharge-jio@paytm-441257209062-DR VIA UPI,856660207614,949.00,,489719.24
24/07/25,UPI-Indane Gas-indanegas@upi-933705619262-DR VIA UPI,580658571295,"1,600.16",,488119.08
24/07/25,UPI-Amazon Pay-amazon@apl-156138116315-DR VIA UPI,797299846193,"1,100.94",,487018.14
24/07/25,ATW-XXXXXX4620-OIY59687-CHENNAI 314311280025,221111836613,"10,000.00",,477018.14
25/07/25,UPI-Uber India-uber@paytm-315134813926-DR VIA UPI,159104216786,"1,680.24",,475337.90
26/07/25,UPI-Zepto-zepto@apl-628743636397-DR VIA UPI,500991000897,680.24,,474657.66
26/07/25,UPI-Shivam Joshi-shivamjosh28@okicici-013502806111-CR VIA UPI,615757170263,,"15,700.68",490358.34
26/07/25,POS MAX FASHION CHENNAI,037023880565,"4,450.15",,485908.19
27/07/25,UPI-Naveen Roy-naveenroy23@ibl-245187689123-CR VIA UPI,745285839775,,"20,800.03",506708.22
27/07/25,POS RELIANCE MART CHENNAI,957508535216,"4,150.55",,502557.67
28/07/25,UPI-Jio Recharge-jio@paytm-678468136048-DR VIA UPI,573906860944,969.00,,501588.67
28/07/25,POS HP PETROL PUMP CHENNAI,260465173375,"2,700.34",,498888.33
29/07/25,UPI-Uber India-uber@paytm-990803159179-DR VIA UPI,582633772012,650.87,,498237.46
29/07/25,UPI-Uber India-uber@paytm-131323006603-DR VIA UPI,382905379422,950.75,,497286.71
29/07/25,UPI-BSNL Broadband-bsnlbroadband@upi-337354164512-DR VIA UPI,983308136809,180.99,,497105.72
30/07/25,UPI-Manish Chatterjee-manishchat38@apl-918168249203-CR VIA UPI,107039235705,,"5,600.10",502705.82
30/07/25,UPI-Renu Mukherjee-renu.mukherjee@apl-535466893475-CR VIA UPI,838163358717,,"4,400.57",507106.39
31/07/25,UPI-Blinkit-blinkit@kotak-400415417534-DR VIA UPI,158568439485,680.32,,506426.07
31/07/25,POS BRAND FACTORY CHENNAI,160159575504,"3,950.99",,502475.08
01/08/25,UPI-Sunil Nambiar-sunilnamb82@aubank-666553019706-DR VIA UPI,126057386163,"9,750.29",,492724.79
03/08/25,POS STAR BAZAAR CHENNAI,520774097563,"1,800.11",,490924.68
03/08/25,POS CENTRAL MALL CHENNAI,109148959580,"4,500.27",,486424.41
04/08/25,UPI-Manoj Nambiar-manojnamb51@okhdfcbank-781323722483-DR VIA UPI,223851130079,"18,450.22",,467974.19
04/08/25,UPI-Uber India-uber@paytm-905321885876-DR VIA UPI,529021478012,660.58,,467313.61
04/08/25,UPI-Rahul Patil-rahul.patil@upi-909986861207-CR VIA UPI,250354413295,,"8,750.87",476064.48
05/08/25,SALARY-S3671836476388/NEFT/Bajaj Auto Ltd,170092513037,,"139,587.34",615651.82
06/08/25,UPI-Ola Cabs-olamoney@ola-239333342065-DR VIA UPI,704264651746,"1,900.39",,613751.43
07/08/25,UPI-Mohan Patel-mohan.patel@ptaxis-694068119759-CR VIA UPI,678932178697,,"6,750.47",620501.90
08/08/25,UPI-BSNL Broadband-bsnlbroadband@upi-585876147839-DR VIA UPI,080767089209,"1,840.43",,618661.47
08/08/25,UPI-Jio Recharge-jio@paytm-803465411928-DR VIA UPI,342065272172,689.00,,617972.47
09/08/25,ECS-NACH-RNT0311930-RENT MANDATE,787457892904,"21,500.00",,596472.47
09/08/25,UPI-Kavita Sen-kavitasen96@apl-699869151996-CR VIA UPI,241641390829,,"8,150.67",604623.14
09/08/25,UPI-Flipkart-flipkart@ybl-601520147961-DR VIA UPI,475866752274,180.75,,604442.39
09/08/25,POS HP PETROL PUMP CHENNAI,385062785640,"4,000.76",,600441.63
09/08/25,UPI-Ola Cabs-olamoney@ola-795109223202-DR VIA UPI,464763068877,460.51,,599981.12
09/08/25,UPI-Siddharth Rao-siddharth492@upi-767975378071-DR VIA UPI,222107186495,"13,050.05",,586931.07
11/08/25,POS D MART CHENNAI,562170646408,600.05,,586331.02
11/08/25,UPI-Poonam Sharma-poonam419@okaxis-130043767537-DR VIA UPI,883752555248,"2,400.32",,583930.70
11/08/25,UPI-HDFC Life Insurance-licindia@licindia-223997486712-DR VIA UPI,264980737437,"6,700.00",,577230.70
12/08/25,UPI-Ola Cabs-olamoney@ola-425910263421-DR VIA UPI,286798309209,150.30,,577080.40
12/08/25,ECS-NACH-LN157317953562-Manappuram Finance,245421994477,"16,500.00",,560580.40
13/08/25,ECS-NACH-SIP9055546-Mirae Asset MF,415452934989,"11,500.00",,549080.40
14/08/25,UPI-Deepa Reddy-7619284886@okhdfcbank-585240302962-DR VIA UPI,189723487505,"21,850.25",,527230.15
14/08/25,UPI-Abhishek Joshi-2850796814@okicici-475398775673-DR VIA UPI,792899057104,"10,200.28",,517029.87
14/08/25,POS STAR BAZAAR CHENNAI,350689331135,"4,650.53",,512379.34
15/08/25,UPI-Flipkart-flipkart@ybl-437889870033-DR VIA UPI,454812640874,"1,680.89",,510698.45
16/08/25,UPI-Dunzo-dunzo@razorpay-967367578691-DR VIA UPI,209974612749,"1,280.41",,509418.04
16/08/25,UPI-Blinkit-blinkit@kotak-282648858107-DR VIA UPI,479250869287,"1,320.92",,508097.12
17/08/25,POS V MART CHENNAI,369510966780,"3,950.74",,504146.38
17/08/25,UPI-Uber India-uber@paytm-112881757454-DR VIA UPI,785233405579,310.45,,503835.93
17/08/25,UPI-ACT Fibernet-broadband@paytm-843039180999-DR VIA UPI,767199160908,"1,149.00",,502686.93
17/08/25,UPI-PhonePe Merchant-phonepe@ybl-065773370027-DR VIA UPI,525076071303,"2,510.95",,500175.98
17/08/25,UPI-Vishal Tiwari-6596741067@paytm-734448103746-CR VIA UPI,092281099014,,"7,600.66",507776.64
17/08/25,POS HP PETROL PUMP CHENNAI,870063969845,"2,350.49",,505426.15
17/08/25,UPI-Flipkart-flipkart@ybl-510779780579-DR VIA UPI,153683219311,"2,090.58",,503335.57
18/08/25,UPI-Indane Gas-indanegas@upi-686324485784-DR VIA UPI,407227214008,800.64,,502534.93
19/08/25,POS V MART CHENNAI,472701142588,"3,050.23",,499484.70
19/08/25,ATW-XXXXXX6965-ZXD76396-CHENNAI 697834302507,920187660062,"8,500.00",,490984.70
20/08/25,POS RELIANCE PETROLEUM CHENNAI,961388229571,"2,100.63",,488884.07
20/08/25,UPI-Radha Menon-radha.menon@apl-291535194480-DR VIA UPI,117050320375,"1,900.08",,486983.99
20/08/25,UPI-BESCOM-bescompayment@upi-022761799525-DR VIA UPI,020839359799,"4,200.94",,482783.05
20/08/25,ATW-XXXXXX8623-HIL00014-CHENNAI 655529145143,277071365243,"2,500.00",,480283.05
20/08/25,POS SHOPPERS STOP CHENNAI,761752069649,"5,250.55",,475032.50
20/08/25,UPI-Sneha Pillai-sneha207@okhdfcbank-944613411788-DR VIA UPI,054496613103,"20,000.15",,455032.35
21/08/25,UPI-BigBasket-bigbasket@ybl-660751567430-DR VIA UPI,738157493816,890.42,,454141.93
23/08/25,UPI-Dunzo-dunzo@razorpay-055769721857-DR VIA UPI,653350867276,"1,150.29",,452991.64
24/08/25,UPI-PhonePe Merchant-phonepe@ybl-913437197395-DR VIA UPI,286120225437,"1,400.90",,451590.74
25/08/25,UPI-Nykaa-nykaa@razorpay-888924538733-DR VIA UPI,773936786938,550.92,,451039.82
26/08/25,UPI-Sachin Dutta-8207131686@paytm-329974762303-CR VIA UPI,439964259909,,"12,150.71",463190.53
26/08/25,UPI-BigBasket-bigbasket@ybl-497154348726-DR VIA UPI,355426339425,120.25,,463070.28
26/08/25,UPI-Uber India-uber@paytm-732220287375-DR VIA UPI,482508813566,"1,770.35",,461299.93
27/08/25,UPI-Suresh Banerjee-sureshbane28@ptsbi-950512600155-CR VIA UPI,931752138489,,"5,550.19",466850.12
27/08/25,UPI-Varun Kumar-varunkuma37@oksbi-402073594625-DR VIA UPI,069980874649,"3,100.78",,463749.34
27/08/25,IMPS-254391469818-Abhishek Jain-BARB-XXXXXXX2093-IMPSTXN,662669446937,"30,700.13",,433049.21
28/08/25,UPI-Jio Recharge-jio@paytm-115314164723-DR VIA UPI,736808567004,599.00,,432450.21
29/08/25,UPI-Ravi Saxena-ravisaxe25@ybl-194655967221-CR VIA UPI,228398763805,,"6,100.73",438550.94
29/08/25,UPI-Spotify-spotify@icici-930895899655-DR VIA UPI,157699382590,149.00,,438401.94
30/08/25,POS STAR BAZAAR CHENNAI,376302552621,"8,150.72",,430251.22
31/08/25,UPI-Manish Gupta-manishgupt56@paytm-541465363293-CR VIA UPI,439215813363,,"16,150.99",446402.21
31/08/25,UPI-Sachin Agarwal-sachin624@paytm-315217641347-CR VIA UPI,741956995497,,"13,700.31",460102.52
31/08/25,ATW-XXXXXX0832-WKO17934-CHENNAI 014625425579,114583285220,"5,500.00",,454602.52
01/09/25,UPI-Flipkart-flipkart@ybl-540514761945-DR VIA UPI,136633802451,710.02,,453892.50
02/09/25,UPI-Himanshu Dutta-himanshudutt47@upi-209453530032-DR VIA UPI,729545718656,"11,550.21",,442342.29
02/09/25,UPI-Flipkart-flipkart@ybl-581754295978-DR VIA UPI,578250813813,"2,280.67",,440061.62
02/09/25,UPI-Ola Cabs-olamoney@ola-284465496127-DR VIA UPI,928862412257,300.49,,439761.13
03/09/25,UPI-Divya Shah-divya.shah@ptsbi-210657844726-DR VIA UPI,799499155583,"14,950.67",,424810.46
03/09/25,UPI-Meesho-meesho@ybl-502661908357-DR VIA UPI,983893275678,"4,600.85",,420209.61
04/09/25,UPI-Uber India-uber@paytm-675081406497-DR VIA UPI,265708639543,390.90,,419818.71
04/09/25,SALARY-S1775764550027/NEFT/Bajaj Auto Ltd,285700877088,,"141,893.34",561712.05
05/09/25,UPI-Jio Recharge-jio@paytm-537302956140-DR VIA UPI,624973558193,419.00,,561293.05
05/09/25,UPI-Shivam Patil-shivam.patil@oksbi-683206996019-CR VIA UPI,858778173999,,"21,800.55",583093.60
05/09/25,UPI-Priya Khanna-priya549@apl-933078065687-DR VIA UPI,747949095884,"18,800.13",,564293.47
05/09/25,UPI-Rapido-rapido@icici-813358034405-DR VIA UPI,114691682552,110.79,,564182.68
05/09/25,IMPS-403369499582-Kiran Desai-KKBK-XXXXXXX8406-IMPSTXN,526229108201,"13,700.87",,550481.81
06/09/25,UPI-Uber India-uber@paytm-105130347347-DR VIA UPI,012320849551,470.06,,550011.75
06/09/25,ECS-NACH-RNT2630838-RENT MANDATE,892307529189,"21,500.00",,528511.75
06/09/25,POS INDIAN OIL CHENNAI,705143813800,"1,700.45",,526811.30
06/09/25,POS PANTALOONS CHENNAI,992243653750,"3,550.39",,523260.91
08/09/25,UPI-Uber India-uber@paytm-061868473829-DR VIA UPI,706476224704,610.08,,522650.83
08/09/25,UPI-Jio Recharge-jio@paytm-055000543915-DR VIA UPI,147286475828,269.00,,522381.83
09/09/25,UPI-HDFC Life Insurance-licindia@licindia-342169860852-DR VIA UPI,804905750175,"6,700.00",,515681.83
09/09/25,UPI-Nykaa-nykaa@razorpay-603168916250-DR VIA UPI,997201006795,"4,550.99",,511130.84
09/09/25,UPI-BigBasket-bigbasket@ybl-746062502600-DR VIA UPI,131580120798,"2,710.55",,508420.29
10/09/25,POS STAR BAZAAR CHENNAI,120147544614,"8,450.59",,499969.70
11/09/25,UPI-Flipkart-flipkart@ybl-004847493605-DR VIA UPI,557490230070,380.52,,499589.18
12/09/25,UPI-Uber India-uber@paytm-371900029554-DR VIA UPI,958600284543,"2,180.54",,497408.64
12/09/25,ECS-NACH-LN157317953562-Manappuram Finance,639249840861,"16,500.00",,480908.64
16/09/25,POS RELIANCE PETROLEUM CHENNAI,100561523368,"3,550.98",,477357.66
16/09/25,UPI-Arjun Sen-arjun372@ybl-257757448992-DR VIA UPI,734304111050,"17,950.99",,459406.67
17/09/25,POS MORE SUPER MARKET CHENNAI,398689496737,"2,000.99",,457405.68
17/09/25,UPI-Jio Recharge-jio@paytm-054768217869-DR VIA UPI,002770065909,769.00,,456636.68
18/09/25,UPI-BSNL Broadband-bsnlbroadband@upi-847597092761-DR VIA UPI,776575338756,"2,170.16",,454466.52
18/09/25,ECS-NACH-SIP0642541-Mirae Asset MF,573040899681,"11,500.00",,442966.52
19/09/25,UPI-BSNL Broadband-bsnlbroadband@upi-025840462173-DR VIA UPI,721703294497,"2,520.40",,440446.12
19/09/25,UPI-Sneha Chaudhary-snehachau74@ptyes-722266735340-DR VIA UPI,141633852671,"5,950.14",,434495.98
19/09/25,UPI-Anil Banerjee-8356411044@upi-335479539445-CR VIA UPI,568363881108,,"6,850.62",441346.60
20/09/25,POS RELIANCE MART CHENNAI,924164094572,"7,750.02",,433596.58
20/09/25,UPI-BESCOM-bescompayment@upi-707887564275-DR VIA UPI,958349631665,"4,000.02",,429596.56
20/09/25,UPI-Apollo Pharmacy-apollopharmacy@ybl-642905285520-DR VIA UPI,300871276978,649.00,,428947.56
20/09/25,UPI-Blinkit-blinkit@kotak-275936753747-DR VIA UPI,730577595680,680.74,,428266.82
20/09/25,UPI-Jio Recharge-jio@paytm-822550675337-DR VIA UPI,960814730108,199.00,,428067.82
21/09/25,UPI-Prashant Thapar-prashantthap73@oksbi-193907664078-DR VIA UPI,487912642489,"4,400.07",,423667.75
22/09/25,UPI-Uber India-uber@paytm-816870712166-DR VIA UPI,699907479203,460.60,,423207.15
22/09/25,UPI-Indane Gas-indanegas@upi-523601649560-DR VIA UPI,636799925367,"1,600.30",,421606.85
23/09/25,UPI-Zomato-zomato@axisbank-966675661101-DR VIA UPI,497357605734,"1,430.67",,420176.18
23/09/25,UPI-Usha Chatterjee-ushachat78@oksbi-090719683009-DR VIA UPI,244453566646,"3,050.28",,417125.90
23/09/25,UPI-Dinesh Banerjee-3037826563@paytm-730131121089-DR VIA UPI,370264710034,"6,800.78",,410325.12
23/09/25,POS MORE SUPER MARKET CHENNAI,269502511739,"4,200.56",,406124.56
23/09/25,ATW-XXXXXX1862-SAC76168-CHENNAI 021978469502,745931930491,"8,500.00",,397624.56
24/09/25,UPI-Amazon Pay-amazon@apl-930770372525-DR VIA UPI,862498333361,"1,460.94",,396163.62
24/09/25,UPI-Sanjay Kulkarni-sanjaykulk41@ptyes-867385428011-DR VIA UPI,601783960228,"4,550.38",,391613.24
24/09/25,POS INDIAN OIL CHENNAI,935581397002,"4,500.52",,387112.72
25/09/25,UPI-Nisha Roy-nisha833@paytm-441470800079-CR VIA UPI,970453658732,,"19,100.48",406213.20
25/09/25,POS MORE SUPER MARKET CHENNAI,924471742434,"2,250.49",,403962.71
26/09/25,UPI-Swiggy-swiggy@icici-876222313164-DR VIA UPI,975188631718,450.82,,403511.89
26/09/25,UPI-Meesho-meesho@ybl-820764088738-DR VIA UPI,663152570258,"4,250.28",,399261.61
26/09/25,UPI-Akash Srivastava-akashsriv34@ybl-046117028213-DR VIA UPI,284768050573,"20,600.05",,378661.56
27/09/25,ATW-XXXXXX6908-CZY39757-CHENNAI 211523230242,279094884636,"5,500.00",,373161.56
27/09/25,UPI-Ankit Bose-ankit.bose@kotak-411264481425-DR VIA UPI,797125763967,"18,500.41",,354661.15
27/09/25,UPI-Amazon Pay-amazon@apl-603627610455-DR VIA UPI,700433488740,"1,870.77",,352790.38
28/09/25,UPI-Amazon Pay-amazon@apl-195818868665-DR VIA UPI,400094294856,"1,980.62",,350809.76
28/09/25,UPI-PhonePe Merchant-phonepe@ybl-304488855500-DR VIA UPI,219811528363,"1,210.78",,349598.98
28/09/25,INTEREST CREDIT,389962502388,,415.73,350014.71
29/09/25,UPI-Paytm Mall-paytm@paytm-734077316139-DR VIA UPI,156411317828,520.29,,349494.42
29/09/25,POS RELIANCE PETROLEUM CHENNAI,116521074168,"2,550.91",,346943.51
30/09/25,UPI-Rekha Khanna-5894293050@oksbi-205309418171-CR VIA UPI,488258881846,,"20,250.18",367193.69
01/10/25,UPI-Sapna Pillai-sapna135@paytm-549384053578-CR VIA UPI,659593303991,,"18,950.92",386144.61
01/10/25,UPI-Vikas Nair-7627637252@okaxis-631258623310-DR VIA UPI,159374033857,"21,050.01",,365094.60
01/10/25,MOBILE BANKING CHARGES,903789158491,490.00,,364604.60
01/10/25,GST ON CHARGES,959451291557,88.20,,364516.40
02/10/25,POS STAR BAZAAR CHENNAI,969665547376,"3,800.28",,360716.12
02/10/25,POS SHOPPERS STOP CHENNAI,256721683986,"5,450.75",,355265.37
03/10/25,UPI-Zepto-zepto@apl-816257325289-DR VIA UPI,741467382114,"1,080.35",,354185.02
04/10/25,SALARY-S1602396011855/NEFT/Bajaj Auto Ltd,367929782815,,"136,964.34",491149.36
04/10/25,UPI-PhonePe Merchant-phonepe@ybl-125197111375-DR VIA UPI,274468118421,"2,550.37",,488598.99
04/10/25,UPI-Rapido-rapido@icici-629734099537-DR VIA UPI,048540739711,200.85,,488398.14
05/10/25,POS LIFESTYLE STORES CHENNAI,952726136951,"2,100.93",,486297.21
05/10/25,ATW-XXXXXX8078-MVM23944-CHENNAI 434585223310,302800274179,"6,500.00",,479797.21
05/10/25,IMPS-685716416803-Sushma Ghosh-KKBK-XXXXXXX1941-IMPSTXN,595358442509,"19,600.14",,460197.07
06/10/25,UPI-PhonePe Merchant-phonepe@ybl-455232702468-DR VIA UPI,472559634466,680.09,,459516.98
06/10/25,UPI-Rohit Tiwari-rohit431@aubank-288193848540-CR VIA UPI,919281598785,,"5,500.30",465017.28
07/10/25,UPI-Swati Shah-swati.shah@ybl-896025987396-CR VIA UPI,100922664379,,"17,000.94",482018.22
08/10/25,UPI-Kavya Agarwal-5079271990@ptaxis-202961466816-CR VIA UPI,626416906332,,"7,050.06",489068.28
08/10/25,ECS-NACH-RNT1476356-RENT MANDATE,826995655862,"21,500.00",,467568.28
09/10/25,POS SHOPPERS STOP CHENNAI,304144105688,"6,350.39",,461217.89
09/10/25,UPI-Flipkart-flipkart@ybl-341619452756-DR VIA UPI,904013368085,"2,950.83",,458267.06
09/10/25,UPI-Blinkit-blinkit@kotak-745388929548-DR VIA UPI,831453302453,"2,550.63",,455716.43
09/10/25,UPI-Rapido-rapido@icici-873583965327-DR VIA UPI,645686049922,600.30,,455116.13
10/10/25,ATW-XXXXXX7442-WGA61911-CHENNAI 648867585389,595256839865,"7,000.00",,448116.13
10/10/25,UPI-Ritu Chopra-ritu969@okhdfcbank-903203554167-DR VIA UPI,731632332342,"4,800.83",,443315.30
10/10/25,UPI-Jio Recharge-jio@paytm-208978936300-DR VIA UPI,750853559389,429.00,,442886.30
10/10/25,UPI-Nikhil Dutta-nikhil948@ptsbi-210960557286-DR VIA UPI,200804054968,800.46,,442085.84
10/10/25,UPI-Swiggy-swiggy@icici-129741443983-DR VIA UPI,121720879027,"2,290.94",,439794.90
11/10/25,UPI-Sanjay Menon-sanjay408@pthdfc-710609919093-CR VIA UPI,088717360696,,"16,900.35",456695.25
12/10/25,UPI-Ola Cabs-olamoney@ola-758828200174-DR VIA UPI,557847023046,470.84,,456224.41
12/10/25,ECS-NACH-LN157317953562-Manappuram Finance,118539335455,"16,500.00",,439724.41
12/10/25,UPI-Sunita Shukla-sunita.shukla@ptaxis-350727080721-CR VIA UPI,317638406589,,"5,800.49",445524.90
12/10/25,UPI-HDFC Life Insurance-licindia@licindia-604614034136-DR VIA UPI,748284105478,"6,700.00",,438824.90
12/10/25,NEFT*N9545156533046/Raymond Ltd/CR,308543623138,,"13,000.38",451825.28
12/10/25,UPI-Swiggy-swiggy@icici-476794798983-DR VIA UPI,816015425316,"1,610.69",,450214.59
13/10/25,UPI-Jio Recharge-jio@paytm-764827034052-DR VIA UPI,215507172632,779.00,,449435.59
13/10/25,UPI-BESCOM-bescompayment@upi-854318029134-DR VIA UPI,906469864626,"4,100.97",,445334.62
14/10/25,POS VISHAL MEGA MART CHENNAI,598916736061,700.24,,444634.38
14/10/25,UPI-Apollo Pharmacy-apollopharmacy@ybl-957361059239-DR VIA UPI,109347525582,899.00,,443735.38
16/10/25,UPI-Indane Gas-indanegas@upi-337721267607-DR VIA UPI,489157331380,"2,550.03",,441185.35
16/10/25,UPI-Kavita Dutta-9339986210@okaxis-042432855731-DR VIA UPI,982109647077,"18,700.42",,422484.93
17/10/25,POS METRO CASH CARRY CHENNAI,299875333522,"2,500.85",,419984.08
17/10/25,ECS-NACH-SIP5790066-Mirae Asset MF,463296133799,"11,500.00",,408484.08
17/10/25,UPI-Priya Sen-priya.sen@axl-546869052344-CR VIA UPI,340356842199,,"2,900.87",411384.95
18/10/25,UPI-Deepa Patil-deepa.patil@okicici-299227339248-DR VIA UPI,020431008373,"7,950.12",,403434.83
18/10/25,UPI-Vijay Rao-vijayrao76@kotak-772076603881-CR VIA UPI,506313413345,,"19,850.04",423284.87
18/10/25,POS RELIANCE PETROLEUM CHENNAI,137769466151,"2,650.99",,420633.88
19/10/25,UPI-Gaurav Roy-gaurav300@ptyes-157832267798-DR VIA UPI,004953267249,"19,550.66",,401083.22
21/10/25,UPI-Rapido-rapido@icici-311351883443-DR VIA UPI,715362428842,670.15,,400413.07
21/10/25,UPI-Jio Recharge-jio@paytm-782215337193-DR VIA UPI,533199762418,"1,570.37",,398842.70
21/10/25,ATW-XXXXXX2223-DXA32010-CHENNAI 463120711698,052704700328,"4,000.00",,394842.70
22/10/25,UPI-BSNL Broadband-bsnlbroadband@upi-590429509801-DR VIA UPI,904576922686,"2,080.83",,392761.87
24/10/25,POS VISHAL MEGA MART CHENNAI,307097835804,"4,850.54",,387911.33
24/10/25,POS METRO CASH CARRY CHENNAI,519412358503,"4,300.33",,383611.00
25/10/25,ATW-XXXXXX0119-UNN07204-CHENNAI 800971798077,243219743522,"8,000.00",,375611.00
25/10/25,UPI-Pankaj Roy-pankajroy87@ptsbi-562821326148-CR VIA UPI,248297391580,,"13,800.80",389411.80
26/10/25,UPI-Uber India-uber@paytm-905562119696-DR VIA UPI,566821492798,650.29,,388761.51
26/10/25,ATW-XXXXXX7774-FPU05135-CHENNAI 377538695635,537811328833,"5,000.00",,383761.51
27/10/25,UPI-1mg-tatahealth@icici-630424522082-DR VIA UPI,698594452590,"1,150.49",,382611.02
27/10/25,UPI-Dunzo-dunzo@razorpay-876289629821-DR VIA UPI,792748919110,"2,740.99",,379870.03
27/10/25,UPI-Flipkart-flipkart@ybl-527988261080-DR VIA UPI,979674518380,"2,360.00",,377510.03
28/10/25,UPI-Swiggy-swiggy@icici-721385638421-DR VIA UPI,774689257001,260.98,,377249.05
28/10/25,UPI-Vandana Bajaj-7784141344@pthdfc-612670004108-DR VIA UPI,938625168558,"10,400.58",,366848.47
29/10/25,ATW-XXXXXX1365-CSV85584-CHENNAI 787749237997,540459337185,"1,500.00",,365348.47
29/10/25,POS BHARAT PETROLEUM CHENNAI,778967887503,"2,150.14",,363198.33
30/10/25,UPI-PhonePe Merchant-phonepe@ybl-349207537071-DR VIA UPI,338280446188,"1,320.06",,361878.27
30/10/25,POS INDIAN OIL CHENNAI,979670192019,"1,250.67",,360627.60
01/11/25,UPI-Blinkit-blinkit@kotak-706557667573-DR VIA UPI,426636371834,"2,280.53",,358347.07
01/11/25,UPI-Blinkit-blinkit@kotak-793239536706-DR VIA UPI,145226697154,"1,980.23",,356366.84
01/11/25,UPI-Amazon Pay-amazon@apl-724712987228-DR VIA UPI,236602335881,500.01,,355866.83
03/11/25,UPI-Radha Bajaj-6763678115@ptyes-039040424645-DR VIA UPI,325720741840,"16,650.59",,339216.24
04/11/25,UPI-Flipkart-flipkart@ybl-063023796938-DR VIA UPI,359170080251,"4,950.83",,334265.41
05/11/25,UPI-Pankaj Agarwal-pankaj.agarwal@upi-905641181271-DR VIA UPI,859776827025,"16,300.37",,317965.04
05/11/25,SALARY-S8953838426792/NEFT/Bajaj Auto Ltd,747625126630,,"136,824.34",454789.38
05/11/25,ATW-XXXXXX1445-GPJ83292-CHENNAI 447682218323,265409800164,"6,500.00",,448289.38
06/11/25,UPI-Zepto-zepto@apl-545177982887-DR VIA UPI,937014618124,280.52,,448008.86
06/11/25,UPI-Ola Cabs-olamoney@ola-315536638178-DR VIA UPI,518141009442,"1,950.57",,446058.29
07/11/25,ECS-NACH-RNT3704089-RENT MANDATE,808833806432,"21,500.00",,424558.29
08/11/25,UPI-Flipkart-flipkart@ybl-545475574017-DR VIA UPI,396437857782,390.01,,424168.28
09/11/25,UPI-Divya Srivastava-divyasriv88@aubank-050387988948-DR VIA UPI,840073346946,"13,900.71",,410267.57
09/11/25,UPI-BESCOM-bescompayment@upi-183810556320-DR VIA UPI,273992592698,"2,150.71",,408116.86
10/11/25,ECS-NACH-LN157317953562-Manappuram Finance,369700928002,"16,500.00",,391616.86
10/11/25,UPI-Meena Das-meenadas22@ibl-869119959608-DR VIA UPI,797667814267,"13,300.69",,378316.17
10/11/25,UPI-Kunal Roy-kunal.roy@oksbi-488388956230-CR VIA UPI,225388947590,,"6,400.96",384717.13
10/11/25,UPI-Uber India-uber@paytm-874010215093-DR VIA UPI,448076043264,780.08,,383937.05
10/11/25,UPI-Uber India-uber@paytm-657652779017-DR VIA UPI,054727363497,670.70,,383266.35
11/11/25,ECS-NACH-SIP0410697-Mirae Asset MF,055997164315,"11,500.00",,371766.35
11/11/25,UPI-Jio Recharge-jio@paytm-706005957096-DR VIA UPI,977247036472,249.00,,371517.35
11/11/25,UPI-Ola Cabs-olamoney@ola-748246867962-DR VIA UPI,253566193924,490.68,,371026.67
12/11/25,NEFT*N4724309583222/Oracle Financial Ser/CR,934792137313,,"48,500.13",419526.80
12/11/25,UPI-HDFC Life Insurance-licindia@licindia-717544102063-DR VIA UPI,374944677508,"6,700.00",,412826.80
12/11/25,POS HP PETROL PUMP CHENNAI,236811893977,"2,750.83",,410075.97
12/11/25,POS LIFESTYLE STORES CHENNAI,164778872902,"3,700.57",,406375.40
12/11/25,UPI-Blinkit-blinkit@kotak-243676593565-DR VIA UPI,615060445217,710.33,,405665.07
13/11/25,UPI-Jio Recharge-jio@paytm-753874678361-DR VIA UPI,019759023334,669.00,,404996.07
14/11/25,UPI-Ola Cabs-olamoney@ola-666841574899-DR VIA UPI,281125869613,880.22,,404115.85
14/11/25,UPI-Indane Gas-indanegas@upi-113573267433-DR VIA UPI,620285936396,"1,150.15",,402965.70
14/11/25,UPI-Jio Recharge-jio@paytm-012532833513-DR VIA UPI,628909227079,759.00,,402206.70
15/11/25,UPI-Flipkart-flipkart@ybl-096557773576-DR VIA UPI,935083027759,"2,110.01",,400096.69
15/11/25,ATW-XXXXXX3836-VLE70175-CHENNAI 253296032944,664526130521,"5,000.00",,395096.69
15/11/25,UPI-Kavita Dutta-kavita.dutta@aubank-958408377183-DR VIA UPI,482235378060,"9,800.85",,385295.84
15/11/25,UPI-Hotstar-hotstar@hdfcbank-302806469140-DR VIA UPI,238653886646,599.00,,384696.84
16/11/25,POS RELIANCE MART CHENNAI,760200744589,"3,250.12",,381446.72
16/11/25,UPI-Jio Recharge-jio@paytm-708357860352-DR VIA UPI,340401062259,"1,670.33",,379776.39
16/11/25,UPI-Anita Bajaj-9473406784@okaxis-386586022196-DR VIA UPI,511227802870,"20,250.24",,359526.15
16/11/25,UPI-Rajesh Sen-rajeshsen29@okhdfcbank-263335329974-DR VIA UPI,668548096223,"20,100.10",,339426.05
16/11/25,UPI-Babita Shah-babitashah99@axl-371591910060-CR VIA UPI,451726558290,,"1,850.71",341276.76
16/11/25,UPI-Ajay Ghosh-ajay553@apl-587499659071-DR VIA UPI,281036577538,"5,700.90",,335575.86
16/11/25,UPI-Flipkart-flipkart@ybl-113594332840-DR VIA UPI,581402941329,760.84,,334815.02
17/11/25,UPI-Flipkart-flipkart@ybl-378037552439-DR VIA UPI,355131825545,"1,640.17",,333174.85
17/11/25,UPI-Ravi Ghosh-ravighos75@pthdfc-838367775382-DR VIA UPI,182934632554,"14,600.87",,318573.98
17/11/25,ATW-XXXXXX3855-JIT68659-CHENNAI 553383000072,344488748510,"6,000.00",,312573.98
18/11/25,UPI-Mahesh Singh-mahesh.singh@okicici-678853793691-DR VIA UPI,083155101817,"13,600.42",,298973.56
18/11/25,UPI-Prashant Pandey-prashant899@okaxis-520759335568-DR VIA UPI,163399538686,"19,200.99",,279772.57
18/11/25,UPI-Ankit Nambiar-ankit.nambiar@ptaxis-355067186986-DR VIA UPI,402544987940,"18,250.60",,261521.97
19/11/25,UPI-Yogesh Mishra-yogeshmish65@ybl-318052481955-DR VIA UPI,665529666205,"4,000.38",,257521.59
19/11/25,UPI-Paytm Mall-paytm@paytm-710246243384-DR VIA UPI,267614273427,"1,880.71",,255640.88
20/11/25,UPI-Rapido-rapido@icici-727588797617-DR VIA UPI,030553573202,700.66,,254940.22
20/11/25,UPI-Ritu Patel-3835395308@kotak-460988841635-CR VIA UPI,131841454207,,"11,600.85",266541.07
21/11/25,UPI-BigBasket-bigbasket@ybl-936448111498-DR VIA UPI,360394424910,"2,670.78",,263870.29
21/11/25,ATW-XXXXXX2441-HVZ56048-CHENNAI 948782916027,561608005521,"5,000.00",,258870.29
21/11/25,UPI-MedPlus Health-medplus@icici-251341726863-DR VIA UPI,128225551760,"2,250.33",,256619.96
21/11/25,UPI-Dunzo-dunzo@razorpay-041928053005-DR VIA UPI,432610775183,670.25,,255949.71
22/11/25,UPI-Sushma Das-5040212843@okaxis-843791501783-DR VIA UPI,240821993756,"21,650.55",,234299.16
22/11/25,ATW-XXXXXX4341-RQH71052-CHENNAI 094506991439,981104215745,"8,500.00",,225799.16
22/11/25,POS MAX FASHION CHENNAI,035872531626,"6,800.02",,218999.14
23/11/25,UPI-Varun Mehta-varun.mehta@ptsbi-336050904196-CR VIA UPI,421199168143,,"1,650.51",220649.65
23/11/25,UPI-Spotify-spotify@icici-936671004431-DR VIA UPI,287782624516,599.00,,220050.65
23/11/25,UPI-Seema Das-seemadas40@paytm-399047411271-DR VIA UPI,667660519381,"19,900.75",,200149.90
23/11/25,UPI-Zomato-zomato@axisbank-697045948424-DR VIA UPI,037836672547,"2,060.99",,198088.91
23/11/25,UPI-Dunzo-dunzo@razorpay-097475024728-DR VIA UPI,141157002894,380.47,,197708.44
24/11/25,IMPS-627531182693-Mina Kulkarni-UCBA-XXXXXXX7766-IMPSTXN,718038706813,"38,200.08",,159508.36
25/11/25,UPI-ACT Fibernet-broadband@paytm-160638180059-DR VIA UPI,015117575804,799.00,,158709.36
26/11/25,UPI-Rajesh Joshi-rajesh.joshi@ybl-314176357961-CR VIA UPI,743858823652,,650.36,159359.72
26/11/25,UPI-Amazon Pay-amazon@apl-769072749828-DR VIA UPI,565545363212,"1,550.69",,157809.03
26/11/25,UPI-BigBasket-bigbasket@ybl-172404129023-DR VIA UPI,844688057944,"2,690.22",,155118.81
27/11/25,GST ON CHARGES,023383750294,36.00,,155082.81
27/11/25,MOBILE BANKING CHARGES,586541754684,200.00,,154882.81
28/11/25,UPI-Ankit Jain-ankit.jain@ibl-663982124438-CR VIA UPI,737903959970,,"16,300.42",171183.23
29/11/25,ATW-XXXXXX8419-WXH98440-CHENNAI 128227762190,435795033510,"4,000.00",,167183.23
29/11/25,UPI-Uber India-uber@paytm-782761817293-DR VIA UPI,959417237762,"1,510.06",,165673.17
29/11/25,POS RELIANCE PETROLEUM CHENNAI,169856290437,"3,300.52",,162372.65
02/12/25,UPI-Siddharth Naik-siddharth.naik@axl-570291575208-CR VIA UPI,355960257897,,"8,550.52",170923.17
02/12/25,UPI-Vivek Shah-vivekshah31@oksbi-069486292652-DR VIA UPI,974775992656,250.47,,170672.70
03/12/25,UPI-Flipkart-flipkart@ybl-464207520508-DR VIA UPI,709253371729,"1,230.97",,169441.73
03/12/25,UPI-Shreya Menon-shreya534@pthdfc-432360666346-DR VIA UPI,668492916409,"4,550.19",,164891.54
03/12/25,UPI-Uber India-uber@paytm-061774355521-DR VIA UPI,643293804579,750.31,,164141.23
04/12/25,UPI-IRCTC-irctc@upi-670545154113-DR VIA UPI,886479978083,249.00,,163892.23
04/12/25,POS SHELL FUEL STATION CHENNAI,896988049874,"3,850.56",,160041.67
04/12/25,UPI-Kavita Jain-kavita.jain@okicici-826762114220-DR VIA UPI,968564632342,"3,400.97",,156640.70
05/12/25,UPI-Pankaj Nair-7124999740@ptyes-772466331458-CR VIA UPI,094701664446,,"18,900.26",175540.96
06/12/25,UPI-Rapido-rapido@icici-457850446854-DR VIA UPI,797902873883,230.08,,175310.88
06/12/25,UPI-Deepa Dutta-9869802841@paytm-093385151733-DR VIA UPI,763302471307,"6,100.84",,169210.04
07/12/25,SALARY-S0293811103053/NEFT/Bajaj Auto Ltd,586748112159,,"140,423.34",309633.38
07/12/25,UPI-Poonam Agarwal-poonam.agarwal@ptyes-507722225173-DR VIA UPI,850040578833,"3,600.46",,306032.92
07/12/25,UPI-Jio Recharge-jio@paytm-928072416512-DR VIA UPI,773243734030,559.00,,305473.92
07/12/25,POS SHOPPERS STOP CHENNAI,338790755152,"7,950.95",,297522.97
08/12/25,POS BRAND FACTORY CHENNAI,073729217036,"4,900.54",,292622.43
08/12/25,UPI-ACT Fibernet-broadband@paytm-322930180615-DR VIA UPI,498492575934,299.00,,292323.43
09/12/25,ECS-NACH-LN157317953562-Manappuram Finance,988929824226,"16,500.00",,275823.43
10/12/25,UPI-Jio Recharge-jio@paytm-164019276775-DR VIA UPI,157508293198,619.00,,275204.43
10/12/25,UPI-Rakesh Patel-rakesh972@apl-257142661748-DR VIA UPI,735624081658,"18,750.73",,256453.70
10/12/25,ECS-NACH-RNT6444938-RENT MANDATE,738349885918,"21,500.00",,234953.70
11/12/25,UPI-Ola Cabs-olamoney@ola-894123959505-DR VIA UPI,458663335775,190.94,,234762.76
12/12/25,POS CENTRAL MALL CHENNAI,431074318398,"6,650.59",,228112.17
12/12/25,UPI-Ashish Desai-0771076456@ptyes-428894459472-DR VIA UPI,970091732721,"5,900.38",,222211.79
13/12/25,UPI-Amazon Pay-amazon@apl-957467825159-DR VIA UPI,372310563103,"1,080.84",,221130.95
13/12/25,UPI-HDFC Life Insurance-licindia@licindia-703180254482-DR VIA UPI,888459198591,"6,700.00",,214430.95
15/12/25,UPI-1mg-tatahealth@icici-322029809051-DR VIA UPI,000567983553,170.57,,214260.38
16/12/25,UPI-Vikram Jain-9365729393@ptsbi-854188663143-CR VIA UPI,320736437107,,"9,750.54",224010.92
16/12/25,UPI-Amazon Pay-amazon@apl-094384527307-DR VIA UPI,829559795053,350.68,,223660.24
17/12/25,UPI-BESCOM-bescompayment@upi-654319320193-DR VIA UPI,613623362896,"3,000.00",,220660.24
17/12/25,UPI-Ola Cabs-olamoney@ola-880931225142-DR VIA UPI,065977095215,"2,240.87",,218419.37
17/12/25,UPI-Uber India-uber@paytm-890328888583-DR VIA UPI,926128071346,"1,030.61",,217388.76
17/12/25,ATW-XXXXXX8620-TUU31286-CHENNAI 841677276528,787036453209,"1,000.00",,216388.76
18/12/25,UPI-Brijesh Jain-brijeshjain88@aubank-497799960746-DR VIA UPI,409255469381,"2,100.53",,214288.23
18/12/25,ECS-NACH-SIP3390911-Mirae Asset MF,351810109429,"11,500.00",,202788.23
18/12/25,POS VISHAL MEGA MART CHENNAI,189654310400,"4,700.44",,198087.79
18/12/25,UPI-Saurabh Verma-9135090965@kotak-152707887432-DR VIA UPI,498357404831,"9,150.77",,188937.02
19/12/25,POS MAX FASHION CHENNAI,403836036804,"5,650.02",,183287.00
19/12/25,UPI-Flipkart-flipkart@ybl-604921093811-DR VIA UPI,917490579147,"1,970.78",,181316.22
20/12/25,POS MAX FASHION CHENNAI,529898437356,"8,450.78",,172865.44
20/12/25,POS D MART CHENNAI,797634354195,"5,050.11",,167815.33
20/12/25,UPI-Flipkart-flipkart@ybl-926923034165-DR VIA UPI,177851295671,"2,110.88",,165704.45
20/12/25,POS RELIANCE PETROLEUM CHENNAI,670515150495,"2,200.50",,163503.95
22/12/25,UPI-PhonePe Merchant-phonepe@ybl-706813966456-DR VIA UPI,221521780124,"1,650.91",,161853.04
22/12/25,ATW-XXXXXX5985-CYR02146-CHENNAI 662214588839,053505013063,"8,000.00",,153853.04
24/12/25,UPI-Maya Tiwari-9470958108@okhdfcbank-748921613917-DR VIA UPI,286177263872,"1,200.20",,152652.84
24/12/25,UPI-Indane Gas-indanegas@upi-553181064880-DR VIA UPI,940386777994,800.09,,151852.75
25/12/25,UPI-Jio Recharge-jio@paytm-659985915845-DR VIA UPI,656349111677,319.00,,151533.75
26/12/25,UPI-Vikas Shah-vikas547@okaxis-738365158971-DR VIA UPI,703590610018,"1,450.31",,150083.44
27/12/25,UPI-Jio Recharge-jio@paytm-049542482529-DR VIA UPI,193780687514,489.00,,149594.44
27/12/25,UPI-Flipkart-flipkart@ybl-782736871380-DR VIA UPI,580831269283,"1,020.94",,148573.50
27/12/25,POS BHARAT PETROLEUM CHENNAI,055337123662,"1,650.76",,146922.74
27/12/25,UPI-Swiggy-swiggy@icici-416208420034-DR VIA UPI,537394709519,"2,240.69",,144682.05
27/12/25,INTEREST CREDIT,607284011395,,590.40,145272.45
27/12/25,UPI-Ola Cabs-olamoney@ola-497061476864-DR VIA UPI,392376649379,"1,720.47",,143551.98
28/12/25,UPI-Sunita Kulkarni-sunitakulk47@ybl-068157319952-CR VIA UPI,879889969891,,"8,100.82",151652.80
28/12/25,POS METRO CASH CARRY CHENNAI,835878222334,"1,200.95",,150451.85
28/12/25,UPI-Anita Iyer-7125783632@ybl-943024760665-DR VIA UPI,223154051309,900.64,,149551.21
29/12/25,UPI-PhonePe Merchant-phonepe@ybl-176360484516-DR VIA UPI,099376057844,780.92,,148770.29
29/12/25,MOBILE BANKING CHARGES,874470718415,550.00,,148220.29
29/12/25,GST ON CHARGES,796538157445,99.00,,148121.29
29/12/25,UPI-Meesho-meesho@ybl-185538582509-DR VIA UPI,959486694757,"2,100.16",,146021.13
30/12/25,UPI-Kavya Thapar-kavya.thapar@okhdfcbank-039841825886-CR VIA UPI,814879255925,,"12,850.91",158872.04
01/01/26,POS RELIANCE PETROLEUM CHENNAI,117531410469,"1,200.51",,157671.53
01/01/26,POS BIG BAZAAR CHENNAI,554677922916,750.23,,156921.30
01/01/26,UPI-Arun Pillai-3252818358@ibl-854698342830-CR VIA UPI,574382593254,,550.90,157472.20
02/01/26,UPI-BigBasket-bigbasket@ybl-473929611975-DR VIA UPI,410458849177,620.47,,156851.73
03/01/26,UPI-BSNL Broadband-bsnlbroadband@upi-443778046768-DR VIA UPI,610591497268,"2,150.68",,154701.05
03/01/26,UPI-Pallavi Chaudhary-3748276887@aubank-735265593379-DR VIA UPI,175501568624,"10,000.58",,144700.47
03/01/26,UPI-Gopal Saxena-gopalsaxe53@okhdfcbank-198718132762-CR VIA UPI,903203476691,,500.62,145201.09
04/01/26,UPI-Paytm Mall-paytm@paytm-394090622112-DR VIA UPI,114573812236,520.75,,144680.34
05/01/26,UPI-Jio Recharge-jio@paytm-079000255879-DR VIA UPI,706076659741,599.00,,144081.34
05/01/26,SALARY-S1076504849915/NEFT/Bajaj Auto Ltd,914910459362,,"139,541.34",283622.68
05/01/26,UPI-Amazon Pay-amazon@apl-762645356568-DR VIA UPI,225271662623,"2,490.76",,281131.92
06/01/26,POS STAR BAZAAR CHENNAI,034593025637,"7,750.00",,273381.92
06/01/26,UPI-Maya Gupta-maya290@okhdfcbank-132865030408-DR VIA UPI,056580334800,850.66,,272531.26
06/01/26,POS RELIANCE PETROLEUM CHENNAI,983902231941,"3,000.27",,269530.99
07/01/26,UPI-Jio Recharge-jio@paytm-916166766946-DR VIA UPI,583850001253,720.48,,268810.51
07/01/26,ATW-XXXXXX5586-KCS97469-CHENNAI 588866576444,681745030135,"9,000.00",,259810.51
07/01/26,UPI-BigBasket-bigbasket@ybl-879116401527-DR VIA UPI,490977635189,"2,380.24",,257430.27
08/01/26,UPI-ACT Fibernet-broadband@paytm-306474184389-DR VIA UPI,786493855786,499.00,,256931.27
08/01/26,UPI-HDFC Life Insurance-licindia@licindia-227604413212-DR VIA UPI,244846950655,"6,700.00",,250231.27
08/01/26,POS LIFESTYLE STORES CHENNAI,874313446887,"6,050.27",,244181.00
09/01/26,UPI-Zepto-zepto@apl-890536997232-DR VIA UPI,020217012332,"1,970.80",,242210.20
09/01/26,UPI-Jio Recharge-jio@paytm-123473270889-DR VIA UPI,158657535603,839.00,,241371.20
09/01/26,ECS-NACH-RNT1766548-RENT MANDATE,075255952937,"21,500.00",,219871.20
09/01/26,UPI-Rapido-rapido@icici-212251760773-DR VIA UPI,474517426266,730.74,,219140.46
10/01/26,UPI-Zepto-zepto@apl-579792886637-DR VIA UPI,486733887838,980.39,,218160.07
10/01/26,UPI-Meesho-meesho@ybl-475625198753-DR VIA UPI,406485487728,"5,200.72",,212959.35
10/01/26,POS BIG BAZAAR CHENNAI,939311785091,"2,100.90",,210858.45
10/01/26,UPI-Zomato-zomato@axisbank-011561454139-DR VIA UPI,767431650627,980.11,,209878.34
11/01/26,ECS-NACH-SIP4482285-Mirae Asset MF,161424323007,"11,500.00",,198378.34
11/01/26,UPI-Vijay Tiwari-7948210169@ibl-830410517949-DR VIA UPI,471285500829,"8,950.92",,189427.42
12/01/26,UPI-Pallavi Verma-4284555145@ybl-688321337162-DR VIA UPI,268067721930,"12,550.89",,176876.53
13/01/26,ECS-NACH-LN157317953562-Manappuram Finance,681322731809,"16,500.00",,160376.53
13/01/26,UPI-Zepto-zepto@apl-795943787320-DR VIA UPI,386805795590,"1,130.61",,159245.92
13/01/26,UPI-Krishna Menon-krishnameno90@okicici-993522127451-CR VIA UPI,959143490094,,"18,250.91",177496.83
14/01/26,UPI-Swiggy-swiggy@icici-276817027297-DR VIA UPI,487135932192,"2,530.42",,174966.41
15/01/26,POS VISHAL MEGA MART CHENNAI,036324334606,950.28,,174016.13
15/01/26,UPI-Ola Cabs-olamoney@ola-070936328142-DR VIA UPI,934007878194,"2,340.10",,171676.03
16/01/26,UPI-Suresh Kumar-suresh.kumar@kotak-453090171242-DR VIA UPI,989246424852,"17,200.96",,154475.07
16/01/26,POS CENTRAL MALL CHENNAI,278074609719,"4,700.03",,149775.04
17/01/26,POS SHOPPERS STOP CHENNAI,133278086593,"2,050.08",,147724.96
17/01/26,UPI-Uber India-uber@paytm-058144935798-DR VIA UPI,887958606848,260.93,,147464.03
17/01/26,UPI-Meena Nambiar-meena.nambiar@kotak-394390801768-CR VIA UPI,548903631219,,"10,150.25",157614.28
19/01/26,POS STAR BAZAAR CHENNAI,353248670511,"8,250.28",,149364.00
19/01/26,POS INDIAN OIL CHENNAI,904749868281,850.00,,148514.00
19/01/26,UPI-Indane Gas-indanegas@upi-386631959152-DR VIA UPI,732840012884,"2,450.64",,146063.36
20/01/26,UPI-Uber India-uber@paytm-223342004687-DR VIA UPI,914387717821,480.87,,145582.49
20/01/26,UPI-Jio Recharge-jio@paytm-270122586016-DR VIA UPI,076647196806,"1,720.21",,143862.28
22/01/26,UPI-Uber India-uber@paytm-777728094071-DR VIA UPI,388120326860,300.29,,143561.99
22/01/26,ATW-XXXXXX6270-EET84721-CHENNAI 242132597342,461207571374,"9,500.00",,134061.99
23/01/26,UPI-BESCOM-bescompayment@upi-866613101595-DR VIA UPI,824454926824,"4,050.92",,130011.07
24/01/26,UPI-Paytm Mall-paytm@paytm-060114571294-DR VIA UPI,363246393491,"1,400.19",,128610.88
24/01/26,UPI-Kiran Kumar-kiran.kumar@upi-166373792183-CR VIA UPI,747861666026,,"14,550.63",143161.51
24/01/26,UPI-Uber India-uber@paytm-885697201504-DR VIA UPI,175681204912,230.69,,142930.82
25/01/26,UPI-Mahesh Kapoor-6314696201@ibl-250941769084-CR VIA UPI,699826049377,,"1,500.07",144430.89
25/01/26,UPI-Myntra-myntra@ybl-372533441956-DR VIA UPI,912694832403,"3,500.73",,140930.16
25/01/26,UPI-Mamta Kulkarni-mamta.kulkarni@axl-587717126041-CR VIA UPI,111397725126,,"1,700.47",142630.63
28/01/26,UPI-Myntra-myntra@ybl-328779812574-DR VIA UPI,599131866095,699.00,,141931.63
28/01/26,UPI-Jio Recharge-jio@paytm-551588727478-DR VIA UPI,389211745801,369.00,,141562.63
29/01/26,UPI-Jio Recharge-jio@paytm-200746640896-DR VIA UPI,248331783773,929.00,,140633.63
29/01/26,ATW-XXXXXX1571-OTA90394-CHENNAI 847252468975,414660394226,"1,000.00",,139633.63
29/01/26,UPI-PhonePe Merchant-phonepe@ybl-106552946758-DR VIA UPI,790803438870,570.89,,139062.74
30/01/26,UPI-Zomato-zomato@axisbank-202708779778-DR VIA UPI,988068175156,"2,610.03",,136452.71
31/01/26,UPI-PhonePe Merchant-phonepe@ybl-701438177473-DR VIA UPI,067363871498,390.03,,136062.68
01/02/26,UPI-Uber India-uber@paytm-240710246429-DR VIA UPI,161997364628,"2,170.06",,133892.62
01/02/26,UPI-Gopal Bajaj-0755869620@ptsbi-974446442810-CR VIA UPI,630125044333,,750.42,134643.04
01/02/26,UPI-Babita Mehta-babitameht44@ptaxis-599715462857-DR VIA UPI,681898312918,"1,750.24",,132892.80
01/02/26,UPI-Dunzo-dunzo@razorpay-132298676253-DR VIA UPI,533429474617,"1,100.42",,131792.38
02/02/26,UPI-Flipkart-flipkart@ybl-557478405770-DR VIA UPI,861159595880,"5,700.14",,126092.24
02/02/26,POS INDIAN OIL CHENNAI,689583238831,"1,350.30",,124741.94
03/02/26,UPI-Jio Recharge-jio@paytm-293933118946-DR VIA UPI,945888482131,679.00,,124062.94
03/02/26,UPI-Vikram Verma-vikramverm29@okhdfcbank-862003912288-DR VIA UPI,187964686339,"13,550.30",,110512.64
03/02/26,UPI-Rapido-rapido@icici-560374766191-DR VIA UPI,634136457415,170.93,,110341.71
04/02/26,UPI-Arjun Khanna-arjun.khanna@kotak-668968463549-DR VIA UPI,761862695207,"4,750.62",,105591.09
05/02/26,UPI-Jio Recharge-jio@paytm-328130073169-DR VIA UPI,764455556871,"1,180.44",,104410.65
05/02/26,UPI-PhonePe Merchant-phonepe@ybl-117251011762-DR VIA UPI,827499237240,"1,580.07",,102830.58
05/02/26,UPI-Sapna Sen-sapnasen19@okhdfcbank-866876915747-DR VIA UPI,023495486409,"16,200.15",,86630.43
05/02/26,POS SHELL FUEL STATION CHENNAI,448843263333,"2,050.27",,84580.16
05/02/26,SALARY-S7144027412973/NEFT/Bajaj Auto Ltd,821323266295,,"136,717.34",221297.50
05/02/26,UPI-Jio Recharge-jio@paytm-970910724405-DR VIA UPI,610171403979,429.00,,220868.50
05/02/26,POS STAR BAZAAR CHENNAI,497341419033,"1,100.27",,219768.23
06/02/26,UPI-Amazon Pay-amazon@apl-431891902748-DR VIA UPI,118765862346,810.63,,218957.60
06/02/26,ECS-NACH-RNT6571806-RENT MANDATE,728261806850,"21,500.00",,197457.60
07/02/26,UPI-Ola Cabs-olamoney@ola-455311929334-DR VIA UPI,021741669003,800.05,,196657.55
07/02/26,ECS-NACH-LN157317953562-Manappuram Finance,102974093558,"16,500.00",,180157.55
07/02/26,UPI-HDFC Life Insurance-licindia@licindia-910307604224-DR VIA UPI,340495005771,"6,700.00",,173457.55
08/02/26,UPI-Vandana Tiwari-vandana.tiwari@axl-237463390170-DR VIA UPI,481352810254,"10,850.29",,162607.26
08/02/26,UPI-Radha Mukherjee-radha632@ptaxis-464328170010-DR VIA UPI,509206449407,"19,150.02",,143457.24
08/02/26,ATW-XXXXXX4215-TIA66477-CHENNAI 731923366565,886814864673,"6,500.00",,136957.24
08/02/26,UPI-Ola Cabs-olamoney@ola-367081021673-DR VIA UPI,716531111934,670.15,,136287.09
09/02/26,ATW-XXXXXX4424-WAF84998-CHENNAI 486363150166,755856438019,"2,500.00",,133787.09
09/02/26,UPI-Shivam Sharma-shivamshar93@ptyes-607129990642-CR VIA UPI,069754030101,,"1,850.77",135637.86
10/02/26,UPI-BigBasket-bigbasket@ybl-791067710590-DR VIA UPI,492196744021,"1,480.21",,134157.65
10/02/26,UPI-Uber India-uber@paytm-900534502534-DR VIA UPI,474328358885,"2,300.18",,131857.47
11/02/26,ATW-XXXXXX6660-XGT07332-CHENNAI 571491300111,275550724742,"8,000.00",,123857.47
11/02/26,UPI-Amazon Pay-amazon@apl-613106950409-DR VIA UPI,910112787715,"2,030.23",,121827.24
13/02/26,UPI-Uber India-uber@paytm-832014148015-DR VIA UPI,994290819137,610.76,,121216.48
14/02/26,UPI-Indane Gas-indanegas@upi-725957483491-DR VIA UPI,820326476628,"2,800.58",,118415.90
14/02/26,UPI-MedPlus Health-medplus@icici-299934239782-DR VIA UPI,661757173082,300.92,,118114.98
14/02/26,ATW-XXXXXX2369-UTM50578-CHENNAI 960807343170,581503282094,"7,000.00",,111114.98
15/02/26,UPI-Divya Sharma-divyashar92@pthdfc-596306152024-DR VIA UPI,231537985233,"4,850.33",,106264.65
15/02/26,UPI-BigBasket-bigbasket@ybl-869661776450-DR VIA UPI,004185219814,490.36,,105774.29
15/02/26,UPI-Sushma Yadav-sushma582@ptaxis-440054377750-DR VIA UPI,589969515380,"3,100.19",,102674.10
15/02/26,UPI-Saurabh Agarwal-saurabh.agarwal@ptsbi-917860058162-CR VIA UPI,435324250657,,"17,150.98",119825.08
15/02/26,NEFT*N5069741787084/Capgemini India/CR,670382277795,,"51,500.15",171325.23
15/02/26,UPI-Santosh Pandey-3545055483@ibl-391961889887-CR VIA UPI,369796447864,,"4,500.74",175825.97
17/02/26,POS HP PETROL PUMP CHENNAI,219786661386,"1,250.16",,174575.81
18/02/26,ECS-NACH-SIP0668016-Mirae Asset MF,136294061301,"11,500.00",,163075.81
19/02/26,UPI-Rapido-rapido@icici-769371393735-DR VIA UPI,944556412173,840.45,,162235.36
20/02/26,POS D MART CHENNAI,796329007443,400.23,,161835.13
21/02/26,UPI-Myntra-myntra@ybl-343090374274-DR VIA UPI,506722993126,"2,700.18",,159134.95
21/02/26,UPI-Zomato-zomato@axisbank-974512450289-DR VIA UPI,072607638224,240.13,,158894.82
21/02/26,UPI-PhonePe Merchant-phonepe@ybl-132572173530-DR VIA UPI,944381697455,"1,300.97",,157593.85
21/02/26,UPI-Swiggy-swiggy@icici-863681183402-DR VIA UPI,531721783276,"1,140.83",,156453.02
22/02/26,UPI-BESCOM-bescompayment@upi-336975361117-DR VIA UPI,679767783192,"4,200.55",,152252.47
22/02/26,UPI-Jio Recharge-jio@paytm-413181396052-DR VIA UPI,080838335609,339.00,,151913.47
23/02/26,IMPS-427982797128-Sarita Kulkarni-BDBL-XXXXXXX6089-IMPSTXN,417443566364,"11,300.44",,140613.03
24/02/26,UPI-Amazon Pay-amazon@apl-794456095958-DR VIA UPI,862601875164,680.07,,139932.96
25/02/26,UPI-Ola Cabs-olamoney@ola-837925366631-DR VIA UPI,741324522495,"1,850.97",,138081.99
25/02/26,UPI-Amit Kulkarni-amit.kulkarni@kotak-641084625489-CR VIA UPI,985192066725,,"1,250.40",139332.39
26/02/26,UPI-Ritu Patel-ritu.patel@aubank-495599672496-CR VIA UPI,956412196263,,"6,750.23",146082.62
26/02/26,UPI-Ola Cabs-olamoney@ola-907249617413-DR VIA UPI,723727299987,"2,710.86",,143371.76
26/02/26,UPI-Flipkart-flipkart@ybl-301535923408-DR VIA UPI,040401264628,210.53,,143161.23
26/02/26,UPI-Jio Recharge-jio@paytm-840096260740-DR VIA UPI,777635102364,759.00,,142402.23
28/02/26,UPI-Amit Mishra-amitmish77@okicici-706317550244-CR VIA UPI,208531397091,,"6,150.51",148552.74
01/03/26,UPI-Radha Saxena-radhasaxe57@ptyes-573113404438-DR VIA UPI,968161364665,"18,650.73",,129902.01
01/03/26,UPI-Uber India-uber@paytm-188026571241-DR VIA UPI,868036501249,"2,500.55",,127401.46
02/03/26,POS STAR BAZAAR CHENNAI,263992380791,"5,100.14",,122301.32
02/03/26,UPI-Maya Iyer-6858794505@okicici-004526482461-CR VIA UPI,223681148122,,"10,150.98",132452.30
02/03/26,UPI-Swiggy-swiggy@icici-525106163468-DR VIA UPI,411096147572,"1,580.67",,130871.63
02/03/26,UPI-Myntra-myntra@ybl-074553839837-DR VIA UPI,389565691758,"5,350.00",,125521.63
03/03/26,UPI-Myntra-myntra@ybl-521369348616-DR VIA UPI,169584531541,"2,200.69",,123320.94
03/03/26,MOBILE BANKING CHARGES,227901068518,400.00,,122920.94
03/03/26,GST ON CHARGES,306881231439,72.00,,122848.94
03/03/26,UPI-Krishna Rao-4297078336@axl-485777090107-CR VIA UPI,615072724596,,"2,150.54",124999.48
04/03/26,UPI-Naveen Khanna-naveenkhan75@paytm-440245157304-DR VIA UPI,723908294501,"12,550.07",,112449.41
04/03/26,UPI-Suresh Singh-sureshsing82@kotak-282055752928-CR VIA UPI,339410819528,,"16,600.64",129050.05
05/03/26,UPI-Jio Recharge-jio@paytm-415619486375-DR VIA UPI,636285397821,229.00,,128821.05
05/03/26,SALARY-S1984773585592/NEFT/Bajaj Auto Ltd,224772403339,,"137,540.34",266361.39
06/03/26,ECS-NACH-RNT1206693-RENT MANDATE,003623784870,"21,500.00",,244861.39
06/03/26,UPI-Varun Jain-varun.jain@ptyes-113164508546-DR VIA UPI,966767616080,"7,350.92",,237510.47
07/03/26,UPI-Tarun Kulkarni-tarun.kulkarni@ibl-287002181380-DR VIA UPI,876233755775,"6,550.81",,230959.66
07/03/26,UPI-HDFC Life Insurance-licindia@licindia-896503024945-DR VIA UPI,104033787155,"6,700.00",,224259.66
09/03/26,UPI-Ola Cabs-olamoney@ola-693991477498-DR VIA UPI,151711328078,"2,610.64",,221649.02
09/03/26,UPI-Jio Recharge-jio@paytm-204965779066-DR VIA UPI,219808270646,859.00,,220790.02
10/03/26,ATW-XXXXXX9265-REM86944-CHENNAI 605691968615,983303872347,"1,000.00",,219790.02
11/03/26,UPI-Blinkit-blinkit@kotak-601420474948-DR VIA UPI,430781752116,"2,380.88",,217409.14
11/03/26,UPI-Tarun Pandey-tarun.pandey@upi-585240132038-CR VIA UPI,296304708154,,500.76,217909.90
11/03/26,NEFT*N7327857716869/Hero MotoCorp Ltd/CR,794403539191,,"51,500.77",269410.67
12/03/26,UPI-Indane Gas-indanegas@upi-766889023669-DR VIA UPI,688268356965,"2,150.21",,267260.46
12/03/26,UPI-Preeti Saxena-preetisaxe88@kotak-119814637528-DR VIA UPI,341540591071,"13,400.26",,253860.20
12/03/26,UPI-Zomato-zomato@axisbank-368640634556-DR VIA UPI,173196387871,630.25,,253229.95
12/03/26,POS BIG BAZAAR CHENNAI,200362492292,"8,350.53",,244879.42
12/03/26,POS PANTALOONS CHENNAI,170007474397,"3,350.79",,241528.63
12/03/26,ECS-NACH-LN157317953562-Manappuram Finance,549214907669,"16,500.00",,225028.63
13/03/26,UPI-Jio Recharge-jio@paytm-161377851096-DR VIA UPI,564571574278,929.00,,224099.63
13/03/26,UPI-Deepak Sethi-deepakseth45@kotak-663937976368-DR VIA UPI,169957329107,"2,300.57",,221799.06
14/03/26,UPI-BESCOM-bescompayment@upi-344938227934-DR VIA UPI,521948495048,"3,150.59",,218648.47
14/03/26,UPI-Uber India-uber@paytm-427107016418-DR VIA UPI,829308917439,790.77,,217857.70
14/03/26,UPI-Harish Rao-4235507298@apl-312804265945-CR VIA UPI,225648378330,,"3,750.30",221608.00
15/03/26,UPI-Isha Singh-isha.singh@okaxis-923299410508-CR VIA UPI,422687935821,,"10,600.18",232208.18
17/03/26,UPI-Flipkart-flipkart@ybl-662455830049-DR VIA UPI,997816274100,"2,470.07",,229738.11
17/03/26,POS BRAND FACTORY CHENNAI,090269495060,"4,350.66",,225387.45
17/03/26,POS D MART CHENNAI,914442444689,"6,900.86",,218486.59
18/03/26,UPI-Deepa Nambiar-deepa280@ibl-238896008698-DR VIA UPI,044343419675,"13,150.79",,205335.80
18/03/26,UPI-Blinkit-blinkit@kotak-215514372838-DR VIA UPI,699007289329,"1,780.14",,203555.66
18/03/26,UPI-Mahesh Menon-mahesh753@ptaxis-443817060950-CR VIA UPI,600292093327,,"20,800.86",224356.52
19/03/26,ECS-NACH-SIP2922583-Mirae Asset MF,471757492266,"11,500.00",,212856.52
19/03/26,POS INDIAN OIL CHENNAI,067268131346,"3,850.80",,209005.72
20/03/26,IMPS-544478571093-Swati Mukherjee-UTIB-XXXXXXX2896-IMPSTXN,551263079375,"37,900.96",,171104.76
20/03/26,ATW-XXXXXX7055-VML04436-CHENNAI 828526836453,293917625840,"3,000.00",,168104.76
22/03/26,UPI-Ola Cabs-olamoney@ola-734956834179-DR VIA UPI,157647624159,170.90,,167933.86
22/03/26,UPI-Rapido-rapido@icici-668816698315-DR VIA UPI,976492698126,370.18,,167563.68
23/03/26,UPI-Myntra-myntra@ybl-663325835286-DR VIA UPI,604756177466,399.00,,167164.68
24/03/26,UPI-Krishna Iyer-krishna742@paytm-590064176349-DR VIA UPI,391986759128,"8,850.64",,158314.04
24/03/26,UPI-Jio Recharge-jio@paytm-025317275091-DR VIA UPI,418065077140,369.00,,157945.04
25/03/26,UPI-Sumit Saxena-sumit865@aubank-787526391732-DR VIA UPI,646924828736,"17,700.17",,140244.87
25/03/26,UPI-Kamal Rao-1963062609@axl-363205139042-DR VIA UPI,210761163845,"13,700.60",,126544.27
25/03/26,INTEREST CREDIT,905560833166,,950.21,127494.48
26/03/26,UPI-Sunita Joshi-sunitajosh25@paytm-055000055485-DR VIA UPI,172955811234,"12,050.60",,115443.88
27/03/26,UPI-Rajesh Ahuja-rajesh274@pthdfc-204629356022-DR VIA UPI,718537296175,250.37,,115193.51
27/03/26,UPI-Rajesh Shah-1460817089@oksbi-065014121478-DR VIA UPI,249588455403,"17,400.45",,97793.06
28/03/26,UPI-Meesho-meesho@ybl-230756403200-DR VIA UPI,718891858899,"3,200.54",,94592.52
28/03/26,UPI-Uber India-uber@paytm-717884088870-DR VIA UPI,897799282233,650.05,,93942.47
29/03/26,POS MORE SUPER MARKET CHENNAI,482030091444,"6,450.91",,87491.56
29/03/26,POS PANTALOONS CHENNAI,795234753041,"1,300.34",,86191.22
30/03/26,ATW-XXXXXX1126-MVV99751-CHENNAI 280603458840,549720971465,"5,500.00",,80691.22
30/03/26,POS SHELL FUEL STATION CHENNAI,243295719920,"4,150.27",,76540.95
30/03/26,MOBILE BANKING CHARGES,580340267562,440.00,,76100.95
30/03/26,GST ON CHARGES,980920060631,79.20,,76021.75
30/03/26,POS LIFESTYLE STORES CHENNAI,399984406511,600.15,,75421.60
31/03/26,UPI-Nikhil Reddy-nikhilredd39@apl-643468196804-DR VIA UPI,937956951637,"19,750.43",,55671.17
31/03/26,POS RELIANCE MART CHENNAI,816415453182,300.25,,55370.92
31/03/26,UPI-Ola Cabs-olamoney@ola-075383289563-DR VIA UPI,156210768768,"1,800.56",,53570.36
31/03/26,UPI-Zomato-zomato@axisbank-692127627658-DR VIA UPI,994051295675,300.28,,53270.08
01/04/26,POS MORE SUPER MARKET CHENNAI,176044492544,"4,450.70",,48819.38
01/04/26,UPI-Maya Rao-4152704393@aubank-383792722623-CR VIA UPI,834131858336,,"14,250.85",63070.23
01/04/26,UPI-Rajesh Das-rajesh.das@oksbi-968583099046-DR VIA UPI,337744937728,"4,200.06",,58870.17
02/04/26,UPI-Jio Recharge-jio@paytm-337110429479-DR VIA UPI,410986243486,689.00,,58181.17
02/04/26,UPI-Uber India-uber@paytm-004363837480-DR VIA UPI,603856473511,230.17,,57951.00
03/04/26,UPI-Seema Mukherjee-1723962182@upi-813042452533-DR VIA UPI,362106226350,"12,900.18",,45050.82
03/04/26,POS RELIANCE MART CHENNAI,204201043650,"2,350.05",,42700.77
03/04/26,UPI-Swati Nambiar-swati.nambiar@oksbi-563406753692-CR VIA UPI,329855207093,,"14,350.49",57051.26
04/04/26,UPI-IRCTC-irctc@upi-896092596250-DR VIA UPI,457691116194,249.00,,56802.26
05/04/26,SALARY-S4767430559717/NEFT/Bajaj Auto Ltd,460687874975,,"138,966.34",195768.60
05/04/26,UPI-Ola Cabs-olamoney@ola-901742084860-DR VIA UPI,759888366676,690.48,,195078.12
05/04/26,UPI-Jio Recharge-jio@paytm-061280431079-DR VIA UPI,284518138052,469.00,,194609.12
05/04/26,UPI-Sachin Saxena-sachin340@upi-139276006748-CR VIA UPI,511530303784,,"9,350.14",203959.26
06/04/26,UPI-Varsha Gupta-varshagupt75@okicici-104498890146-DR VIA UPI,886110865672,"8,000.58",,195958.68
06/04/26,UPI-Paytm Mall-paytm@paytm-579445012604-DR VIA UPI,306968579949,"2,300.33",,193658.35
06/04/26,UPI-Krishna Pandey-2767936868@okhdfcbank-851616189045-CR VIA UPI,602935250631,,"8,550.64",202208.99
08/04/26,UPI-Vikas Jain-vikas809@okicici-658798915127-DR VIA UPI,365901142233,"13,450.24",,188758.75
08/04/26,ATW-XXXXXX9209-CYS03429-CHENNAI 145171381985,199213168700,"5,500.00",,183258.75
08/04/26,UPI-Jio Recharge-jio@paytm-469318664319-DR VIA UPI,486682671348,"2,150.01",,181108.74
08/04/26,UPI-Uber India-uber@paytm-016143783991-DR VIA UPI,228127790414,730.11,,180378.63
08/04/26,UPI-BSNL Broadband-bsnlbroadband@upi-444322355005-DR VIA UPI,304017516481,"1,670.31",,178708.32
09/04/26,NEFT*N3081782236882/Infosys BPO Pvt Ltd/CR,132885982745,,"11,000.02",189708.34
09/04/26,POS RELIANCE PETROLEUM CHENNAI,675482996561,"1,400.38",,188307.96
09/04/26,ECS-NACH-RNT8767623-RENT MANDATE,439520024922,"21,500.00",,166807.96
09/04/26,UPI-BESCOM-bescompayment@upi-463005284905-DR VIA UPI,941932396505,"2,300.33",,164507.63
09/04/26,UPI-Flipkart-flipkart@ybl-754937897673-DR VIA UPI,859053863696,930.45,,163577.18
10/04/26,ECS-NACH-LN157317953562-Manappuram Finance,221193779543,"16,500.00",,147077.18
10/04/26,UPI-Ola Cabs-olamoney@ola-286921002356-DR VIA UPI,898809922918,"1,320.83",,145756.35
10/04/26,UPI-PhonePe Merchant-phonepe@ybl-138424837899-DR VIA UPI,488523521025,"1,100.27",,144656.08
10/04/26,UPI-Kavita Agarwal-0968080432@ybl-222669102726-CR VIA UPI,804877273066,,"17,500.28",162156.36
12/04/26,UPI-Rajan Bose-rajanbose61@kotak-144231771340-DR VIA UPI,266559858196,"13,500.15",,148656.21
12/04/26,UPI-Zomato-zomato@axisbank-707816757827-DR VIA UPI,360177149283,"1,470.01",,147186.20
12/04/26,UPI-Kamal Jain-kamaljain25@axl-331688263839-DR VIA UPI,822229256509,"2,900.23",,144285.97
12/04/26,UPI-HDFC Life Insurance-licindia@licindia-852369535456-DR VIA UPI,946283740162,"6,700.00",,137585.97
13/04/26,POS SHOPPERS STOP CHENNAI,292106528965,"5,150.46",,132435.51
14/04/26,ECS-NACH-SIP2304045-Mirae Asset MF,007385886561,"11,500.00",,120935.51
14/04/26,UPI-Flipkart-flipkart@ybl-258199946011-DR VIA UPI,548067616743,650.03,,120285.48
15/04/26,UPI-Indane Gas-indanegas@upi-294873727072-DR VIA UPI,556904173173,"2,450.90",,117834.58
15/04/26,UPI-Ola Cabs-olamoney@ola-124957454526-DR VIA UPI,133941102020,"1,170.21",,116664.37
16/04/26,UPI-Kavya Kumar-kavya.kumar@oksbi-039236832343-CR VIA UPI,260864378229,,"8,000.52",124664.89
16/04/26,UPI-Paytm Mall-paytm@paytm-881678705084-DR VIA UPI,868606913772,950.15,,123714.74
16/04/26,POS HP PETROL PUMP CHENNAI,875688211552,"2,050.02",,121664.72
17/04/26,UPI-Nikhil Naik-nikhilnaik40@oksbi-673928149844-CR VIA UPI,043357221194,,"20,800.29",142465.01
19/04/26,UPI-Amazon Pay-amazon@apl-275919248896-DR VIA UPI,310237387337,"3,200.49",,139264.52
19/04/26,UPI-Rapido-rapido@icici-556143584742-DR VIA UPI,755009006597,320.43,,138944.09
20/04/26,UPI-Zepto-zepto@apl-159635188984-DR VIA UPI,667820220792,980.47,,137963.62
20/04/26,UPI-Jio Recharge-jio@paytm-173448430207-DR VIA UPI,452740496440,"2,100.59",,135863.03
21/04/26,UPI-Uber India-uber@paytm-759607968022-DR VIA UPI,127698473895,950.72,,134912.31
22/04/26,UPI-Zepto-zepto@apl-724964305934-DR VIA UPI,513485657060,850.03,,134062.28
22/04/26,UPI-Swiggy-swiggy@icici-047958792971-DR VIA UPI,276618779725,710.76,,133351.52
22/04/26,UPI-Rapido-rapido@icici-717034414863-DR VIA UPI,775694370776,200.53,,133150.99
22/04/26,UPI-Sunil Agarwal-4266893168@ibl-820373543846-CR VIA UPI,919514761254,,"7,150.92",140301.91
23/04/26,UPI-Dinesh Thapar-7135524409@ptsbi-056270116938-CR VIA UPI,302984076769,,"6,200.02",146501.93
24/04/26,UPI-ACT Fibernet-broadband@paytm-770800616527-DR VIA UPI,403300149769,"1,249.00",,145252.93
24/04/26,UPI-Zomato-zomato@axisbank-562311595836-DR VIA UPI,039469465569,980.30,,144272.63
24/04/26,UPI-Sachin Pandey-sachin681@okhdfcbank-197053109144-CR VIA UPI,610884321169,,"20,100.25",164372.88
25/04/26,ATW-XXXXXX0284-SAV55691-CHENNAI 608890010887,315516088125,"10,000.00",,154372.88
26/04/26,POS METRO CASH CARRY CHENNAI,685609867330,"8,100.08",,146272.80
26/04/26,UPI-Meesho-meesho@ybl-386926055222-DR VIA UPI,101378969163,"2,950.82",,143321.98
27/04/26,IMPS-562331749377-Lalit Chaudhary-FDRL-XXXXXXX6503-IMPSTXN,880755940209,"35,200.60",,108121.38
27/04/26,UPI-Flipkart-flipkart@ybl-493418107028-DR VIA UPI,276331469789,"1,090.84",,107030.54
27/04/26,UPI-Meena Kulkarni-meena.kulkarni@apl-725095091231-CR VIA UPI,435598354208,,"1,900.59",108931.13
27/04/26,UPI-1mg-tatahealth@icici-522474166153-DR VIA UPI,373768567023,"1,130.91",,107800.22
29/04/26,GST ON CHARGES,787509984165,16.20,,107784.02
29/04/26,MOBILE BANKING CHARGES,632863289464,90.00,,107694.02
29/04/26,UPI-Rapido-rapido@icici-380687623104-DR VIA UPI,209410875838,490.87,,107203.15
29/04/26,UPI-Jio Recharge-jio@paytm-135793653016-DR VIA UPI,901619375704,239.00,,106964.15
01/05/26,UPI-Tarun Kapoor-tarun534@axl-563066048724-DR VIA UPI,700400815872,"3,000.21",,103963.94
01/05/26,UPI-Myntra-myntra@ybl-964842071879-DR VIA UPI,104436787820,"1,150.72",,102813.22
02/05/26,UPI-Rohit Patil-6593233722@ibl-332849022456-DR VIA UPI,884733014822,"5,500.71",,97312.51
04/05/26,SALARY-S4925764824443/NEFT/Bajaj Auto Ltd,280021847006,,"136,703.34",234015.85
04/05/26,UPI-Jio Recharge-jio@paytm-383071296352-DR VIA UPI,630749253560,939.00,,233076.85
04/05/26,UPI-Archana Menon-archana.menon@paytm-257505901103-DR VIA UPI,725201225442,"5,150.51",,227926.34
05/05/26,ECS-NACH-RNT5418675-RENT MANDATE,844242982984,"21,500.00",,206426.34
05/05/26,UPI-Mohit Sharma-mohit.sharma@ptaxis-912952665568-DR VIA UPI,060316076851,"10,500.51",,195925.83
05/05/26,UPI-Arjun Jain-arjunjain11@ybl-143765319035-DR VIA UPI,985320153963,"13,900.61",,182025.22
06/05/26,UPI-Flipkart-flipkart@ybl-526464897673-DR VIA UPI,763429906721,"1,640.90",,180384.32
06/05/26,UPI-Poonam Naik-poonam.naik@okaxis-660784649971-CR VIA UPI,826496878633,,"2,800.43",183184.75
06/05/26,UPI-Prashant Sethi-prashant.sethi@ibl-442251978193-CR VIA UPI,244343394066,,550.74,183735.49
07/05/26,ECS-NACH-LN157317953562-Manappuram Finance,605503160593,"16,500.00",,167235.49
07/05/26,UPI-Rapido-rapido@icici-898692914234-DR VIA UPI,966744396483,790.33,,166445.16
07/05/26,UPI-Vikram Joshi-vikramjosh43@paytm-867794409366-CR VIA UPI,688498807453,,"16,150.17",182595.33
07/05/26,UPI-Poonam Pillai-poonampill63@ibl-920322525165-DR VIA UPI,749274559620,"9,550.27",,173045.06
07/05/26,UPI-Santosh Patil-santosh749@apl-852516678034-CR VIA UPI,856054730398,,"16,800.50",189845.56
08/05/26,UPI-HDFC Life Insurance-licindia@licindia-769120773512-DR VIA UPI,420116223686,"6,700.00",,183145.56
09/05/26,POS BIG BAZAAR CHENNAI,077036367223,"6,250.65",,176894.91
09/05/26,UPI-BSNL Broadband-bsnlbroadband@upi-919435440448-DR VIA UPI,077877313996,"2,160.74",,174734.17
