Bank Name,UCO BANK
Account Number,0144130624165626
Account Holder Name,MEENA NAIK
Branch,NAVRANGPURA
IFSC Code,UCBA0153884
Statement Period,01-12-2024 To 09-05-2026

Date,Description,Ref/ChequeNo,Debit,Credit,Balance
01-12-2024,UPI/DR/350444348316/PhonePe/ICICI/phonepe@ybl/UPI,413803020119,"2,450.42",,337389.23
02-12-2024,UPI/DR/691594347336/Rani/UTIB/rani691@okicici/UPI,561845783420,"3,300.24",,334088.99
03-12-2024,UPI/DR/584731554017/Vi/PAYTM/vi@airtelaxis/UPI,033980929688,329.00,,333759.99
05-12-2024,ATM CASH WITHDRAWAL/00120/LUCKNOW,214463495474,"3,000.00",,330759.99
05-12-2024,UPI/CR/988317135000/Abhishek/BDBL/abhishek.naik@paytm/UPI,121610833624,,"7,550.81",338310.80
06-12-2024,POS LIFESTYLE STORES LUCKNOW,772713146299,"1,600.95",,336709.85
06-12-2024,UPI/DR/858628438549/Practo/ICICI/practo@paytm/UPI,362743631857,149.00,,336560.85
07-12-2024,SALARY CREDIT/S8343213540986/Madura Garments Pvt Ltd,280283867752,,"121,901.82",458462.67
08-12-2024,UPI/DR/104904157353/Blinkit/ICICI/blinkit@kotak/UPI,500641395289,"2,750.40",,455712.27
09-12-2024,POS SHOPPERS STOP LUCKNOW,021515004843,"1,150.48",,454561.79
09-12-2024,UPI/DR/231756203604/SBI/LICI/licindia@licindia/UPI,229243045248,"2,400.00",,452161.79
09-12-2024,POS SHELL FUEL STATION LUCKNOW,879461777611,"1,600.41",,450561.38
10-12-2024,UPI/DR/728101823724/Deepa/KKBK/deepa.sen@okhdfcbank/UPI,927118729131,"12,800.48",,437760.90
10-12-2024,NACH/MANDATE/LN720193497411/Axis Bank Auto Loan,267353017152,"9,000.00",,428760.90
10-12-2024,UPI/DR/824131649795/Zepto/ICICI/zepto@apl/UPI,329006052141,"1,430.29",,427330.61
10-12-2024,POS V MART LUCKNOW,855333352676,"7,500.85",,419829.76
11-12-2024,UPI/DR/592521235686/Babita/BKID/babita.iyer@ybl/UPI,927610453101,"11,950.06",,407879.70
11-12-2024,NACH/MANDATE/RNT0447821/RENT MANDATE,477059198959,"25,500.00",,382379.70
12-12-2024,UPI/CR/147108440014/Sunita/HDFC/sunita.ahuja@ptyes/UPI,074465871300,,"12,000.37",394380.07
13-12-2024,UPI/DR/576436690406/Blinkit/ICICI/blinkit@kotak/UPI,154834692851,"1,340.74",,393039.33
13-12-2024,POS RELIANCE MART LUCKNOW,926634581321,"8,500.40",,384538.93
13-12-2024,ATM CASH WITHDRAWAL/11851/LUCKNOW,744856481747,"9,000.00",,375538.93
14-12-2024,ATM CASH WITHDRAWAL/76436/LUCKNOW,102248675138,"8,500.00",,367038.93
14-12-2024,UPI/DR/716057213734/Jio/ICICI/jio@paytm/UPI,760027488939,"1,970.00",,365068.93
14-12-2024,UPI/DR/310240306743/ACT/RAZORPAY/broadband@paytm/UPI,129570308656,899.00,,364169.93
15-12-2024,ATM CASH WITHDRAWAL/58819/LUCKNOW,566787526242,"5,500.00",,358669.93
15-12-2024,UPI/DR/772304499063/CESC/UPIN/cescpayment@upi/UPI,827893210182,"3,300.69",,355369.24
16-12-2024,UPI/DR/633940693838/Indane/ICICI/indanegas@upi/UPI,045864055478,"1,350.20",,354019.04
16-12-2024,UPI/DR/514855033094/Girish/BDBL/girish.saxena@okaxis/UPI,677267927529,"11,500.90",,342518.14
16-12-2024,UPI/DR/441861660820/Flipkart/ICICI/flipkart@ybl/UPI,037979844048,510.39,,342007.75
17-12-2024,UPI/DR/910305543311/Vi/PAYTM/vi@airtelaxis/UPI,167142491753,869.00,,341138.75
17-12-2024,UPI/DR/950287437088/Ola/PAYTM/olamoney@ola/UPI,629765962467,420.20,,340718.55
18-12-2024,UPI/CR/956975272413/Neha/BARB/nehabaja49@ptyes/UPI,411397311310,,"16,800.43",357518.98
18-12-2024,UPI/DR/093729224225/BSNL/ICICI/bsnlbroadband@upi/UPI,107755450656,130.55,,357388.43
18-12-2024,POS BRAND FACTORY LUCKNOW,443778287351,"7,600.82",,349787.61
18-12-2024,UPI/DR/009087507214/Flipkart/ICICI/flipkart@ybl/UPI,378416553238,620.99,,349166.62
19-12-2024,UPI/DR/409001685380/Ola/ICICI/olamoney@ola/UPI,033821741591,"1,980.81",,347185.81
19-12-2024,UPI/DR/170851372805/Santosh/PUNB/santoshsriv95@upi/UPI,752862280703,"11,900.55",,335285.26
19-12-2024,UPI/DR/296272293897/Kamal/FDRL/kamal.agarwal@ptsbi/UPI,141082902505,"7,200.17",,328085.09
19-12-2024,POS BHARAT PETROLEUM LUCKNOW,904187317093,"3,450.94",,324634.15
19-12-2024,ATM CASH WITHDRAWAL/70524/LUCKNOW,601890841000,"8,000.00",,316634.15
20-12-2024,ATM CASH WITHDRAWAL/78064/LUCKNOW,729049756199,"9,500.00",,307134.15
21-12-2024,UPI/DR/451928901337/Shreya/BDBL/shreya294@apl/UPI,950609130839,"8,900.48",,298233.67
22-12-2024,POS SHELL FUEL STATION LUCKNOW,428196806775,"1,950.85",,296282.82
22-12-2024,UPI/DR/691146112038/Vi/PAYTM/vi@airtelaxis/UPI,171235901694,309.00,,295973.82
22-12-2024,UPI/DR/091500568063/Rapido/PAYTM/rapido@icici/UPI,309235192449,320.16,,295653.66
23-12-2024,NEFT/N9989748963612/Sun Pharmaceutical I,119753929819,,"40,500.10",336153.76
23-12-2024,UPI/DR/167165627557/Paytm/ICICI/paytm@paytm/UPI,833105417713,"1,990.00",,334163.76
24-12-2024,UPI/DR/343040213878/Ola/PAYTM/olamoney@ola/UPI,852768611039,860.99,,333302.77
24-12-2024,POS D MART LUCKNOW,496386959491,"6,600.22",,326702.55
25-12-2024,POS INDIAN OIL LUCKNOW,961038255210,"2,300.86",,324401.69
27-12-2024,UPI/DR/399175208404/Anjali/BKID/anjali.gupta@ybl/UPI,517655706321,"15,850.65",,308551.04
27-12-2024,UPI/DR/250789675015/Amazon/PAYTM/amazon@apl/UPI,070102841195,"4,900.55",,303650.49
27-12-2024,UPI/DR/778577382278/Uber/ICICI/uber@paytm/UPI,938952384356,630.35,,303020.14
27-12-2024,UPI/DR/274889272445/Rapido/PAYTM/rapido@icici/UPI,051468281189,380.63,,302639.51
28-12-2024,MAINTENANCE CHARGES,110111800464,430.00,,302209.51
28-12-2024,INTEREST CREDIT,495205211568,,"1,060.99",303270.50
28-12-2024,GST ON CHARGES,800184120728,77.40,,303193.10
28-12-2024,POS BIG BAZAAR LUCKNOW,083899211031,500.48,,302692.62
29-12-2024,UPI/DR/244806478457/MakeMyTrip/ICICI/makemytrip@axisbank/UPI,642000312792,849.00,,301843.62
29-12-2024,UPI/CR/883987946141/Vijay/BDBL/8648975324@okhdfcbank/UPI,389868875166,,"12,300.37",314143.99
29-12-2024,POS CENTRAL MALL LUCKNOW,984437325277,"5,400.51",,308743.48
30-12-2024,UPI/DR/971994679598/Rekha/BKID/7459225658@ptsbi/UPI,683230870647,"17,250.53",,291492.95
31-12-2024,UPI/DR/864743350405/Jio/ICICI/jio@paytm/UPI,596164549688,"1,610.64",,289882.31
01-01-2025,POS RELIANCE MART LUCKNOW,177440836907,"7,200.30",,282682.01
02-01-2025,UPI/CR/071177526595/Rekha/FDRL/rekha.naik@pthdfc/UPI,439168888869,,"18,350.40",301032.41
02-01-2025,UPI/CR/222579670619/Gaurav/KKBK/gaurav.malhotra@apl/UPI,706361929407,,"2,500.25",303532.66
02-01-2025,UPI/DR/921238586260/Ola/PAYTM/olamoney@ola/UPI,689510622051,290.38,,303242.28
02-01-2025,UPI/DR/971050727503/Mukesh/FDRL/mukesh.chopra@apl/UPI,137359487615,"18,600.08",,284642.20
03-01-2025,UPI/DR/863844717939/Shweta/KKBK/shweta408@axl/UPI,808147592093,"6,300.24",,278341.96
03-01-2025,ATM CASH WITHDRAWAL/49246/LUCKNOW,617789594591,"7,500.00",,270841.96
04-01-2025,UPI/DR/736185049668/BSNL/ICICI/bsnlbroadband@upi/UPI,612368220270,"1,660.04",,269181.92
05-01-2025,IMPS-377272304505-Kiran Roy,920846184618,"44,600.82",,224581.10
06-01-2025,UPI/CR/811265734259/Asha/SBIN/asha.joshi@ptsbi/UPI,397355838307,,"10,650.44",235231.54
07-01-2025,SALARY CREDIT/S4343730186957/Madura Garments Pvt Ltd,234115091413,,"119,987.82",355219.36
08-01-2025,POS SHOPPERS STOP LUCKNOW,646913846413,"3,650.65",,351568.71
08-01-2025,UPI/DR/506097960376/Amazon/ICICI/amazon@apl/UPI,566251163007,"2,180.52",,349388.19
08-01-2025,UPI/DR/856410906882/Vi/PAYTM/vi@airtelaxis/UPI,596943393913,409.00,,348979.19
08-01-2025,ATM CASH WITHDRAWAL/51209/LUCKNOW,965753092627,"9,000.00",,339979.19
08-01-2025,UPI/CR/846700058569/Deepa/PUNB/deepa.desai@okaxis/UPI,624934268349,,"6,150.06",346129.25
08-01-2025,UPI/DR/395386014637/Apollo/ICICI/apollopharmacy@ybl/UPI,775411299399,949.00,,345180.25
09-01-2025,UPI/DR/036717895061/Ramesh/BKID/ramesh.kulkarni@axl/UPI,673329227710,"1,200.15",,343980.10
10-01-2025,NACH/MANDATE/RNT0953807/RENT MANDATE,602739523144,"25,500.00",,318480.10
11-01-2025,UPI/DR/745034893951/Ola/PAYTM/olamoney@ola/UPI,412479230208,300.11,,318179.99
11-01-2025,UPI/DR/664891149708/Uber/PAYTM/uber@paytm/UPI,034669313069,840.05,,317339.94
11-01-2025,UPI/DR/107502921995/Kavya/PUNB/3196689944@oksbi/UPI,158184325948,"14,850.92",,302489.02
11-01-2025,UPI/DR/092586421144/Sumit/KKBK/sumit301@aubank/UPI,879343831800,"18,750.85",,283738.17
12-01-2025,UPI/DR/439303137349/BigBasket/ICICI/bigbasket@ybl/UPI,146979880073,420.43,,283317.74
12-01-2025,UPI/DR/015291949283/Paytm/ICICI/paytm@paytm/UPI,140891945883,"1,500.00",,281817.74
13-01-2025,UPI/DR/420058118062/Myntra/PAYTM/myntra@ybl/UPI,311294050313,"1,800.72",,280017.02
13-01-2025,UPI/DR/397567334246/Rapido/PAYTM/rapido@icici/UPI,072784088339,650.91,,279366.11
13-01-2025,UPI/DR/597797477499/Jio/ICICI/jio@paytm/UPI,995983071519,"2,190.29",,277175.82
14-01-2025,NACH/MANDATE/LN720193497411/Axis Bank Auto Loan,156270737496,"9,000.00",,268175.82
14-01-2025,UPI/DR/973730282366/Vi/PAYTM/vi@airtelaxis/UPI,318739768481,659.00,,267516.82
15-01-2025,UPI/DR/484634414796/PhonePe/ICICI/phonepe@ybl/UPI,113762113045,"2,080.98",,265435.84
16-01-2025,UPI/DR/344512796630/Netmeds/ICICI/netmeds@paytm/UPI,292870439466,"2,660.13",,262775.71
16-01-2025,UPI/CR/236581860821/Ashish/HDFC/ashishrao94@pthdfc/UPI,855077501564,,"13,550.29",276326.00
17-01-2025,UPI/DR/707989327789/CESC/UPIN/cescpayment@upi/UPI,010661028350,"3,100.45",,273225.55
17-01-2025,UPI/DR/160504684989/Zepto/ICICI/zepto@apl/UPI,926147965730,"1,060.96",,272164.59
18-01-2025,UPI/CR/124783962823/Babita/FDRL/babitanaik70@ptaxis/UPI,543687281323,,"1,750.91",273915.50
20-01-2025,ATM CASH WITHDRAWAL/22451/LUCKNOW,784796770383,"2,500.00",,271415.50
20-01-2025,UPI/DR/819371030240/Rahul/BKID/rahul.shah@upi/UPI,442480946261,"8,300.57",,263114.93
20-01-2025,UPI/DR/828398570725/Indane/ICICI/indanegas@upi/UPI,101501667824,"1,500.09",,261614.84
21-01-2025,UPI/DR/718969225888/Amazon/PAYTM/amazon@apl/UPI,807224982149,"2,750.38",,258864.46
21-01-2025,UPI/DR/198825646856/Suresh/UCBA/suresh.dubey@axl/UPI,354115530689,"19,750.85",,239113.61
22-01-2025,UPI/DR/786456047366/Flipkart/ICICI/flipkart@ybl/UPI,574993996415,720.08,,238393.53
22-01-2025,UPI/CR/380864085558/Sushma/BDBL/sushma958@ptaxis/UPI,283299644873,,"7,000.76",245394.29
22-01-2025,UPI/DR/296810955050/Flipkart/ICICI/flipkart@ybl/UPI,927348159149,"2,640.26",,242754.03
22-01-2025,ATM CASH WITHDRAWAL/56439/LUCKNOW,468320297433,"7,000.00",,235754.03
22-01-2025,ATM CASH WITHDRAWAL/34697/LUCKNOW,042445277176,"10,000.00",,225754.03
23-01-2025,UPI/CR/786096574308/Ramesh/BDBL/rameshrao57@apl/UPI,707277177869,,"19,500.72",245254.75
23-01-2025,ATM CASH WITHDRAWAL/60692/LUCKNOW,547292040881,"3,500.00",,241754.75
23-01-2025,UPI/DR/630968536923/Zepto/ICICI/zepto@apl/UPI,217907021602,"2,120.47",,239634.28
24-01-2025,UPI/DR/344925588218/Swiggy/ICICI/swiggy@icici/UPI,228480839258,560.86,,239073.42
24-01-2025,UPI/DR/391638922741/Sapna/UTIB/sapna.dubey@pthdfc/UPI,740814800774,"21,450.89",,217622.53
24-01-2025,POS BHARAT PETROLEUM LUCKNOW,699327799470,"3,850.02",,213772.51
24-01-2025,UPI/DR/582355593866/Rakesh/SBIN/rakesh.dubey@kotak/UPI,084303229248,"2,100.15",,211672.36
25-01-2025,UPI/DR/208102852082/Zomato/ICICI/zomato@axisbank/UPI,453816868663,"1,300.64",,210371.72
25-01-2025,UPI/DR/874348882991/Kiran/BKID/kiran380@ibl/UPI,382984057035,300.61,,210071.11
26-01-2025,UPI/CR/583850303599/Usha/PUNB/usha184@oksbi/UPI,528656974361,,"14,900.36",224971.47
27-01-2025,POS MAX FASHION LUCKNOW,596429401719,"2,150.22",,222821.25
27-01-2025,POS SHELL FUEL STATION LUCKNOW,200264121899,"3,000.30",,219820.95
29-01-2025,UPI/DR/410262908329/ACT/RAZORPAY/broadband@paytm/UPI,530921060186,"1,049.00",,218771.95
29-01-2025,UPI/CR/205016891319/Rahul/BKID/rahul.kulkarni@kotak/UPI,336916942790,,"9,450.95",228222.90
30-01-2025,UPI/DR/783195245211/Blinkit/ICICI/blinkit@kotak/UPI,574829226433,"2,790.62",,225432.28
30-01-2025,POS MORE SUPER MARKET LUCKNOW,864732507745,"1,100.15",,224332.13
31-01-2025,UPI/CR/439994474311/Kunal/UTIB/kunal.mukherjee@pthdfc/UPI,236064880210,,"13,100.44",237432.57
31-01-2025,UPI/DR/883903834928/Dunzo/ICICI/dunzo@razorpay/UPI,180851755681,550.82,,236881.75
01-02-2025,UPI/DR/641592205715/Amazon/PAYTM/amazon@apl/UPI,944808693679,"4,150.04",,232731.71
02-02-2025,IMPS-399651407158-Mukesh Kulkarni,446477126340,700.20,,232031.51
03-02-2025,ATM CASH WITHDRAWAL/99698/LUCKNOW,718096531046,"8,500.00",,223531.51
04-02-2025,UPI/DR/660383559846/Mahesh/BARB/maheshpill63@okhdfcbank/UPI,066887159291,"11,850.56",,211680.95
04-02-2025,ATM CASH WITHDRAWAL/25613/LUCKNOW,160757589851,"7,500.00",,204180.95
04-02-2025,UPI/DR/584345114040/Vi/PAYTM/vi@airtelaxis/UPI,749418165203,679.00,,203501.95
05-02-2025,UPI/DR/748047173193/Uber/PAYTM/uber@paytm/UPI,718513102773,300.58,,203201.37
05-02-2025,UPI/DR/732941813797/BigBasket/ICICI/bigbasket@ybl/UPI,113040387621,"1,780.59",,201420.78
06-02-2025,POS BRAND FACTORY LUCKNOW,061578738269,"7,400.47",,194020.31
06-02-2025,SALARY CREDIT/S5808674409455/Madura Garments Pvt Ltd,547651126196,,"121,295.82",315316.13
06-02-2025,UPI/DR/911670477383/Uber/ICICI/uber@paytm/UPI,044915749787,860.30,,314455.83
07-02-2025,UPI/DR/396201630596/Paytm/ICICI/paytm@paytm/UPI,532024917474,"1,760.54",,312695.29
07-02-2025,UPI/DR/007313868026/Paytm/ICICI/paytm@paytm/UPI,093277295703,"2,160.65",,310534.64
07-02-2025,UPI/DR/790759990370/Mahesh/PUNB/maheshahuj12@paytm/UPI,962468276809,"13,100.13",,297434.51
09-02-2025,UPI/DR/890808622563/Uber/PAYTM/uber@paytm/UPI,631343510539,380.98,,297053.53
10-02-2025,POS METRO CASH CARRY LUCKNOW,287317182088,550.00,,296503.53
11-02-2025,NACH/MANDATE/RNT5946546/RENT MANDATE,597916293610,"25,500.00",,271003.53
11-02-2025,UPI/DR/155367963393/ACT/RAZORPAY/broadband@paytm/UPI,569121523956,"1,149.00",,269854.53
11-02-2025,UPI/DR/139116704330/BigBasket/ICICI/bigbasket@ybl/UPI,322088468900,"2,370.26",,267484.27
12-02-2025,POS BHARAT PETROLEUM LUCKNOW,282187751773,"2,500.58",,264983.69
12-02-2025,UPI/DR/966453759775/CESC/UPIN/cescpayment@upi/UPI,905893641071,"4,050.23",,260933.46
12-02-2025,NACH/MANDATE/LN720193497411/Axis Bank Auto Loan,795444973237,"9,000.00",,251933.46
13-02-2025,UPI/DR/350657565929/Ola/PAYTM/olamoney@ola/UPI,697466928960,790.89,,251142.57
14-02-2025,UPI/DR/602997861770/Vi/PAYTM/vi@airtelaxis/UPI,434500009655,869.00,,250273.57
17-02-2025,UPI/DR/085011850861/Amazon/ICICI/amazon@apl/UPI,783227831582,"1,270.44",,249003.13
17-02-2025,UPI/DR/671677697371/Myntra/PAYTM/myntra@ybl/UPI,653992190068,"3,250.21",,245752.92
17-02-2025,UPI/DR/871283835485/BSNL/ICICI/bsnlbroadband@upi/UPI,889294991859,"2,490.05",,243262.87
17-02-2025,UPI/DR/226869524197/Ashish/HDFC/ashish.nambiar@kotak/UPI,206056036476,"21,700.74",,221562.13
17-02-2025,UPI/DR/383619793360/Zepto/ICICI/zepto@apl/UPI,230880470453,"1,620.39",,219941.74
17-02-2025,UPI/DR/285531790030/Vi/PAYTM/vi@airtelaxis/UPI,090184204724,919.00,,219022.74
18-02-2025,UPI/DR/933361162664/Jio/ICICI/jio@paytm/UPI,550780213752,"1,810.37",,217212.37
18-02-2025,UPI/DR/719954439084/Dunzo/ICICI/dunzo@razorpay/UPI,466477222367,"2,060.20",,215152.17
18-02-2025,UPI/DR/330131049077/Sarita/SBIN/sarita223@ibl/UPI,298179914428,"5,000.98",,210151.19
18-02-2025,UPI/CR/163115431409/Himanshu/PUNB/himanshu.sharma@ptyes/UPI,127253341990,,"12,900.35",223051.54
21-02-2025,UPI/DR/878264516021/1mg/ICICI/tatahealth@icici/UPI,817884151350,240.62,,222810.92
21-02-2025,UPI/DR/773439456305/Rapido/PAYTM/rapido@icici/UPI,143475332789,740.38,,222070.54
21-02-2025,UPI/DR/537309391126/Saurabh/SBIN/7395849457@kotak/UPI,821228575887,"11,800.19",,210270.35
21-02-2025,UPI/DR/284759387894/Vi/PAYTM/vi@airtelaxis/UPI,567113273486,569.00,,209701.35
22-02-2025,UPI/CR/797468603028/Swati/HDFC/swati.pillai@axl/UPI,785258940649,,"4,500.59",214201.94
23-02-2025,POS INDIAN OIL LUCKNOW,734521755464,"4,100.17",,210101.77
23-02-2025,UPI/CR/073387782543/Asha/PUNB/asha620@ibl/UPI,828593893998,,"13,350.51",223452.28
24-02-2025,UPI/DR/007988940420/Amazon/ICICI/amazon@apl/UPI,787877056039,"1,520.84",,221931.44
24-02-2025,UPI/DR/730039767256/Indane/ICICI/indanegas@upi/UPI,036638092465,"1,850.70",,220080.74
25-02-2025,UPI/DR/229149976750/Myntra/ICICI/myntra@ybl/UPI,781718478225,399.00,,219681.74
26-02-2025,UPI/DR/419839659198/Paytm/ICICI/paytm@paytm/UPI,280220772311,180.66,,219501.08
27-02-2025,POS METRO CASH CARRY LUCKNOW,438373413885,"2,450.61",,217050.47
27-02-2025,UPI/DR/383741318044/Sneha/BKID/snehakuma59@aubank/UPI,956256425341,"8,100.63",,208949.84
27-02-2025,UPI/DR/204779193391/Rahul/UCBA/rahulsing45@oksbi/UPI,765376131737,"17,850.10",,191099.74
28-02-2025,UPI/DR/988538846656/Zepto/ICICI/zepto@apl/UPI,955124615659,740.31,,190359.43
01-03-2025,UPI/DR/049825510396/Vi/PAYTM/vi@airtelaxis/UPI,398307519349,219.00,,190140.43
01-03-2025,ATM CASH WITHDRAWAL/57854/LUCKNOW,526471023941,"3,000.00",,187140.43
01-03-2025,UPI/DR/341184324792/Kunal/UTIB/kunaldesa46@aubank/UPI,134592354009,"4,650.09",,182490.34
02-03-2025,POS RELIANCE MART LUCKNOW,242209149894,"3,550.63",,178939.71
02-03-2025,UPI/DR/319181957663/Paytm/ICICI/paytm@paytm/UPI,802422857864,"1,750.27",,177189.44
02-03-2025,UPI/DR/753799352477/Rapido/PAYTM/rapido@icici/UPI,139933249413,160.75,,177028.69
02-03-2025,UPI/CR/354281754841/Kiran/UCBA/kiranshuk97@okhdfcbank/UPI,024824852330,,"1,150.38",178179.07
03-03-2025,POS SHELL FUEL STATION LUCKNOW,290803231959,"1,100.80",,177078.27
03-03-2025,UPI/CR/897780840850/Lata/BKID/lata113@apl/UPI,674602948553,,"4,650.84",181729.11
03-03-2025,UPI/DR/300290053425/Rapido/PAYTM/rapido@icici/UPI,586101024453,360.35,,181368.76
03-03-2025,GST ON CHARGES,895121119733,72.00,,181296.76
03-03-2025,UPI/DR/574641631067/Swiggy/ICICI/swiggy@icici/UPI,096186394275,520.96,,180775.80
03-03-2025,MAINTENANCE CHARGES,871674568874,400.00,,180375.80
04-03-2025,ATM CASH WITHDRAWAL/00982/LUCKNOW,995609550689,"4,000.00",,176375.80
05-03-2025,UPI/DR/264847918182/Swiggy/ICICI/swiggy@icici/UPI,078677922737,"2,340.94",,174034.86
05-03-2025,POS CENTRAL MALL LUCKNOW,486374872743,"8,100.30",,165934.56
06-03-2025,UPI/DR/341084732372/Vi/PAYTM/vi@airtelaxis/UPI,995790969443,999.00,,164935.56
07-03-2025,SALARY CREDIT/S1994780128206/Madura Garments Pvt Ltd,965128042991,,"120,925.82",285861.38
09-03-2025,UPI/DR/999388716170/Ola/PAYTM/olamoney@ola/UPI,834463622769,900.40,,284960.98
09-03-2025,UPI/DR/773120583344/Vi/PAYTM/vi@airtelaxis/UPI,063741388274,779.00,,284181.98
10-03-2025,NACH/MANDATE/RNT3548922/RENT MANDATE,061596502237,"25,500.00",,258681.98
10-03-2025,UPI/DR/134014264847/Rapido/PAYTM/rapido@icici/UPI,081580940007,280.47,,258401.51
11-03-2025,UPI/DR/213974808231/Zepto/ICICI/zepto@apl/UPI,288227157189,980.55,,257420.96
11-03-2025,UPI/DR/015731071934/Sapna/HDFC/sapna371@ptyes/UPI,600878655024,"7,400.32",,250020.64
12-03-2025,UPI/DR/309878352931/Isha/BKID/ishasriv70@kotak/UPI,588485232097,"21,750.57",,228270.07
13-03-2025,UPI/DR/078927962940/Indane/ICICI/indanegas@upi/UPI,617847782760,"1,750.28",,226519.79
13-03-2025,UPI/DR/312735592605/Rapido/PAYTM/rapido@icici/UPI,052087715957,730.21,,225789.58
13-03-2025,NACH/MANDATE/LN720193497411/Axis Bank Auto Loan,945157900160,"9,000.00",,216789.58
13-03-2025,UPI/DR/607833980159/SBI/LICI/licindia@licindia/UPI,237954487047,"2,400.00",,214389.58
13-03-2025,UPI/DR/836023861876/Meesho/PAYTM/meesho@ybl/UPI,665362028194,"1,150.00",,213239.58
15-03-2025,POS METRO CASH CARRY LUCKNOW,180638116857,"3,650.40",,209589.18
16-03-2025,UPI/CR/973160091966/Arjun/FDRL/arjun828@paytm/UPI,870318423473,,"21,550.60",231139.78
16-03-2025,ATM CASH WITHDRAWAL/20322/LUCKNOW,039943368413,"4,500.00",,226639.78
16-03-2025,UPI/DR/888240119167/Vikas/BARB/vikas.pillai@okicici/UPI,856811532890,"21,050.44",,205589.34
16-03-2025,POS SHOPPERS STOP LUCKNOW,609719649727,"3,400.63",,202188.71
16-03-2025,UPI/DR/226830402489/BSNL/ICICI/bsnlbroadband@upi/UPI,842668446710,"2,120.62",,200068.09
17-03-2025,ATM CASH WITHDRAWAL/62099/LUCKNOW,610057841715,"7,500.00",,192568.09
17-03-2025,UPI/DR/297281929949/Vi/PAYTM/vi@airtelaxis/UPI,618103886102,459.00,,192109.09
17-03-2025,POS V MART LUCKNOW,115002507007,500.48,,191608.61
18-03-2025,UPI/CR/633170721752/Shivam/PUNB/shivam.sen@upi/UPI,533409632128,,150.33,191758.94
19-03-2025,UPI/DR/687826838058/Swiggy/ICICI/swiggy@icici/UPI,634650902338,"2,120.11",,189638.83
20-03-2025,ATM CASH WITHDRAWAL/02986/LUCKNOW,710745299166,"1,000.00",,188638.83
20-03-2025,UPI/DR/749140170375/Suresh/BKID/3361268612@okaxis/UPI,334794736617,"2,000.90",,186637.93
20-03-2025,UPI/DR/953216508759/Swiggy/ICICI/swiggy@icici/UPI,293399101230,"2,020.81",,184617.12
21-03-2025,UPI/DR/908160210013/CESC/UPIN/cescpayment@upi/UPI,045632014415,"3,550.85",,181066.27
21-03-2025,POS RELIANCE PETROLEUM LUCKNOW,959987743674,"1,250.85",,179815.42
21-03-2025,UPI/DR/907962765291/Vi/PAYTM/vi@airtelaxis/UPI,547930098646,679.00,,179136.42
22-03-2025,UPI/DR/087500459697/Ola/PAYTM/olamoney@ola/UPI,089152116858,650.33,,178486.09
22-03-2025,UPI/DR/598272766509/Rajesh/HDFC/6108119544@upi/UPI,135009290570,"12,800.60",,165685.49
24-03-2025,UPI/DR/792242326649/Swiggy/ICICI/swiggy@icici/UPI,722880684775,"2,670.97",,163014.52
25-03-2025,UPI/DR/738911931308/Paytm/ICICI/paytm@paytm/UPI,233830771585,350.43,,162664.09
25-03-2025,UPI/CR/373098915268/Santosh/HDFC/santosh990@ptaxis/UPI,142193593573,,"20,600.43",183264.52
25-03-2025,UPI/DR/998808894041/PhonePe/ICICI/phonepe@ybl/UPI,264782829510,"2,270.98",,180993.54
25-03-2025,INTEREST CREDIT,403958592735,,420.80,181414.34
26-03-2025,POS VISHAL MEGA MART LUCKNOW,748689032761,"1,150.38",,180263.96
27-03-2025,ATM CASH WITHDRAWAL/12154/LUCKNOW,712661543552,"7,500.00",,172763.96
27-03-2025,UPI/CR/203517334768/Kapil/KKBK/kapilmeht80@ptsbi/UPI,803723071498,,"3,050.77",175814.73
28-03-2025,UPI/DR/884833103911/Mina/FDRL/minachau50@pthdfc/UPI,156669764487,"19,800.65",,156014.08
28-03-2025,UPI/CR/536643923396/Jyoti/PUNB/jyoti.bose@upi/UPI,010612683667,,"10,100.75",166114.83
28-03-2025,POS RELIANCE PETROLEUM LUCKNOW,082835179777,"2,850.95",,163263.88
29-03-2025,UPI/DR/165624789625/Blinkit/ICICI/blinkit@kotak/UPI,344140762363,590.20,,162673.68
30-03-2025,UPI/DR/715669518412/BigBasket/ICICI/bigbasket@ybl/UPI,011284330642,"2,630.90",,160042.78
31-03-2025,UPI/DR/583658335682/Zomato/ICICI/zomato@axisbank/UPI,494588185645,"1,920.46",,158122.32
01-04-2025,POS INDIAN OIL LUCKNOW,828248069316,"1,400.66",,156721.66
02-04-2025,UPI/DR/508411847676/Practo/ICICI/practo@paytm/UPI,941174469163,449.00,,156272.66
02-04-2025,UPI/DR/349911875018/Swiggy/ICICI/swiggy@icici/UPI,933645206609,"2,070.12",,154202.54
02-04-2025,UPI/CR/901211631362/Tarun/UTIB/tarun625@okicici/UPI,690664506423,,"19,500.41",173702.95
02-04-2025,UPI/DR/890261303593/Ola/PAYTM/olamoney@ola/UPI,342185486287,890.10,,172812.85
03-04-2025,UPI/CR/848324029274/Anjali/UCBA/anjali930@ptyes/UPI,010805065085,,"16,650.61",189463.46
03-04-2025,UPI/DR/799416697368/Naveen/SBIN/naveen.menon@ptsbi/UPI,542337496411,"7,150.62",,182312.84
03-04-2025,UPI/DR/057049517639/Rapido/PAYTM/rapido@icici/UPI,664212864474,530.84,,181782.00
04-04-2025,UPI/DR/210690696091/Ola/ICICI/olamoney@ola/UPI,118086943581,"2,050.95",,179731.05
05-04-2025,UPI/DR/938460282359/Siddharth/KKBK/siddharthmukh26@okicici/UPI,439619111803,"21,100.83",,158630.22
05-04-2025,UPI/DR/805815689860/Meesho/PAYTM/meesho@ybl/UPI,474917029262,"5,950.35",,152679.87
05-04-2025,UPI/DR/145955748876/Krishna/SBIN/krishna364@ybl/UPI,446375094155,"20,000.45",,132679.42
05-04-2025,UPI/DR/270086412760/Apollo/ICICI/apollopharmacy@ybl/UPI,529041738381,"1,680.92",,130998.50
06-04-2025,POS MAX FASHION LUCKNOW,542921708219,"7,000.94",,123997.56
07-04-2025,SALARY CREDIT/S5203739389859/Madura Garments Pvt Ltd,980614834436,,"120,460.82",244458.38
08-04-2025,UPI/DR/309858309437/Prashant/FDRL/prashant.ahuja@ptsbi/UPI,187462121854,"14,250.13",,230208.25
09-04-2025,UPI/DR/726849006894/Vi/PAYTM/vi@airtelaxis/UPI,982118696162,749.00,,229459.25
09-04-2025,NACH/MANDATE/RNT3834857/RENT MANDATE,893144982276,"25,500.00",,203959.25
09-04-2025,POS METRO CASH CARRY LUCKNOW,452269950900,"8,200.03",,195759.22
09-04-2025,UPI/DR/133656800404/CESC/UPIN/cescpayment@upi/UPI,569444034680,"1,150.38",,194608.84
10-04-2025,UPI/DR/194561027232/Siddharth/SBIN/siddharth150@paytm/UPI,407391993501,"18,600.77",,176008.07
12-04-2025,NACH/MANDATE/LN720193497411/Axis Bank Auto Loan,848812161744,"9,000.00",,167008.07
12-04-2025,UPI/DR/293742005311/Flipkart/ICICI/flipkart@ybl/UPI,329413654875,650.21,,166357.86
13-04-2025,UPI/DR/604301796260/Blinkit/ICICI/blinkit@kotak/UPI,385743302305,"1,350.53",,165007.33
13-04-2025,UPI/DR/894519770665/Dunzo/ICICI/dunzo@razorpay/UPI,919175889649,250.30,,164757.03
13-04-2025,UPI/DR/577646758424/Amazon/ICICI/amazon@apl/UPI,025537935188,"1,180.58",,163576.45
14-04-2025,POS BRAND FACTORY LUCKNOW,035181639497,"6,500.14",,157076.31
16-04-2025,UPI/DR/401676420102/Zepto/ICICI/zepto@apl/UPI,644841721279,"2,640.12",,154436.19
17-04-2025,UPI/DR/501537762475/Uber/PAYTM/uber@paytm/UPI,386388994960,90.62,,154345.57
17-04-2025,UPI/CR/396497884795/Mohit/SBIN/mohit.patil@okhdfcbank/UPI,093938503609,,"13,950.10",168295.67
17-04-2025,UPI/DR/243387659680/Meesho/PAYTM/meesho@ybl/UPI,025901103422,"3,700.61",,164595.06
18-04-2025,UPI/DR/435264235740/Indane/ICICI/indanegas@upi/UPI,356268642577,"2,550.43",,162044.63
18-04-2025,UPI/DR/874501961802/ACT/RAZORPAY/broadband@paytm/UPI,038369636768,"1,199.00",,160845.63
18-04-2025,UPI/DR/665629011689/Shreya/BARB/shreyapati63@kotak/UPI,789214847856,"18,150.89",,142694.74
19-04-2025,UPI/CR/095382209654/Gopal/HDFC/gopal.saxena@kotak/UPI,733903749451,,"15,250.27",157945.01
20-04-2025,UPI/CR/788222459241/Saurabh/PUNB/saurabhnaik45@axl/UPI,532920897695,,"1,450.56",159395.57
21-04-2025,UPI/DR/347772891840/Vi/PAYTM/vi@airtelaxis/UPI,681876444460,369.00,,159026.57
21-04-2025,UPI/DR/393206763234/Ola/PAYTM/olamoney@ola/UPI,265430987080,580.58,,158445.99
21-04-2025,UPI/DR/248322148568/Flipkart/PAYTM/flipkart@ybl/UPI,932730026764,"4,100.43",,154345.56
22-04-2025,UPI/DR/893039378824/Lalit/HDFC/lalit310@pthdfc/UPI,703966045934,"18,250.42",,136095.14
24-04-2025,NEFT/N4106204007921/Reliance Retail Ltd,584798655924,,"36,000.14",172095.28
24-04-2025,ATM CASH WITHDRAWAL/66867/LUCKNOW,614255681508,"10,000.00",,162095.28
25-04-2025,UPI/DR/016943838662/Vi/PAYTM/vi@airtelaxis/UPI,484563202436,429.00,,161666.28
25-04-2025,UPI/DR/838110942509/Amazon/ICICI/amazon@apl/UPI,670423437005,"2,440.50",,159225.78
25-04-2025,ATM CASH WITHDRAWAL/42253/LUCKNOW,412161283945,"8,500.00",,150725.78
26-04-2025,POS BHARAT PETROLEUM LUCKNOW,769695805431,"2,250.91",,148474.87
26-04-2025,UPI/DR/534820423587/Zepto/ICICI/zepto@apl/UPI,670363245551,"2,260.86",,146214.01
26-04-2025,UPI/DR/170457188730/Ola/ICICI/olamoney@ola/UPI,358976595254,510.51,,145703.50
26-04-2025,UPI/DR/495033101740/Zomato/ICICI/zomato@axisbank/UPI,624131680172,"1,440.32",,144263.18
27-04-2025,UPI/DR/729306667235/Vi/PAYTM/vi@airtelaxis/UPI,533193567656,319.00,,143944.18
28-04-2025,UPI/DR/770516177706/Rapido/PAYTM/rapido@icici/UPI,850484340274,550.41,,143393.77
30-04-2025,POS BHARAT PETROLEUM LUCKNOW,536928118209,"2,450.19",,140943.58
30-04-2025,POS CENTRAL MALL LUCKNOW,138208373172,"1,650.60",,139292.98
01-05-2025,UPI/DR/104399478136/Blinkit/ICICI/blinkit@kotak/UPI,761742168443,870.31,,138422.67
01-05-2025,UPI/DR/655038939304/Uber/PAYTM/uber@paytm/UPI,191606479921,320.63,,138102.04
01-05-2025,POS SHELL FUEL STATION LUCKNOW,117160881325,"3,700.92",,134401.12
02-05-2025,UPI/DR/349138199583/Flipkart/PAYTM/flipkart@ybl/UPI,912532812733,750.14,,133650.98
02-05-2025,POS RELIANCE PETROLEUM LUCKNOW,899838431368,"1,450.19",,132200.79
02-05-2025,UPI/DR/360834449484/Sarita/BKID/sarita.shukla@ybl/UPI,064054798323,"5,600.74",,126600.05
02-05-2025,UPI/DR/593538950766/Pankaj/BKID/pankaj840@pthdfc/UPI,711545776094,"16,150.00",,110450.05
03-05-2025,UPI/DR/976829696736/Jio/ICICI/jio@paytm/UPI,478993780526,"1,790.17",,108659.88
04-05-2025,UPI/DR/617725025611/Uber/PAYTM/uber@paytm/UPI,421389306299,690.88,,107969.00
04-05-2025,UPI/DR/337237800498/Shweta/PUNB/shwetamalh81@aubank/UPI,090097042585,"9,000.51",,98968.49
04-05-2025,UPI/DR/383631719260/Swiggy/ICICI/swiggy@icici/UPI,733201396557,"1,330.59",,97637.90
04-05-2025,UPI/CR/541880781232/Divya/BDBL/divyasen49@okhdfcbank/UPI,777049936539,,"21,250.33",118888.23
04-05-2025,UPI/DR/768409521345/IRCTC/ICICI/irctc@upi/UPI,409081256691,499.00,,118389.23
05-05-2025,UPI/CR/377815058378/Gaurav/BDBL/gauravchat90@ptaxis/UPI,517701957616,,"5,100.91",123490.14
05-05-2025,POS HP PETROL PUMP LUCKNOW,399292974873,"2,950.52",,120539.62
05-05-2025,UPI/DR/352688171477/Paytm/ICICI/paytm@paytm/UPI,219630306658,"2,470.15",,118069.47
07-05-2025,SALARY CREDIT/S7027273152917/Madura Garments Pvt Ltd,857405687776,,"123,880.82",241950.29
07-05-2025,UPI/DR/005133872055/Uber/PAYTM/uber@paytm/UPI,287757754794,320.02,,241630.27
08-05-2025,UPI/CR/314426523726/Sapna/PUNB/sapna689@ibl/UPI,310040498061,,"18,150.87",259781.14
08-05-2025,POS HP PETROL PUMP LUCKNOW,861548261160,"2,950.73",,256830.41
09-05-2025,UPI/DR/050305305275/Zomato/ICICI/zomato@axisbank/UPI,359816903126,"1,080.11",,255750.30
10-05-2025,POS MAX FASHION LUCKNOW,040809906641,"5,050.80",,250699.50
10-05-2025,UPI/DR/992158297980/Vi/PAYTM/vi@airtelaxis/UPI,816427815115,699.00,,250000.50
11-05-2025,UPI/DR/692728955116/Ola/ICICI/olamoney@ola/UPI,760314920733,"2,440.38",,247560.12
11-05-2025,NACH/MANDATE/RNT1138319/RENT MANDATE,740198526636,"25,500.00",,222060.12
11-05-2025,NACH/MANDATE/LN720193497411/Axis Bank Auto Loan,998548948057,"9,000.00",,213060.12
11-05-2025,ATM CASH WITHDRAWAL/76915/LUCKNOW,488146175358,"5,000.00",,208060.12
11-05-2025,UPI/DR/011767579730/Renu/PUNB/renumalh14@axl/UPI,338292554522,"1,200.82",,206859.30
12-05-2025,UPI/CR/009531312478/Varsha/SBIN/varshashuk38@okhdfcbank/UPI,430680612803,,"11,200.18",218059.48
12-05-2025,UPI/DR/228043744006/Amazon/ICICI/amazon@apl/UPI,935224548917,720.76,,217338.72
12-05-2025,UPI/DR/385617986746/Blinkit/ICICI/blinkit@kotak/UPI,731015484440,"2,300.30",,215038.42
12-05-2025,POS RELIANCE MART LUCKNOW,012223449862,450.48,,214587.94
12-05-2025,UPI/DR/692126630238/CESC/UPIN/cescpayment@upi/UPI,143788900081,"2,450.54",,212137.40
16-05-2025,UPI/CR/773986084500/Mukesh/UCBA/mukeshbane24@ibl/UPI,995156375205,,"7,150.27",219287.67
17-05-2025,UPI/DR/733063036595/Vi/PAYTM/vi@airtelaxis/UPI,933775804140,449.00,,218838.67
17-05-2025,UPI/DR/775699517858/Paytm/ICICI/paytm@paytm/UPI,851838950470,520.11,,218318.56
17-05-2025,UPI/CR/356049746542/Mamta/FDRL/mamtaverm37@kotak/UPI,879988762895,,"17,300.87",235619.43
18-05-2025,UPI/CR/374175545832/Babita/BKID/7510215446@pthdfc/UPI,693369682548,,"9,750.52",245369.95
18-05-2025,UPI/DR/895417142784/Uber/ICICI/uber@paytm/UPI,177972856011,"1,740.17",,243629.78
19-05-2025,NEFT/N5199255089491/Mphasis Limited,355658454823,,"20,500.16",264129.94
19-05-2025,UPI/DR/421794342993/Rapido/PAYTM/rapido@icici/UPI,371150153104,450.36,,263679.58
19-05-2025,UPI/DR/092475253411/Jio/ICICI/jio@paytm/UPI,245775137105,250.21,,263429.37
20-05-2025,UPI/DR/200288845613/Uber/ICICI/uber@paytm/UPI,361770783288,"1,140.77",,262288.60
21-05-2025,UPI/DR/277459351412/Indane/ICICI/indanegas@upi/UPI,558265254757,"1,300.22",,260988.38
21-05-2025,UPI/DR/678403061565/Paytm/ICICI/paytm@paytm/UPI,759773869935,"2,400.93",,258587.45
21-05-2025,UPI/CR/329862764955/Amit/BDBL/9829219687@paytm/UPI,406947149724,,"6,300.47",264887.92
22-05-2025,UPI/DR/307629129917/Vi/PAYTM/vi@airtelaxis/UPI,021874453366,699.00,,264188.92
23-05-2025,POS SHOPPERS STOP LUCKNOW,426384185989,"5,550.98",,258637.94
23-05-2025,ATM CASH WITHDRAWAL/30018/LUCKNOW,140085341725,"2,500.00",,256137.94
24-05-2025,UPI/DR/382673085291/Blinkit/ICICI/blinkit@kotak/UPI,369465682124,800.29,,255337.65
24-05-2025,UPI/CR/726379324621/Yogesh/BARB/yogeshahuj79@paytm/UPI,834457156983,,"3,400.14",258737.79
24-05-2025,UPI/DR/290339310921/Pallavi/BKID/8379628220@ptaxis/UPI,284589157988,"9,950.44",,248787.35
25-05-2025,ATM CASH WITHDRAWAL/07846/LUCKNOW,101253836103,"9,000.00",,239787.35
26-05-2025,UPI/DR/530025134618/Swiggy/ICICI/swiggy@icici/UPI,501738321527,"1,090.85",,238696.50
29-05-2025,UPI/CR/485124058130/Pooja/SBIN/5460459294@oksbi/UPI,365884025185,,"3,250.82",241947.32
29-05-2025,UPI/DR/248218719358/ACT/RAZORPAY/broadband@paytm/UPI,043013911703,"1,299.00",,240648.32
29-05-2025,UPI/DR/251195617817/Rapido/PAYTM/rapido@icici/UPI,981036752859,290.93,,240357.39
29-05-2025,UPI/DR/837355526917/BigBasket/ICICI/bigbasket@ybl/UPI,851268338638,350.97,,240006.42
30-05-2025,UPI/DR/645698674837/BSNL/ICICI/bsnlbroadband@upi/UPI,538189196704,"1,360.26",,238646.16
31-05-2025,MAINTENANCE CHARGES,139117893182,70.00,,238576.16
31-05-2025,GST ON CHARGES,009465336748,12.60,,238563.56
02-06-2025,UPI/DR/868571545722/Vi/PAYTM/vi@airtelaxis/UPI,948218813625,839.00,,237724.56
03-06-2025,UPI/CR/723066966192/Kapil/UCBA/5007863173@pthdfc/UPI,136296016219,,"3,850.38",241574.94
03-06-2025,UPI/CR/736153204279/Archana/UCBA/archana291@paytm/UPI,254722594954,,"17,050.73",258625.67
03-06-2025,UPI/DR/335737489112/Zepto/ICICI/zepto@apl/UPI,549730099514,"1,900.39",,256725.28
03-06-2025,UPI/CR/322469352015/Krishna/FDRL/krishna843@okhdfcbank/UPI,352833869846,,"21,600.53",278325.81
04-06-2025,UPI/DR/593669109341/SBI/LICI/licindia@licindia/UPI,544719608980,"2,400.00",,275925.81
04-06-2025,ATM CASH WITHDRAWAL/81256/LUCKNOW,816876679117,"4,500.00",,271425.81
04-06-2025,UPI/DR/155282710759/Practo/ICICI/practo@paytm/UPI,915798077100,249.00,,271176.81
04-06-2025,ATM CASH WITHDRAWAL/37984/LUCKNOW,385613556877,"3,500.00",,267676.81
05-06-2025,UPI/DR/626658062244/Vi/PAYTM/vi@airtelaxis/UPI,914667022449,929.00,,266747.81
05-06-2025,SALARY CREDIT/S3640868543508/Madura Garments Pvt Ltd,916831788996,,"121,165.82",387913.63
05-06-2025,ATM CASH WITHDRAWAL/91891/LUCKNOW,384497444127,"2,000.00",,385913.63
06-06-2025,UPI/DR/035141285153/Swiggy/ICICI/swiggy@icici/UPI,149819190557,"1,530.29",,384383.34
07-06-2025,UPI/DR/669474165556/BigBasket/ICICI/bigbasket@ybl/UPI,710467077566,"1,810.61",,382572.73
08-06-2025,UPI/DR/902318830850/Flipkart/ICICI/flipkart@ybl/UPI,535294834787,"1,960.68",,380612.05
08-06-2025,NACH/MANDATE/RNT4024382/RENT MANDATE,737452059178,"25,500.00",,355112.05
08-06-2025,POS BHARAT PETROLEUM LUCKNOW,101616746373,"2,800.28",,352311.77
08-06-2025,UPI/DR/402329401705/Ola/PAYTM/olamoney@ola/UPI,113059941057,700.80,,351610.97
09-06-2025,UPI/CR/769141040867/Sonia/UCBA/0240649621@ptsbi/UPI,153180960771,,"20,950.92",372561.89
09-06-2025,UPI/DR/509835001911/Zomato/ICICI/zomato@axisbank/UPI,638422071190,"2,700.30",,369861.59
10-06-2025,UPI/DR/705316304418/Zepto/ICICI/zepto@apl/UPI,663102370286,"1,010.26",,368851.33
10-06-2025,ATM CASH WITHDRAWAL/21619/LUCKNOW,599509523968,"1,000.00",,367851.33
11-06-2025,UPI/CR/511996136153/Gaurav/BKID/gaurav.yadav@axl/UPI,095373740817,,"7,100.54",374951.87
12-06-2025,UPI/DR/410165269390/Suresh/BDBL/suresh184@ybl/UPI,505766974097,"4,050.38",,370901.49
12-06-2025,NACH/MANDATE/LN720193497411/Axis Bank Auto Loan,839897667284,"9,000.00",,361901.49
13-06-2025,UPI/DR/963676390312/Rapido/PAYTM/rapido@icici/UPI,189315349588,390.02,,361511.47
13-06-2025,UPI/DR/489132385695/ACT/RAZORPAY/broadband@paytm/UPI,209203766958,899.00,,360612.47
14-06-2025,UPI/DR/834128887205/Ola/ICICI/olamoney@ola/UPI,742402382382,"2,630.19",,357982.28
14-06-2025,UPI/DR/991395479600/CESC/UPIN/cescpayment@upi/UPI,120940666271,"3,050.44",,354931.84
15-06-2025,UPI/CR/391910738169/Gopal/UTIB/gopal438@ptyes/UPI,952919888544,,"7,800.42",362732.26
16-06-2025,POS STAR BAZAAR LUCKNOW,811655215872,"7,550.75",,355181.51
16-06-2025,UPI/DR/407971962877/Vi/PAYTM/vi@airtelaxis/UPI,156697883651,559.00,,354622.51
16-06-2025,UPI/DR/196598554904/Nykaa/ICICI/nykaa@razorpay/UPI,421570291703,399.00,,354223.51
19-06-2025,UPI/DR/826358312793/BSNL/ICICI/bsnlbroadband@upi/UPI,112734669551,"1,580.67",,352642.84
20-06-2025,UPI/CR/639077001772/Geeta/UCBA/geeta.desai@okicici/UPI,453861518537,,"3,350.10",355992.94
20-06-2025,UPI/DR/624257386731/Zepto/ICICI/zepto@apl/UPI,602224688938,540.04,,355452.90
20-06-2025,UPI/DR/000717761739/Amit/KKBK/amitshar45@okicici/UPI,293503435920,"10,400.37",,345052.53
21-06-2025,ATM CASH WITHDRAWAL/83592/LUCKNOW,587689134628,"3,500.00",,341552.53
21-06-2025,POS D MART LUCKNOW,559211268616,"1,700.32",,339852.21
22-06-2025,UPI/CR/834376576463/Akash/HDFC/5855297793@ptyes/UPI,389847377115,,"18,350.96",358203.17
22-06-2025,UPI/DR/736511263047/Ola/PAYTM/olamoney@ola/UPI,371375364245,430.21,,357772.96
22-06-2025,UPI/DR/929979369717/Vi/PAYTM/vi@airtelaxis/UPI,888510686240,239.00,,357533.96
23-06-2025,UPI/DR/377588215471/Meesho/PAYTM/meesho@ybl/UPI,970473596530,"1,100.24",,356433.72
23-06-2025,POS SHELL FUEL STATION LUCKNOW,258581701372,"2,100.77",,354332.95
23-06-2025,UPI/DR/657494318053/Indane/ICICI/indanegas@upi/UPI,056280688656,"1,450.02",,352882.93
23-06-2025,UPI/DR/789882561401/Paytm/ICICI/paytm@paytm/UPI,871102311189,"1,710.11",,351172.82
24-06-2025,UPI/DR/127048614712/Uber/PAYTM/uber@paytm/UPI,386690802751,680.01,,350492.81
24-06-2025,UPI/DR/262882859430/Ola/PAYTM/olamoney@ola/UPI,791713251024,630.61,,349862.20
25-06-2025,NEFT/N18931870942/Mamta Roy,886248354463,,"78,600.31",428462.51
25-06-2025,NEFT/N09846936794/Ravi Verma,100535260194,,"65,100.90",493563.41
25-06-2025,UPI/DR/527421913695/Maya/FDRL/mayashar25@okhdfcbank/UPI,737332241105,"3,300.12",,490263.29
25-06-2025,UPI/CR/079445787975/Dinesh/BOB/8988021736@upi/UPI,007662067498,,"94,200.29",584463.58
25-06-2025,NEFT/N51034045282/Mukesh Menon,992541703789,,"91,000.58",675464.16
25-06-2025,UPI/CR/850933906868/Sangita/AXIS/7566349509@aubank/UPI,697146058195,,"59,700.25",735164.41
26-06-2025,MAINTENANCE CHARGES,110351871922,200.00,,734964.41
26-06-2025,GST ON CHARGES,091586982896,36.00,,734928.41
26-06-2025,POS MAX FASHION LUCKNOW,945351482837,"1,550.79",,733377.62
26-06-2025,POS RELIANCE MART LUCKNOW,725459228987,"5,500.65",,727876.97
27-06-2025,RTGS/R07431638724/Mukesh Mehta/FDRL0262357,020524633375,"352,640.61",,375236.36
27-06-2025,UPI/DR/474746703422/BSNL/ICICI/bsnlbroadband@upi/UPI,269726155905,"1,010.24",,374226.12
28-06-2025,INTEREST CREDIT,053960987463,,"1,060.14",375286.26
28-06-2025,UPI/CR/275208298012/Pankaj/HDFC/pankaj.singh@ptaxis/UPI,000862650495,,"5,450.00",380736.26
29-06-2025,UPI/CR/901594637444/Ramesh/BARB/rameshbane30@oksbi/UPI,751396583846,,"9,650.37",390386.63
29-06-2025,UPI/DR/350877598594/Sarita/UCBA/saritabane27@oksbi/UPI,518273285157,"8,550.99",,381835.64
29-06-2025,UPI/DR/962980755349/Himanshu/HDFC/himanshudube16@okhdfcbank/UPI,645339525179,"13,950.17",,367885.47
29-06-2025,UPI/DR/866986681934/Flipkart/PAYTM/flipkart@ybl/UPI,713501962214,"4,300.15",,363585.32
29-06-2025,UPI/CR/613398392895/Rakesh/PUNB/rakeshsriv25@okaxis/UPI,457155472549,,"1,550.12",365135.44
30-06-2025,UPI/DR/788899324639/Sneha/PUNB/snehajosh30@aubank/UPI,719306430069,"10,700.67",,354434.77
01-07-2025,ATM CASH WITHDRAWAL/94627/LUCKNOW,667217807490,"5,500.00",,348934.77
01-07-2025,UPI/DR/656975742027/Shweta/BKID/shweta.dubey@paytm/UPI,828676262453,"21,100.88",,327833.89
01-07-2025,POS SHOPPERS STOP LUCKNOW,413332236361,"7,400.85",,320433.04
01-07-2025,UPI/CR/188649208553/Nikhil/BDBL/nikhil.chatterjee@ptaxis/UPI,250089376450,,"13,000.75",333433.79
01-07-2025,UPI/DR/582370135202/Zomato/ICICI/zomato@axisbank/UPI,801681278841,870.86,,332562.93
01-07-2025,POS HP PETROL PUMP LUCKNOW,951095868199,"3,000.10",,329562.83
01-07-2025,UPI/DR/662829425735/Zepto/ICICI/zepto@apl/UPI,928793420186,"2,400.67",,327162.16
02-07-2025,UPI/DR/056700053378/Jio/ICICI/jio@paytm/UPI,508087477172,"1,290.37",,325871.79
04-07-2025,UPI/DR/517019613290/Rani/BKID/9057889118@okicici/UPI,277281341857,"6,650.66",,319221.13
05-07-2025,ATM CASH WITHDRAWAL/28017/LUCKNOW,508243150851,"3,000.00",,316221.13
05-07-2025,ATM CASH WITHDRAWAL/76869/LUCKNOW,423120202197,"10,000.00",,306221.13
07-07-2025,ATM CASH WITHDRAWAL/12122/LUCKNOW,793303427020,"8,000.00",,298221.13
07-07-2025,SALARY CREDIT/S6236261861642/Madura Garments Pvt Ltd,634623467201,,"121,712.82",419933.95
07-07-2025,UPI/CR/430630110539/Neha/UTIB/neha.gupta@upi/UPI,117213197193,,"11,350.69",431284.64
07-07-2025,IMPS-233835703048-Varun Desai,378251507581,"24,000.39",,407284.25
08-07-2025,UPI/DR/717623696299/Suresh/HDFC/suresh671@axl/UPI,056246987030,"15,550.24",,391734.01
08-07-2025,UPI/DR/204294383374/Amazon/PAYTM/amazon@apl/UPI,739393284060,"3,700.13",,388033.88
08-07-2025,UPI/DR/759889964830/Uber/ICICI/uber@paytm/UPI,222309350769,"2,440.54",,385593.34
08-07-2025,UPI/DR/000326335936/Dunzo/ICICI/dunzo@razorpay/UPI,631645818194,930.27,,384663.07
08-07-2025,UPI/DR/228352601377/Vishal/BDBL/5329036798@ptyes/UPI,072600785944,"21,150.70",,363512.37
10-07-2025,ATM CASH WITHDRAWAL/14718/LUCKNOW,871943908940,"10,000.00",,353512.37
10-07-2025,UPI/CR/757310456543/Deepak/BKID/4064338554@okhdfcbank/UPI,185838888282,,"11,400.73",364913.10
10-07-2025,NACH/MANDATE/RNT0573406/RENT MANDATE,266217245440,"25,500.00",,339413.10
10-07-2025,UPI/DR/434661956740/Vi/PAYTM/vi@airtelaxis/UPI,668869282110,229.00,,339184.10
11-07-2025,POS HP PETROL PUMP LUCKNOW,239637326279,"1,800.56",,337383.54
11-07-2025,UPI/DR/469625947357/Uber/PAYTM/uber@paytm/UPI,502612509410,80.79,,337302.75
11-07-2025,POS STAR BAZAAR LUCKNOW,209804989692,"4,550.17",,332752.58
11-07-2025,UPI/DR/554810246279/Ola/PAYTM/olamoney@ola/UPI,882375628570,260.23,,332492.35
11-07-2025,UPI/DR/462716376668/Saurabh/BARB/saurabh821@axl/UPI,566938255815,"20,250.31",,312242.04
12-07-2025,UPI/DR/943027894487/Blinkit/ICICI/blinkit@kotak/UPI,466944308025,"2,020.55",,310221.49
12-07-2025,UPI/DR/129852333130/Uber/PAYTM/uber@paytm/UPI,890752797860,730.88,,309490.61
13-07-2025,NACH/MANDATE/LN720193497411/Axis Bank Auto Loan,602753333230,"9,000.00",,300490.61
13-07-2025,UPI/DR/348094602663/IRCTC/ICICI/irctc@upi/UPI,473410972303,749.00,,299741.61
13-07-2025,POS HP PETROL PUMP LUCKNOW,474988568514,"2,050.04",,297691.57
13-07-2025,UPI/DR/816460369311/Vi/PAYTM/vi@airtelaxis/UPI,127567036749,179.00,,297512.57
14-07-2025,POS MAX FASHION LUCKNOW,473425250549,"2,450.12",,295062.45
14-07-2025,NEFT/N1507649551283/Dr Reddys Laboratori,996508703234,,"6,000.48",301062.93
15-07-2025,UPI/CR/076007762285/Varun/PUNB/varunpill52@oksbi/UPI,803203282869,,"2,150.60",303213.53
15-07-2025,UPI/DR/141142076376/Vi/PAYTM/vi@airtelaxis/UPI,423756792237,309.00,,302904.53
16-07-2025,POS METRO CASH CARRY LUCKNOW,585987597778,"2,000.60",,300903.93
16-07-2025,POS VISHAL MEGA MART LUCKNOW,460480213673,"5,150.10",,295753.83
16-07-2025,UPI/DR/439532407342/MakeMyTrip/ICICI/makemytrip@axisbank/UPI,724650851534,449.00,,295304.83
16-07-2025,UPI/DR/863863339788/Dunzo/ICICI/dunzo@razorpay/UPI,069129158082,"1,770.95",,293533.88
16-07-2025,UPI/DR/932141757822/Uber/ICICI/uber@paytm/UPI,224111484650,660.55,,292873.33
17-07-2025,UPI/CR/433389979007/Vikas/FDRL/9689540166@axl/UPI,406297176127,,"11,650.88",304524.21
18-07-2025,UPI/DR/746581491771/Indane/ICICI/indanegas@upi/UPI,713495926222,"1,500.08",,303024.13
20-07-2025,UPI/CR/355468110743/Sunita/KKBK/sunita274@okicici/UPI,567694235969,,"14,050.95",317075.08
20-07-2025,POS BRAND FACTORY LUCKNOW,805334935842,350.07,,316725.01
20-07-2025,UPI/DR/090452275807/BSNL/ICICI/bsnlbroadband@upi/UPI,427611274464,940.05,,315784.96
21-07-2025,UPI/CR/989659234480/Mukesh/HDFC/mukesh.agarwal@apl/UPI,273883435579,,"19,050.42",334835.38
21-07-2025,UPI/DR/626610874345/Uber/ICICI/uber@paytm/UPI,935927902259,"2,690.51",,332144.87
21-07-2025,UPI/DR/189960418701/Lata/BARB/lata529@ptaxis/UPI,065003906261,"15,400.79",,316744.08
22-07-2025,UPI/DR/047729982858/Vi/PAYTM/vi@airtelaxis/UPI,909667271661,599.00,,316145.08
22-07-2025,UPI/DR/130204452586/Kavya/BKID/6029232412@aubank/UPI,108373261990,"10,300.05",,305845.03
23-07-2025,UPI/DR/676951882561/Sunita/BARB/sunita.pillai@kotak/UPI,610235106271,"10,650.56",,295194.47
23-07-2025,UPI/DR/360533560914/BSNL/ICICI/bsnlbroadband@upi/UPI,701852372998,"1,050.28",,294144.19
23-07-2025,UPI/DR/280123181908/CESC/UPIN/cescpayment@upi/UPI,236325708126,"3,600.29",,290543.90
24-07-2025,UPI/DR/946838164884/Meesho/PAYTM/meesho@ybl/UPI,494485323170,"4,750.74",,285793.16
25-07-2025,UPI/DR/750800140359/Ola/ICICI/olamoney@ola/UPI,588181433182,"1,200.98",,284592.18
25-07-2025,UPI/DR/245370024818/Swiggy/ICICI/swiggy@icici/UPI,863321139008,"1,600.23",,282991.95
26-07-2025,UPI/DR/318631366783/Swati/UCBA/swatighos16@pthdfc/UPI,198494422567,"6,650.97",,276340.98
26-07-2025,UPI/DR/394375094399/BigBasket/ICICI/bigbasket@ybl/UPI,847259727868,"2,020.19",,274320.79
27-07-2025,UPI/CR/678967849264/Sunita/BKID/sunitaahuj64@ybl/UPI,355632933546,,"16,900.93",291221.72
28-07-2025,UPI/DR/848784998014/MedPlus/ICICI/medplus@icici/UPI,762019542288,"3,190.45",,288031.27
28-07-2025,UPI/DR/828994976091/Rajan/BDBL/rajanroy49@axl/UPI,106234272346,"12,800.80",,275230.47
29-07-2025,UPI/DR/743913382893/Anita/BKID/anitaiyer18@apl/UPI,711959966407,"14,850.35",,260380.12
30-07-2025,POS V MART LUCKNOW,610383608556,"6,150.75",,254229.37
30-07-2025,POS PANTALOONS LUCKNOW,781743637781,950.82,,253278.55
31-07-2025,UPI/CR/489723108893/Arun/BKID/arunjosh35@paytm/UPI,945274401631,,"20,000.80",273279.35
31-07-2025,UPI/DR/994018729218/Zomato/ICICI/zomato@axisbank/UPI,603345941047,"2,260.53",,271018.82
01-08-2025,UPI/DR/304290969197/Renu/PUNB/renu.dubey@axl/UPI,554852260613,"18,250.93",,252767.89
01-08-2025,UPI/DR/131893191639/Radha/KKBK/4814791188@okaxis/UPI,380058085071,"15,350.81",,237417.08
01-08-2025,UPI/CR/901779484903/Vivek/FDRL/vivekroy80@paytm/UPI,529259835722,,"20,700.33",258117.41
01-08-2025,UPI/DR/561865249239/Zepto/ICICI/zepto@apl/UPI,248542668681,"1,750.40",,256367.01
01-08-2025,UPI/DR/958171210515/Ritu/BARB/ritu756@okaxis/UPI,230407092758,650.00,,255717.01
01-08-2025,UPI/CR/188384192400/Anil/UCBA/8572866960@ptyes/UPI,743329650382,,"6,800.22",262517.23
02-08-2025,UPI/CR/655147301840/Pankaj/PUNB/pankajchau41@okicici/UPI,990859564467,,"7,250.50",269767.73
03-08-2025,UPI/DR/182024254074/Lalit/UCBA/lalit.singh@okaxis/UPI,205035062674,"17,900.86",,251866.87
04-08-2025,UPI/DR/028593903981/PhonePe/ICICI/phonepe@ybl/UPI,163014239509,350.37,,251516.50
04-08-2025,ATM CASH WITHDRAWAL/24661/LUCKNOW,637101909541,"5,500.00",,246016.50
05-08-2025,SALARY CREDIT/S4591346704205/Madura Garments Pvt Ltd,542419255708,,"123,714.82",369731.32
05-08-2025,UPI/DR/298657976912/Apollo/ICICI/apollopharmacy@ybl/UPI,043994376539,"1,040.55",,368690.77
05-08-2025,POS HP PETROL PUMP LUCKNOW,839907257036,"1,950.20",,366740.57
05-08-2025,UPI/CR/738391587334/Yogesh/HDFC/yogesh372@ptaxis/UPI,511481436366,,"16,550.46",383291.03
05-08-2025,POS RELIANCE PETROLEUM LUCKNOW,957434309323,"2,950.78",,380340.25
06-08-2025,NACH/MANDATE/RNT4023864/RENT MANDATE,905643835103,"25,500.00",,354840.25
06-08-2025,UPI/DR/621421682824/Paytm/ICICI/paytm@paytm/UPI,595351476673,"2,230.87",,352609.38
06-08-2025,IMPS-384742352882-Renu Kumar,424481298612,"9,700.23",,342909.15
07-08-2025,UPI/DR/246377105816/Sumit/FDRL/8097465599@ptsbi/UPI,102105214741,"5,200.56",,337708.59
07-08-2025,UPI/DR/874379377037/Vi/PAYTM/vi@airtelaxis/UPI,964178748325,759.00,,336949.59
07-08-2025,UPI/DR/700036266397/Uber/PAYTM/uber@paytm/UPI,117264504548,580.23,,336369.36
07-08-2025,UPI/DR/221104597329/BSNL/ICICI/bsnlbroadband@upi/UPI,716122031161,"1,200.37",,335168.99
07-08-2025,POS SHOPPERS STOP LUCKNOW,309014093556,"1,600.94",,333568.05
08-08-2025,UPI/DR/493037212683/Flipkart/ICICI/flipkart@ybl/UPI,674668527452,"2,730.78",,330837.27
08-08-2025,UPI/DR/695452628134/Ola/PAYTM/olamoney@ola/UPI,064074109071,880.08,,329957.19
09-08-2025,UPI/DR/556341871267/Amazon/PAYTM/amazon@apl/UPI,925225681485,"3,800.50",,326156.69
09-08-2025,POS V MART LUCKNOW,051635247727,400.18,,325756.51
10-08-2025,UPI/DR/357980839982/Anita/FDRL/anita736@okhdfcbank/UPI,723845906605,"3,550.09",,322206.42
11-08-2025,NACH/MANDATE/LN720193497411/Axis Bank Auto Loan,393006695304,"9,000.00",,313206.42
12-08-2025,POS VISHAL MEGA MART LUCKNOW,176615921462,"3,050.41",,310156.01
12-08-2025,UPI/DR/983278781367/Paytm/ICICI/paytm@paytm/UPI,109405543266,"2,010.56",,308145.45
12-08-2025,UPI/DR/864484927339/Apollo/ICICI/apollopharmacy@ybl/UPI,623156511050,199.00,,307946.45
13-08-2025,UPI/DR/291187807888/Vi/PAYTM/vi@airtelaxis/UPI,921393943021,789.00,,307157.45
13-08-2025,UPI/DR/120726204252/Swiggy/ICICI/swiggy@icici/UPI,351092773812,730.35,,306427.10
15-08-2025,UPI/DR/780258497298/BSNL/ICICI/bsnlbroadband@upi/UPI,167982392558,930.67,,305496.43
15-08-2025,UPI/DR/152948518185/Rapido/PAYTM/rapido@icici/UPI,839149797438,630.55,,304865.88
15-08-2025,UPI/DR/297190953721/Uber/PAYTM/uber@paytm/UPI,166233180074,390.36,,304475.52
15-08-2025,UPI/DR/778664747659/ACT/RAZORPAY/broadband@paytm/UPI,477636610059,999.00,,303476.52
15-08-2025,POS BIG BAZAAR LUCKNOW,387424502492,"5,850.50",,297626.02
15-08-2025,POS SHOPPERS STOP LUCKNOW,895784468265,"3,000.79",,294625.23
16-08-2025,UPI/DR/311384540985/Indane/ICICI/indanegas@upi/UPI,044697415850,"1,950.13",,292675.10
16-08-2025,POS RELIANCE PETROLEUM LUCKNOW,725161595956,"4,250.83",,288424.27
17-08-2025,UPI/DR/558093647483/Brijesh/BARB/brijesh.shah@upi/UPI,028386468365,"14,250.29",,274173.98
18-08-2025,ATM CASH WITHDRAWAL/17319/LUCKNOW,390334132279,"4,500.00",,269673.98
20-08-2025,UPI/DR/407970418825/Jio/ICICI/jio@paytm/UPI,088892931710,"2,360.97",,267313.01
20-08-2025,UPI/DR/352660811109/Swiggy/ICICI/swiggy@icici/UPI,180585817708,960.93,,266352.08
20-08-2025,UPI/CR/836360093696/Kunal/BKID/kunalgupt93@ptaxis/UPI,278439372285,,"12,350.87",278702.95
20-08-2025,UPI/DR/164731458939/CESC/UPIN/cescpayment@upi/UPI,402102441748,"1,350.69",,277352.26
20-08-2025,UPI/DR/833692885564/Amazon/PAYTM/amazon@apl/UPI,827138862058,"5,350.79",,272001.47
20-08-2025,UPI/DR/379949035444/Amazon/ICICI/amazon@apl/UPI,878658627066,390.50,,271610.97
20-08-2025,UPI/DR/882205457957/Pallavi/BKID/pallavi.banerjee@pthdfc/UPI,613115255747,"12,000.88",,259610.09
21-08-2025,UPI/DR/772191915115/PhonePe/ICICI/phonepe@ybl/UPI,391097683057,"1,060.38",,258549.71
23-08-2025,UPI/DR/081430560811/Flipkart/ICICI/flipkart@ybl/UPI,991423663761,"1,910.47",,256639.24
24-08-2025,UPI/CR/371398449371/Vijay/PUNB/vijaysriv30@ptsbi/UPI,479439727417,,"3,150.32",259789.56
25-08-2025,UPI/DR/943967773434/Rapido/PAYTM/rapido@icici/UPI,370991994054,690.52,,259099.04
25-08-2025,UPI/DR/371629452029/Amazon/ICICI/amazon@apl/UPI,569666615132,"2,390.18",,256708.86
26-08-2025,UPI/DR/578584545103/Dunzo/ICICI/dunzo@razorpay/UPI,799801758332,"2,260.24",,254448.62
27-08-2025,UPI/DR/213293844127/Rapido/PAYTM/rapido@icici/UPI,910447152874,650.20,,253798.42
27-08-2025,UPI/DR/877362068861/BigBasket/ICICI/bigbasket@ybl/UPI,973937155704,"2,190.28",,251608.14
28-08-2025,ATM CASH WITHDRAWAL/71124/LUCKNOW,777748748711,"9,000.00",,242608.14
28-08-2025,UPI/DR/892426051641/Nykaa/PAYTM/nykaa@razorpay/UPI,726788214393,"1,300.49",,241307.65
29-08-2025,POS RELIANCE MART LUCKNOW,328467975286,"3,650.22",,237657.43
30-08-2025,UPI/DR/711442500451/Sonia/KKBK/sonia.sethi@okhdfcbank/UPI,299787380691,"16,450.93",,221206.50
31-08-2025,POS BHARAT PETROLEUM LUCKNOW,899003991626,"3,450.76",,217755.74
31-08-2025,ATM CASH WITHDRAWAL/15694/LUCKNOW,510078079259,"9,000.00",,208755.74
01-09-2025,UPI/CR/334651524962/Isha/BKID/7712044074@ybl/UPI,619765518197,,"12,850.37",221606.11
01-09-2025,IMPS-828484235057-Vikram Khanna,995832391998,"31,100.97",,190505.14
01-09-2025,UPI/DR/626111553565/BigBasket/ICICI/bigbasket@ybl/UPI,560947933745,"1,240.16",,189264.98
02-09-2025,UPI/DR/867834125107/Vi/PAYTM/vi@airtelaxis/UPI,991711012262,979.00,,188285.98
03-09-2025,ATM CASH WITHDRAWAL/07924/LUCKNOW,530314836184,"1,000.00",,187285.98
03-09-2025,UPI/DR/180351078405/Vi/PAYTM/vi@airtelaxis/UPI,736543502505,279.00,,187006.98
04-09-2025,UPI/DR/204159265383/Vi/PAYTM/vi@airtelaxis/UPI,586640361821,849.00,,186157.98
04-09-2025,UPI/DR/415278461292/Flipkart/ICICI/flipkart@ybl/UPI,251039193692,"1,770.81",,184387.17
05-09-2025,UPI/DR/130383761515/Nykaa/PAYTM/nykaa@razorpay/UPI,347163801008,"5,950.23",,178436.94
05-09-2025,UPI/DR/455993518169/Arjun/SBIN/1838113862@upi/UPI,130824329268,"21,700.93",,156736.01
07-09-2025,UPI/DR/674633694373/Blinkit/ICICI/blinkit@kotak/UPI,303000268819,610.70,,156125.31
07-09-2025,SALARY CREDIT/S6942593370990/Madura Garments Pvt Ltd,775315075304,,"121,235.82",277361.13
07-09-2025,UPI/DR/262913692990/SBI/LICI/licindia@licindia/UPI,841269130366,"2,400.00",,274961.13
07-09-2025,POS RELIANCE PETROLEUM LUCKNOW,240303469810,"1,500.47",,273460.66
08-09-2025,UPI/CR/004541959147/Lata/BARB/latarao68@upi/UPI,346916083757,,"17,400.34",290861.00
08-09-2025,NACH/MANDATE/RNT1635477/RENT MANDATE,866817807487,"25,500.00",,265361.00
09-09-2025,UPI/DR/579356166352/Rajesh/KKBK/rajesh.desai@ybl/UPI,034525858757,"11,850.70",,253510.30
09-09-2025,UPI/DR/467398413742/Ankit/PUNB/0649568009@oksbi/UPI,951296027167,"5,150.24",,248360.06
12-09-2025,POS RELIANCE PETROLEUM LUCKNOW,032691279705,"2,950.27",,245409.79
13-09-2025,UPI/DR/482608066526/Rapido/PAYTM/rapido@icici/UPI,416811412942,770.34,,244639.45
13-09-2025,UPI/DR/811501325112/Naveen/UTIB/naveen657@okicici/UPI,698150128126,"21,200.15",,223439.30
14-09-2025,UPI/DR/274380727836/Rapido/PAYTM/rapido@icici/UPI,563672512932,730.44,,222708.86
14-09-2025,UPI/CR/466782264054/Babita/BARB/babita.singh@pthdfc/UPI,679079232874,,"16,850.98",239559.84
14-09-2025,ATM CASH WITHDRAWAL/00018/LUCKNOW,768046576892,"6,500.00",,233059.84
14-09-2025,NACH/MANDATE/LN720193497411/Axis Bank Auto Loan,465214918405,"9,000.00",,224059.84
14-09-2025,UPI/DR/544399441939/Zepto/ICICI/zepto@apl/UPI,756615812601,"2,220.78",,221839.06
14-09-2025,UPI/DR/886846150256/Mohan/SBIN/5801567023@ptsbi/UPI,373963834399,"11,750.09",,210088.97
15-09-2025,UPI/CR/113233116383/Santosh/UCBA/santoshdas36@okaxis/UPI,784463884989,,"2,700.14",212789.11
15-09-2025,UPI/DR/029820161697/Zomato/ICICI/zomato@axisbank/UPI,654633329865,"2,000.74",,210788.37
16-09-2025,UPI/DR/316904519414/Ola/PAYTM/olamoney@ola/UPI,783421221731,810.58,,209977.79
16-09-2025,UPI/DR/995726633735/Jio/ICICI/jio@paytm/UPI,863178186591,910.99,,209066.80
17-09-2025,UPI/DR/308405250560/Meesho/PAYTM/meesho@ybl/UPI,593932984925,"5,300.37",,203766.43
18-09-2025,UPI/DR/322954951840/Rapido/PAYTM/rapido@icici/UPI,985857396732,550.05,,203216.38
18-09-2025,UPI/DR/695182147545/Sonia/BARB/sonia460@oksbi/UPI,968097722079,"6,950.79",,196265.59
19-09-2025,UPI/DR/237765243715/PhonePe/ICICI/phonepe@ybl/UPI,599574893438,"1,170.05",,195095.54
19-09-2025,UPI/DR/079369756235/Ola/PAYTM/olamoney@ola/UPI,965387226951,620.83,,194474.71
19-09-2025,POS SHELL FUEL STATION LUCKNOW,327592679692,"3,500.54",,190974.17
20-09-2025,UPI/DR/155089477201/Kiran/BDBL/9310019675@aubank/UPI,019285014355,"12,300.18",,178673.99
20-09-2025,UPI/DR/976736414308/Uber/PAYTM/uber@paytm/UPI,165849928238,470.17,,178203.82
20-09-2025,UPI/DR/613359240575/Indane/ICICI/indanegas@upi/UPI,648123001503,"2,050.39",,176153.43
20-09-2025,POS MORE SUPER MARKET LUCKNOW,836275195016,550.40,,175603.03
20-09-2025,POS HP PETROL PUMP LUCKNOW,497430512964,"2,300.78",,173302.25
21-09-2025,UPI/DR/240404149282/Meesho/PAYTM/meesho@ybl/UPI,840314254735,"5,800.83",,167501.42
21-09-2025,POS MAX FASHION LUCKNOW,509740822498,850.73,,166650.69
21-09-2025,UPI/DR/329272782685/Uber/ICICI/uber@paytm/UPI,885377824739,"1,350.26",,165300.43
22-09-2025,UPI/DR/702641726975/CESC/UPIN/cescpayment@upi/UPI,048730127247,"2,700.73",,162599.70
23-09-2025,UPI/DR/133997005925/Amazon/ICICI/amazon@apl/UPI,571425129717,"1,900.66",,160699.04
23-09-2025,UPI/CR/690865464634/Anil/KKBK/anilmeno51@apl/UPI,537688798273,,"5,450.57",166149.61
24-09-2025,UPI/DR/737670679366/Blinkit/ICICI/blinkit@kotak/UPI,149104606468,120.85,,166028.76
24-09-2025,UPI/DR/629584174380/Himanshu/UTIB/himanshu.ghosh@ybl/UPI,038010780919,"3,800.94",,162227.82
24-09-2025,UPI/CR/706213881855/Naresh/PUNB/naresh.das@upi/UPI,909406860048,,"5,550.11",167777.93
25-09-2025,UPI/DR/959715633286/Uber/ICICI/uber@paytm/UPI,964369883503,"1,290.99",,166486.94
25-09-2025,UPI/DR/406287689434/1mg/ICICI/tatahealth@icici/UPI,374399235124,"1,830.89",,164656.05
26-09-2025,UPI/DR/271414580358/Paytm/ICICI/paytm@paytm/UPI,028721924599,"2,550.03",,162106.02
26-09-2025,INTEREST CREDIT,098998433842,,540.48,162646.50
26-09-2025,POS V MART LUCKNOW,470123155790,"7,000.64",,155645.86
27-09-2025,GST ON CHARGES,967146078790,99.00,,155546.86
27-09-2025,MAINTENANCE CHARGES,483362592646,550.00,,154996.86
28-09-2025,POS PANTALOONS LUCKNOW,104952499756,"2,200.96",,152795.90
28-09-2025,UPI/DR/105966266192/Prashant/SBIN/prashantnaik29@ibl/UPI,133116268232,"12,450.53",,140345.37
29-09-2025,POS MORE SUPER MARKET LUCKNOW,383031692935,"2,550.14",,137795.23
29-09-2025,UPI/CR/769938260561/Vivek/FDRL/vivek.ghosh@apl/UPI,212464546156,,"4,550.59",142345.82
30-09-2025,ATM CASH WITHDRAWAL/87459/LUCKNOW,634389352887,"8,500.00",,133845.82
01-10-2025,UPI/DR/918751376549/Uber/ICICI/uber@paytm/UPI,070922270553,"2,400.42",,131445.40
01-10-2025,UPI/DR/441911406747/Amazon/ICICI/amazon@apl/UPI,436532507486,620.44,,130824.96
01-10-2025,UPI/DR/050694304741/Akash/UTIB/akash.banerjee@okicici/UPI,799651760161,"11,000.08",,119824.88
02-10-2025,UPI/DR/362615018716/Swiggy/ICICI/swiggy@icici/UPI,794785468543,"2,080.76",,117744.12
03-10-2025,UPI/CR/109579707503/Naresh/HDFC/naresh.pandey@upi/UPI,169227538800,,"20,550.12",138294.24
04-10-2025,POS INDIAN OIL LUCKNOW,819709801558,"2,800.52",,135493.72
05-10-2025,POS SHELL FUEL STATION LUCKNOW,261232682468,"3,150.38",,132343.34
05-10-2025,SALARY CREDIT/S6231293778895/Madura Garments Pvt Ltd,798937168440,,"122,985.82",255329.16
05-10-2025,UPI/DR/720937183622/Rapido/PAYTM/rapido@icici/UPI,333140126138,820.61,,254508.55
05-10-2025,UPI/DR/537192686919/Santosh/PUNB/santoshshuk11@axl/UPI,774355463793,"16,550.41",,237958.14
05-10-2025,UPI/DR/797729848478/Flipkart/ICICI/flipkart@ybl/UPI,495423647869,840.53,,237117.61
05-10-2025,UPI/DR/133787103752/Asha/BKID/asha.desai@ptaxis/UPI,967215237655,"7,650.45",,229467.16
07-10-2025,UPI/DR/619353843914/Uber/PAYTM/uber@paytm/UPI,319275289972,400.55,,229066.61
07-10-2025,POS SHOPPERS STOP LUCKNOW,370522675743,"1,050.87",,228015.74
07-10-2025,UPI/CR/101218676606/Vikas/UCBA/9891232639@pthdfc/UPI,215413031803,,"13,700.06",241715.80
08-10-2025,UPI/DR/855055437652/ACT/RAZORPAY/broadband@paytm/UPI,273463751152,649.00,,241066.80
08-10-2025,UPI/DR/823898666771/Uber/PAYTM/uber@paytm/UPI,010746505460,760.59,,240306.21
08-10-2025,UPI/DR/290944788043/Vi/PAYTM/vi@airtelaxis/UPI,554609866897,539.00,,239767.21
08-10-2025,IMPS-713870927177-Jyoti Nair,225341301949,"25,100.25",,214666.96
08-10-2025,UPI/DR/009025307628/BigBasket/ICICI/bigbasket@ybl/UPI,761059129735,680.84,,213986.12
08-10-2025,ATM CASH WITHDRAWAL/71596/LUCKNOW,870384589470,"3,000.00",,210986.12
08-10-2025,NACH/MANDATE/LN720193497411/Axis Bank Auto Loan,374446136452,"9,000.00",,201986.12
08-10-2025,NACH/MANDATE/RNT4140591/RENT MANDATE,742633794750,"25,500.00",,176486.12
09-10-2025,UPI/DR/884043021531/Meesho/PAYTM/meesho@ybl/UPI,346755100629,"4,150.52",,172335.60
09-10-2025,UPI/DR/205142566653/Nykaa/ICICI/nykaa@razorpay/UPI,919608878702,749.00,,171586.60
09-10-2025,UPI/DR/928594280371/Vandana/UCBA/vandanapati59@ptsbi/UPI,326663837060,"5,500.32",,166086.28
10-10-2025,UPI/DR/202316807321/Flipkart/ICICI/flipkart@ybl/UPI,131543163860,"1,140.50",,164945.78
10-10-2025,UPI/DR/508428474408/BSNL/ICICI/bsnlbroadband@upi/UPI,828199029368,210.99,,164734.79
11-10-2025,UPI/DR/469524514988/Jio/ICICI/jio@paytm/UPI,261984868261,"1,080.25",,163654.54
11-10-2025,UPI/DR/300195510521/CESC/UPIN/cescpayment@upi/UPI,732840343376,"3,900.82",,159753.72
12-10-2025,POS RELIANCE PETROLEUM LUCKNOW,580875249527,"1,600.81",,158152.91
12-10-2025,POS INDIAN OIL LUCKNOW,917752083810,"1,950.20",,156202.71
13-10-2025,NEFT/N2694152350075/Sun Pharmaceutical I,718054017165,,"6,000.61",162203.32
15-10-2025,UPI/DR/088121162581/Rani/UTIB/ranipill14@okhdfcbank/UPI,994497756736,"21,950.85",,140252.47
15-10-2025,UPI/DR/028526531249/Nykaa/PAYTM/nykaa@razorpay/UPI,258652602972,"1,900.38",,138352.09
15-10-2025,UPI/DR/127420070047/Vi/PAYTM/vi@airtelaxis/UPI,229473241495,989.00,,137363.09
15-10-2025,UPI/DR/041165982500/Flipkart/PAYTM/flipkart@ybl/UPI,638637759346,"3,450.83",,133912.26
16-10-2025,UPI/DR/693418142938/PhonePe/ICICI/phonepe@ybl/UPI,298072742109,"2,520.08",,131392.18
17-10-2025,UPI/DR/589918798487/Rahul/HDFC/rahulgupt71@aubank/UPI,970849370533,"14,600.40",,116791.78
17-10-2025,ATM CASH WITHDRAWAL/06189/LUCKNOW,932099489967,"2,000.00",,114791.78
20-10-2025,ATM CASH WITHDRAWAL/55718/LUCKNOW,571403193001,"3,500.00",,111291.78
21-10-2025,UPI/DR/238198008790/Rapido/PAYTM/rapido@icici/UPI,848043517868,740.51,,110551.27
21-10-2025,UPI/CR/032663124467/Maya/HDFC/maya.bose@ptaxis/UPI,185958062926,,"6,650.13",117201.40
21-10-2025,UPI/DR/608082687818/Siddharth/SBIN/siddharth167@okaxis/UPI,002009805931,"5,800.69",,111400.71
22-10-2025,UPI/CR/518883508744/Gaurav/FDRL/5168943665@upi/UPI,967479754137,,"14,550.21",125950.92
22-10-2025,UPI/DR/354814419130/Ola/PAYTM/olamoney@ola/UPI,515306559864,80.97,,125869.95
22-10-2025,UPI/DR/767329409947/Indane/ICICI/indanegas@upi/UPI,132937820799,"1,400.18",,124469.77
23-10-2025,POS LIFESTYLE STORES LUCKNOW,919330322592,"7,500.04",,116969.73
23-10-2025,UPI/DR/741085010256/Vi/PAYTM/vi@airtelaxis/UPI,577729800480,889.00,,116080.73
23-10-2025,UPI/DR/400084645079/Dunzo/ICICI/dunzo@razorpay/UPI,013085374838,870.17,,115210.56
24-10-2025,POS RELIANCE MART LUCKNOW,613805623259,"1,000.09",,114210.47
24-10-2025,UPI/DR/758313571031/Hotstar/ICICI/hotstar@hdfcbank/UPI,417078317143,649.00,,113561.47
25-10-2025,UPI/DR/776803544569/Siddharth/BARB/siddharth908@okaxis/UPI,447975053961,"17,600.63",,95960.84
26-10-2025,UPI/CR/374917863740/Anil/SBIN/anilshuk24@ptsbi/UPI,927017597570,,"13,550.25",109511.09
27-10-2025,UPI/DR/474140408428/Kapil/FDRL/kapilmeht10@ptsbi/UPI,385960103318,"13,550.62",,95960.47
27-10-2025,UPI/DR/680392104314/Vi/PAYTM/vi@airtelaxis/UPI,845126832145,639.00,,95321.47
29-10-2025,UPI/DR/868765213953/Blinkit/ICICI/blinkit@kotak/UPI,632673836544,270.04,,95051.43
29-10-2025,UPI/DR/772546891746/PhonePe/ICICI/phonepe@ybl/UPI,376193034068,"1,790.50",,93260.93
29-10-2025,UPI/DR/695004352386/Neha/UCBA/7545227168@okhdfcbank/UPI,982112575848,"15,050.61",,78210.32
31-10-2025,UPI/DR/862637774642/Paytm/ICICI/paytm@paytm/UPI,615771444151,"2,290.50",,75919.82
01-11-2025,UPI/DR/078642988504/Ola/PAYTM/olamoney@ola/UPI,810283977097,590.29,,75329.53
02-11-2025,POS BHARAT PETROLEUM LUCKNOW,343504969091,"2,700.75",,72628.78
03-11-2025,UPI/DR/811843114428/Ola/PAYTM/olamoney@ola/UPI,911545705159,790.95,,71837.83
03-11-2025,POS D MART LUCKNOW,046898834744,"4,400.14",,67437.69
03-11-2025,UPI/DR/236157818997/Vi/PAYTM/vi@airtelaxis/UPI,440824914583,869.00,,66568.69
05-11-2025,UPI/DR/228965747161/Zomato/ICICI/zomato@axisbank/UPI,497642424534,"2,750.88",,63817.81
05-11-2025,SALARY CREDIT/S4844566687663/Madura Garments Pvt Ltd,158184667218,,"123,974.82",187792.63
05-11-2025,UPI/DR/035417175444/Vi/PAYTM/vi@airtelaxis/UPI,456554072778,559.00,,187233.63
08-11-2025,UPI/CR/788529493954/Rakesh/HDFC/rakesh547@ptyes/UPI,493860940664,,"14,250.41",201484.04
08-11-2025,UPI/DR/401131262618/Flipkart/ICICI/flipkart@ybl/UPI,289962110375,"1,340.52",,200143.52
09-11-2025,NACH/MANDATE/LN720193497411/Axis Bank Auto Loan,784542153866,"9,000.00",,191143.52
09-11-2025,POS BHARAT PETROLEUM LUCKNOW,593698667826,"1,300.69",,189842.83
09-11-2025,NACH/MANDATE/RNT1200772/RENT MANDATE,523852276128,"25,500.00",,164342.83
10-11-2025,UPI/DR/164077839560/Paytm/ICICI/paytm@paytm/UPI,268897476995,"1,680.72",,162662.11
10-11-2025,UPI/CR/193658486409/Mohit/HDFC/mohitmalh85@aubank/UPI,349810615301,,"18,500.91",181163.02
10-11-2025,UPI/DR/310345142044/Zomato/ICICI/zomato@axisbank/UPI,328060208648,210.56,,180952.46
12-11-2025,UPI/DR/985845746345/Flipkart/ICICI/flipkart@ybl/UPI,223353779299,"1,160.96",,179791.50
13-11-2025,ATM CASH WITHDRAWAL/14710/LUCKNOW,753960464041,"4,500.00",,175291.50
13-11-2025,UPI/DR/103301352854/Myntra/PAYTM/myntra@ybl/UPI,976962389104,"4,000.10",,171291.40
14-11-2025,UPI/CR/647452113499/Ritu/BARB/ritu.chaudhary@upi/UPI,250167110223,,"17,450.82",188742.22
14-11-2025,UPI/DR/697649480100/Jio/ICICI/jio@paytm/UPI,949232609317,"1,840.48",,186901.74
14-11-2025,UPI/DR/264824946494/Rapido/PAYTM/rapido@icici/UPI,291468995887,870.52,,186031.22
15-11-2025,UPI/DR/896755780772/Amazon/PAYTM/amazon@apl/UPI,637131858947,"2,050.50",,183980.72
15-11-2025,UPI/DR/769716295403/Amazon/ICICI/amazon@apl/UPI,774570487701,590.76,,183389.96
17-11-2025,UPI/DR/475321939851/Practo/ICICI/practo@paytm/UPI,806737443730,749.00,,182640.96
17-11-2025,UPI/DR/528518998617/BigBasket/ICICI/bigbasket@ybl/UPI,598818044740,"2,580.24",,180060.72
18-11-2025,UPI/CR/053057316507/Tarun/PUNB/4440551070@pthdfc/UPI,147683313467,,"7,000.58",187061.30
18-11-2025,UPI/DR/387985882843/Ola/ICICI/olamoney@ola/UPI,874231380561,340.65,,186720.65
19-11-2025,UPI/DR/634559767576/PhonePe/ICICI/phonepe@ybl/UPI,973251660041,"1,840.62",,184880.03
19-11-2025,UPI/DR/004707106109/Ola/ICICI/olamoney@ola/UPI,693088494776,"2,110.77",,182769.26
19-11-2025,UPI/DR/516619804188/Meesho/PAYTM/meesho@ybl/UPI,846760736295,"4,200.66",,178568.60
20-11-2025,UPI/DR/900597199908/Ola/PAYTM/olamoney@ola/UPI,513913360523,860.03,,177708.57
20-11-2025,POS MAX FASHION LUCKNOW,112659753491,"2,950.61",,174757.96
20-11-2025,POS SHELL FUEL STATION LUCKNOW,296447669037,"3,100.40",,171657.56
20-11-2025,UPI/DR/265292972277/Santosh/BARB/santosh659@ptsbi/UPI,192998766353,"14,100.13",,157557.43
21-11-2025,UPI/DR/847157731932/Amazon/ICICI/amazon@apl/UPI,529650815954,"1,060.17",,156497.26
21-11-2025,UPI/DR/281147775814/CESC/UPIN/cescpayment@upi/UPI,773528996086,"3,650.36",,152846.90
21-11-2025,UPI/DR/294927305089/Vi/PAYTM/vi@airtelaxis/UPI,734830337007,859.00,,151987.90
22-11-2025,UPI/DR/183809183437/Ola/ICICI/olamoney@ola/UPI,138629445052,"1,420.36",,150567.54
22-11-2025,POS MORE SUPER MARKET LUCKNOW,861228935088,650.72,,149916.82
23-11-2025,UPI/DR/372083897511/Uber/PAYTM/uber@paytm/UPI,233333178808,380.38,,149536.44
23-11-2025,UPI/DR/280380551389/PhonePe/ICICI/phonepe@ybl/UPI,694563208791,"2,350.41",,147186.03
23-11-2025,UPI/DR/902540428793/Jyoti/PUNB/jyoti.agarwal@ptyes/UPI,314936618786,700.07,,146485.96
24-11-2025,UPI/DR/689482527631/Amazon/ICICI/amazon@apl/UPI,651454177531,"2,790.81",,143695.15
24-11-2025,UPI/CR/411317418762/Maya/UTIB/mayapate84@upi/UPI,773056488095,,"4,350.70",148045.85
24-11-2025,POS CENTRAL MALL LUCKNOW,620853340908,"1,600.74",,146445.11
25-11-2025,POS RELIANCE PETROLEUM LUCKNOW,832721383955,"4,100.27",,142344.84
25-11-2025,NEFT/N2360273710013/Blue Dart Express Lt,832382079719,,"31,000.67",173345.51
25-11-2025,UPI/DR/478347230803/Indane/ICICI/indanegas@upi/UPI,125309060701,"2,800.69",,170544.82
27-11-2025,UPI/DR/143673653963/Gopal/KKBK/gopal.kumar@okicici/UPI,889454200210,"6,550.28",,163994.54
27-11-2025,POS BRAND FACTORY LUCKNOW,233299655901,"4,550.74",,159443.80
28-11-2025,UPI/DR/091732957848/Deepa/FDRL/6245922065@okhdfcbank/UPI,677714044437,"9,700.84",,149742.96
28-11-2025,UPI/DR/478492053145/Paytm/ICICI/paytm@paytm/UPI,536878896183,"2,540.22",,147202.74
28-11-2025,ATM CASH WITHDRAWAL/99282/LUCKNOW,080965544490,"6,000.00",,141202.74
29-11-2025,MAINTENANCE CHARGES,530001282322,150.00,,141052.74
29-11-2025,GST ON CHARGES,087384303939,27.00,,141025.74
30-11-2025,UPI/CR/371656494596/Yogesh/BDBL/yogesh.roy@paytm/UPI,556176389075,,"21,800.44",162826.18
30-11-2025,POS CENTRAL MALL LUCKNOW,373663293770,"2,900.95",,159925.23
30-11-2025,ATM CASH WITHDRAWAL/67156/LUCKNOW,198650365895,"3,000.00",,156925.23
30-11-2025,UPI/DR/962052888057/Geeta/BARB/geetachat22@ptaxis/UPI,458807223802,"17,600.83",,139324.40
01-12-2025,UPI/DR/399657292385/Vijay/KKBK/vijay547@apl/UPI,837592082400,"14,950.69",,124373.71
01-12-2025,POS METRO CASH CARRY LUCKNOW,809848640824,"3,150.75",,121222.96
01-12-2025,POS BRAND FACTORY LUCKNOW,078199041527,"5,700.35",,115522.61
01-12-2025,UPI/DR/419077037327/Jio/ICICI/jio@paytm/UPI,301264519611,"1,770.13",,113752.48
03-12-2025,UPI/DR/433366928301/Priya/KKBK/priya.bose@ptsbi/UPI,701993627033,"19,450.21",,94302.27
03-12-2025,UPI/DR/444938803027/Amazon/ICICI/amazon@apl/UPI,064943904134,"1,250.18",,93052.09
03-12-2025,UPI/DR/732951551206/Blinkit/ICICI/blinkit@kotak/UPI,412732849992,"2,770.84",,90281.25
04-12-2025,UPI/DR/765569868191/Rapido/PAYTM/rapido@icici/UPI,806833325239,850.43,,89430.82
05-12-2025,SALARY CREDIT/S2680357595708/Madura Garments Pvt Ltd,676056125299,,"119,136.82",208567.64
05-12-2025,ATM CASH WITHDRAWAL/87493/LUCKNOW,322064669459,"10,000.00",,198567.64
05-12-2025,IMPS-034828303223-Pooja Chatterjee,164954448401,"43,700.99",,154866.65
05-12-2025,UPI/DR/185867520540/Vi/PAYTM/vi@airtelaxis/UPI,200529391719,359.00,,154507.65
05-12-2025,UPI/DR/703097641120/Vandana/BARB/0293881656@oksbi/UPI,746500688439,"14,850.09",,139657.56
06-12-2025,UPI/DR/693577413238/SBI/LICI/licindia@licindia/UPI,503195332650,"2,400.00",,137257.56
06-12-2025,UPI/CR/736157183078/Nisha/UTIB/nisha333@apl/UPI,685518284286,,"17,400.98",154658.54
07-12-2025,POS STAR BAZAAR LUCKNOW,515733262428,"5,100.84",,149557.70
08-12-2025,NACH/MANDATE/LN720193497411/Axis Bank Auto Loan,501418268532,"9,000.00",,140557.70
09-12-2025,UPI/DR/614311538478/Uber/ICICI/uber@paytm/UPI,259352806661,"1,930.02",,138627.68
09-12-2025,NACH/MANDATE/RNT6455345/RENT MANDATE,195212816963,"25,500.00",,113127.68
10-12-2025,UPI/DR/460167904085/Flipkart/ICICI/flipkart@ybl/UPI,487887743035,710.18,,112417.50
10-12-2025,UPI/DR/767734873594/Swiggy/ICICI/swiggy@icici/UPI,470101841580,"1,560.40",,110857.10
10-12-2025,UPI/DR/704270647363/Vi/PAYTM/vi@airtelaxis/UPI,219021990139,479.00,,110378.10
10-12-2025,UPI/DR/304163328358/Flipkart/ICICI/flipkart@ybl/UPI,036884874476,"2,210.24",,108167.86
12-12-2025,UPI/DR/268545768962/ACT/RAZORPAY/broadband@paytm/UPI,220537854117,999.00,,107168.86
13-12-2025,UPI/CR/076368666746/Vandana/PUNB/vandana660@pthdfc/UPI,091342306997,,"5,650.06",112818.92
13-12-2025,UPI/CR/226039911278/Ramesh/BDBL/5520859963@ptyes/UPI,896063822933,,"18,450.82",131269.74
13-12-2025,UPI/DR/289492462129/Indane/ICICI/indanegas@upi/UPI,900766999316,"1,850.88",,129418.86
14-12-2025,UPI/DR/735962673555/Nykaa/ICICI/nykaa@razorpay/UPI,805637956608,599.00,,128819.86
14-12-2025,UPI/DR/815846448669/Pallavi/HDFC/pallavi.kapoor@ybl/UPI,863716042237,"9,250.67",,119569.19
15-12-2025,POS BHARAT PETROLEUM LUCKNOW,476929446670,"3,050.84",,116518.35
16-12-2025,POS PANTALOONS LUCKNOW,603775470754,550.15,,115968.20
16-12-2025,UPI/CR/888555032225/Harish/KKBK/harish577@ybl/UPI,487235316195,,"18,450.64",134418.84
17-12-2025,UPI/DR/033140381561/Ola/PAYTM/olamoney@ola/UPI,274412499360,880.44,,133538.40
18-12-2025,UPI/DR/563621642768/Kiran/FDRL/kiran468@oksbi/UPI,532729451923,"14,500.17",,119038.23
19-12-2025,POS BIG BAZAAR LUCKNOW,778734473771,"4,150.98",,114887.25
19-12-2025,UPI/DR/491013833281/Uber/PAYTM/uber@paytm/UPI,902938736919,740.24,,114147.01
21-12-2025,UPI/DR/225646991356/CESC/UPIN/cescpayment@upi/UPI,857783996321,"3,150.54",,110996.47
21-12-2025,UPI/CR/113526055614/Babita/SBIN/9327613829@pthdfc/UPI,023761489858,,"7,700.75",118697.22
21-12-2025,NEFT/N7057608963281/Bajaj Auto Ltd,930295122781,,"44,000.91",162698.13
23-12-2025,UPI/DR/739173430929/Flipkart/ICICI/flipkart@ybl/UPI,664940913097,"2,540.92",,160157.21
23-12-2025,UPI/DR/635534792030/Dunzo/ICICI/dunzo@razorpay/UPI,470278666211,"2,300.05",,157857.16
23-12-2025,UPI/DR/180912824361/Rapido/PAYTM/rapido@icici/UPI,999961556612,750.66,,157106.50
24-12-2025,UPI/DR/232910826163/Flipkart/PAYTM/flipkart@ybl/UPI,437661981684,900.15,,156206.35
25-12-2025,UPI/DR/692950279005/BSNL/ICICI/bsnlbroadband@upi/UPI,870914641426,970.97,,155235.38
26-12-2025,POS SHELL FUEL STATION LUCKNOW,388589629613,"2,450.17",,152785.21
26-12-2025,POS INDIAN OIL LUCKNOW,328475268693,"3,450.81",,149334.40
27-12-2025,UPI/DR/853958316503/Ola/ICICI/olamoney@ola/UPI,765649535247,380.31,,148954.09
27-12-2025,UPI/DR/301090058779/Zepto/ICICI/zepto@apl/UPI,393160971754,"1,130.21",,147823.88
27-12-2025,UPI/CR/147455138520/Usha/UCBA/usha.chaudhary@pthdfc/UPI,738454985224,,"19,300.28",167124.16
28-12-2025,UPI/DR/511515531943/Apollo/ICICI/apollopharmacy@ybl/UPI,811204042558,"3,130.07",,163994.09
28-12-2025,INTEREST CREDIT,401921387510,,250.26,164244.35
28-12-2025,POS STAR BAZAAR LUCKNOW,724806450607,"6,250.87",,157993.48
29-12-2025,UPI/DR/182345420184/Priya/PUNB/3422704286@paytm/UPI,918119510840,"6,150.92",,151842.56
29-12-2025,UPI/DR/279018990576/Tarun/SBIN/tarunkapo55@kotak/UPI,941004984582,"7,500.77",,144341.79
29-12-2025,UPI/DR/221646213407/Flipkart/PAYTM/flipkart@ybl/UPI,382376588486,"1,000.92",,143340.87
30-12-2025,MAINTENANCE CHARGES,237794053064,150.00,,143190.87
30-12-2025,GST ON CHARGES,705220989409,27.00,,143163.87
30-12-2025,UPI/CR/480024345165/Ramesh/HDFC/ramesh628@apl/UPI,259455126887,,"19,850.22",163014.09
30-12-2025,UPI/DR/605690032695/Zepto/ICICI/zepto@apl/UPI,991248499181,"2,080.87",,160933.22
31-12-2025,UPI/DR/031987854013/Swiggy/ICICI/swiggy@icici/UPI,220845200025,"2,570.55",,158362.67
31-12-2025,UPI/DR/073804916505/Swiggy/ICICI/swiggy@icici/UPI,777757434834,"1,330.83",,157031.84
31-12-2025,ATM CASH WITHDRAWAL/85031/LUCKNOW,900413978762,"2,000.00",,155031.84
02-01-2026,UPI/DR/329519111788/Uber/PAYTM/uber@paytm/UPI,871780697821,340.73,,154691.11
02-01-2026,UPI/DR/837071621594/Vi/PAYTM/vi@airtelaxis/UPI,801817255274,649.00,,154042.11
03-01-2026,UPI/DR/372171981599/Uber/ICICI/uber@paytm/UPI,009839543436,"2,750.02",,151292.09
03-01-2026,POS BRAND FACTORY LUCKNOW,780524982190,"3,100.73",,148191.36
03-01-2026,ATM CASH WITHDRAWAL/34540/LUCKNOW,751647720391,"1,000.00",,147191.36
03-01-2026,UPI/DR/076523255366/Ola/PAYTM/olamoney@ola/UPI,052696819280,560.05,,146631.31
04-01-2026,UPI/DR/225740477252/Uber/PAYTM/uber@paytm/UPI,602592680900,160.12,,146471.19
04-01-2026,UPI/DR/459119487267/Practo/ICICI/practo@paytm/UPI,276244962111,249.00,,146222.19
04-01-2026,UPI/DR/265117988079/Amazon/PAYTM/amazon@apl/UPI,774228615907,650.07,,145572.12
06-01-2026,UPI/DR/776108167344/Akash/UCBA/9343173271@axl/UPI,329035950376,"8,450.28",,137121.84
06-01-2026,POS METRO CASH CARRY LUCKNOW,620259364570,"6,350.12",,130771.72
06-01-2026,POS D MART LUCKNOW,736039622934,"5,900.23",,124871.49
06-01-2026,UPI/DR/757480968281/Gaurav/KKBK/gaurav467@axl/UPI,779597710344,"3,850.79",,121020.70
07-01-2026,UPI/DR/681858794940/Paytm/ICICI/paytm@paytm/UPI,056441573137,510.20,,120510.50
07-01-2026,SALARY CREDIT/S4536968796076/Madura Garments Pvt Ltd,868676854145,,"121,143.82",241654.32
08-01-2026,UPI/DR/820733530741/Suresh/KKBK/suresh.patel@paytm/UPI,278692008338,"6,050.85",,235603.47
08-01-2026,ATM CASH WITHDRAWAL/00885/LUCKNOW,525900787429,"4,000.00",,231603.47
08-01-2026,UPI/CR/569235311306/Rohit/BKID/1348493315@axl/UPI,459437170969,,"15,950.68",247554.15
09-01-2026,UPI/DR/545956540930/PhonePe/ICICI/phonepe@ybl/UPI,466822646941,"1,120.57",,246433.58
09-01-2026,UPI/DR/963198751428/Swiggy/ICICI/swiggy@icici/UPI,576816330747,470.08,,245963.50
09-01-2026,UPI/DR/844876610159/Kavya/HDFC/kavyabane28@axl/UPI,786424908982,"12,300.84",,233662.66
09-01-2026,NACH/MANDATE/RNT9278934/RENT MANDATE,599313255208,"25,500.00",,208162.66
09-01-2026,UPI/DR/896933779362/Akash/KKBK/4934674411@ptaxis/UPI,088771810304,"13,900.87",,194261.79
10-01-2026,UPI/DR/068910165403/Vi/PAYTM/vi@airtelaxis/UPI,252470540162,409.00,,193852.79
10-01-2026,UPI/DR/614178907711/Amazon/PAYTM/amazon@apl/UPI,681604284141,950.79,,192902.00
10-01-2026,UPI/CR/291358500265/Harish/BKID/harish617@okhdfcbank/UPI,757540732085,,"2,600.74",195502.74
10-01-2026,UPI/DR/392071917652/Uber/ICICI/uber@paytm/UPI,046862210913,"1,750.47",,193752.27
11-01-2026,UPI/DR/889182558775/Swiggy/ICICI/swiggy@icici/UPI,430973363411,"1,090.54",,192661.73
13-01-2026,POS VISHAL MEGA MART LUCKNOW,631417673278,"1,350.19",,191311.54
14-01-2026,NACH/MANDATE/LN720193497411/Axis Bank Auto Loan,907589268566,"9,000.00",,182311.54
14-01-2026,UPI/DR/998072435976/Uber/ICICI/uber@paytm/UPI,398742402623,"2,630.05",,179681.49
15-01-2026,UPI/DR/536309959117/Indane/ICICI/indanegas@upi/UPI,564821823126,"1,950.06",,177731.43
15-01-2026,UPI/DR/132449146349/Uber/ICICI/uber@paytm/UPI,748769809303,300.54,,177430.89
16-01-2026,POS RELIANCE PETROLEUM LUCKNOW,219620114797,"1,400.80",,176030.09
16-01-2026,UPI/DR/069574176304/Amazon/ICICI/amazon@apl/UPI,428525495121,670.99,,175359.10
16-01-2026,UPI/DR/631114366893/Zomato/ICICI/zomato@axisbank/UPI,615784955766,"1,140.28",,174218.82
17-01-2026,UPI/DR/212600901563/Apollo/ICICI/apollopharmacy@ybl/UPI,915970270393,"3,130.08",,171088.74
17-01-2026,NEFT/N8770045389056/Maruti Suzuki India,553472200314,,"21,000.46",192089.20
18-01-2026,UPI/DR/607399520281/Girish/BARB/girish.dutta@okhdfcbank/UPI,433742663170,"9,950.44",,182138.76
20-01-2026,UPI/DR/944195987907/CESC/UPIN/cescpayment@upi/UPI,894311108720,"2,750.48",,179388.28
20-01-2026,UPI/DR/440220245331/Vi/PAYTM/vi@airtelaxis/UPI,023914163525,999.00,,178389.28
20-01-2026,POS VISHAL MEGA MART LUCKNOW,343091696296,"7,850.56",,170538.72
21-01-2026,UPI/DR/740069054905/Uber/ICICI/uber@paytm/UPI,688628976667,"1,640.71",,168898.01
21-01-2026,UPI/DR/582862403214/Meesho/PAYTM/meesho@ybl/UPI,768244354504,"3,900.10",,164997.91
22-01-2026,UPI/DR/868213543692/Jio/ICICI/jio@paytm/UPI,866179472758,"2,430.78",,162567.13
23-01-2026,UPI/DR/067472704129/Harish/FDRL/7961583884@ptaxis/UPI,466248201297,"10,050.26",,152516.87
23-01-2026,UPI/DR/731462332882/Paytm/ICICI/paytm@paytm/UPI,763711385246,290.69,,152226.18
23-01-2026,UPI/DR/868787465169/Ola/PAYTM/olamoney@ola/UPI,399258837747,650.58,,151575.60
23-01-2026,UPI/DR/074596511591/Jyoti/BARB/7133119283@ptaxis/UPI,755420926913,"19,050.30",,132525.30
23-01-2026,UPI/DR/269447007005/Swiggy/ICICI/swiggy@icici/UPI,482581107117,580.94,,131944.36
25-01-2026,UPI/DR/163808000969/Ola/PAYTM/olamoney@ola/UPI,893071452789,760.58,,131183.78
25-01-2026,UPI/CR/441503149386/Rekha/HDFC/rekha.naik@okaxis/UPI,216200315387,,"4,050.54",135234.32
26-01-2026,UPI/DR/064387344102/BigBasket/ICICI/bigbasket@ybl/UPI,060815251116,"2,710.51",,132523.81
26-01-2026,UPI/DR/924517238358/Ola/PAYTM/olamoney@ola/UPI,871186642295,630.95,,131892.86
26-01-2026,POS INDIAN OIL LUCKNOW,156712622543,"2,350.16",,129542.70
27-01-2026,UPI/CR/964816916634/Rahul/BKID/rahul.reddy@okaxis/UPI,499948137604,,"12,800.87",142343.57
27-01-2026,UPI/CR/563025946074/Suresh/BARB/suresh.iyer@okhdfcbank/UPI,311253138520,,"13,450.27",155793.84
28-01-2026,UPI/DR/216459021940/Vi/PAYTM/vi@airtelaxis/UPI,296454032715,199.00,,155594.84
28-01-2026,UPI/DR/045337203838/Shreya/BKID/shreyakulk44@axl/UPI,912143811214,"17,350.24",,138244.60
28-01-2026,UPI/DR/755434687336/Zepto/ICICI/zepto@apl/UPI,959377500762,640.39,,137604.21
30-01-2026,MAINTENANCE CHARGES,133053611346,430.00,,137174.21
30-01-2026,GST ON CHARGES,346235001266,77.40,,137096.81
30-01-2026,UPI/DR/603138362642/BigBasket/ICICI/bigbasket@ybl/UPI,142619106622,320.99,,136775.82
01-02-2026,UPI/DR/653197585399/Ashish/PUNB/ashish.yadav@okaxis/UPI,571901940964,"10,300.01",,126475.81
02-02-2026,ATM CASH WITHDRAWAL/38717/LUCKNOW,421823465225,"9,500.00",,116975.81
02-02-2026,UPI/DR/308346670969/Manoj/BKID/manojkhan60@paytm/UPI,432917332651,"18,700.17",,98275.64
03-02-2026,UPI/DR/686256181520/Paytm/ICICI/paytm@paytm/UPI,744459388931,"1,950.85",,96324.79
03-02-2026,UPI/DR/495046494905/Uber/PAYTM/uber@paytm/UPI,221607730654,140.30,,96184.49
05-02-2026,UPI/DR/035737322933/Rapido/PAYTM/rapido@icici/UPI,533653586195,520.15,,95664.34
05-02-2026,UPI/DR/738352556604/Lalit/BKID/lalit.pillai@axl/UPI,013116835007,"20,000.43",,75663.91
05-02-2026,UPI/DR/727273079282/Rapido/PAYTM/rapido@icici/UPI,930171624681,410.87,,75253.04
06-02-2026,POS BIG BAZAAR LUCKNOW,980293262605,"7,200.49",,68052.55
06-02-2026,UPI/DR/527441120452/Girish/UTIB/girish975@kotak/UPI,851014671087,"5,800.31",,62252.24
06-02-2026,SALARY CREDIT/S5280799840396/Madura Garments Pvt Ltd,914564537835,,"120,876.82",183129.06
07-02-2026,ATM CASH WITHDRAWAL/81269/LUCKNOW,667241461455,"5,000.00",,178129.06
08-02-2026,UPI/DR/855409343080/BigBasket/ICICI/bigbasket@ybl/UPI,252242586011,"2,370.02",,175759.04
09-02-2026,UPI/CR/283157537820/Jyoti/BKID/jyoti.saxena@okaxis/UPI,813420453117,,"18,950.94",194709.98
10-02-2026,UPI/DR/539766062968/Vi/PAYTM/vi@airtelaxis/UPI,220671232897,599.00,,194110.98
10-02-2026,POS CENTRAL MALL LUCKNOW,962089894362,"6,200.44",,187910.54
11-02-2026,NACH/MANDATE/RNT2528178/RENT MANDATE,631584905699,"25,500.00",,162410.54
12-02-2026,NACH/MANDATE/LN720193497411/Axis Bank Auto Loan,131318081546,"9,000.00",,153410.54
12-02-2026,UPI/CR/428942885842/Varun/PUNB/varun683@ptsbi/UPI,904549145336,,"15,950.67",169361.21
14-02-2026,UPI/DR/216214223820/Nikhil/UCBA/nikhil.bose@ptyes/UPI,068359265510,"2,450.58",,166910.63
14-02-2026,UPI/CR/913235340090/Ravi/KKBK/ravirao28@ptyes/UPI,112421025184,,"19,450.46",186361.09
14-02-2026,UPI/DR/920212899730/Paytm/ICICI/paytm@paytm/UPI,754818619665,510.56,,185850.53
15-02-2026,UPI/DR/825916824215/ACT/RAZORPAY/broadband@paytm/UPI,883350176083,799.00,,185051.53
16-02-2026,UPI/DR/580323255701/Indane/ICICI/indanegas@upi/UPI,919835374531,"2,550.56",,182500.97
17-02-2026,UPI/DR/341160555033/Jio/ICICI/jio@paytm/UPI,716555350393,410.02,,182090.95
18-02-2026,UPI/CR/612471653578/Rahul/BARB/rahul607@oksbi/UPI,041781307001,,"12,950.07",195041.02
19-02-2026,UPI/CR/859176306363/Vikram/BARB/vikram.roy@ptyes/UPI,234743244531,,"3,700.89",198741.91
19-02-2026,UPI/CR/492007724884/Anita/BARB/anita969@paytm/UPI,925006104980,,"7,400.71",206142.62
20-02-2026,UPI/DR/852272259857/Ola/PAYTM/olamoney@ola/UPI,305299342480,130.87,,206011.75
20-02-2026,UPI/DR/124171126269/BSNL/ICICI/bsnlbroadband@upi/UPI,344762180727,990.74,,205021.01
20-02-2026,NEFT/N6020160405981/Blue Dart Express Lt,762998357317,,"36,500.78",241521.79
21-02-2026,UPI/DR/063702137771/CESC/UPIN/cescpayment@upi/UPI,001342593135,"2,500.83",,239020.96
21-02-2026,UPI/DR/503658477699/Ola/PAYTM/olamoney@ola/UPI,797666711318,620.08,,238400.88
23-02-2026,UPI/DR/200285939261/Ola/ICICI/olamoney@ola/UPI,938392455343,230.86,,238170.02
23-02-2026,UPI/DR/671610217393/Flipkart/PAYTM/flipkart@ybl/UPI,513242873161,"5,300.92",,232869.10
24-02-2026,POS PANTALOONS LUCKNOW,010417260488,"3,500.95",,229368.15
24-02-2026,UPI/DR/495210980805/Paytm/ICICI/paytm@paytm/UPI,014147052717,310.32,,229057.83
25-02-2026,UPI/DR/591502423378/Hotstar/ICICI/hotstar@hdfcbank/UPI,767288688971,299.00,,228758.83
25-02-2026,UPI/DR/052659417340/Vi/PAYTM/vi@airtelaxis/UPI,843364359010,629.00,,228129.83
25-02-2026,UPI/DR/444491838181/Vi/PAYTM/vi@airtelaxis/UPI,117641611968,339.00,,227790.83
25-02-2026,UPI/DR/962690110516/Vi/PAYTM/vi@airtelaxis/UPI,400285538256,629.00,,227161.83
26-02-2026,POS BIG BAZAAR LUCKNOW,068530864675,750.82,,226411.01
26-02-2026,UPI/DR/326777793701/Swiggy/ICICI/swiggy@icici/UPI,617032060640,"1,850.70",,224560.31
27-02-2026,UPI/DR/580693830391/Uber/ICICI/uber@paytm/UPI,876454191598,"1,080.17",,223480.14
27-02-2026,POS SHELL FUEL STATION LUCKNOW,469659704327,"4,000.38",,219479.76
27-02-2026,UPI/DR/423616978499/Blinkit/ICICI/blinkit@kotak/UPI,713479202357,"1,580.45",,217899.31
27-02-2026,POS SHELL FUEL STATION LUCKNOW,739816424322,"4,250.67",,213648.64
28-02-2026,GST ON CHARGES,388881392488,77.40,,213571.24
28-02-2026,MAINTENANCE CHARGES,215579390952,430.00,,213141.24
01-03-2026,UPI/DR/034645530535/Swiggy/ICICI/swiggy@icici/UPI,416292070603,800.25,,212340.99
01-03-2026,ATM CASH WITHDRAWAL/89792/LUCKNOW,282299957468,"9,500.00",,202840.99
01-03-2026,POS SHELL FUEL STATION LUCKNOW,162385851451,"1,300.82",,201540.17
02-03-2026,ATM CASH WITHDRAWAL/76579/LUCKNOW,554392413896,"8,500.00",,193040.17
02-03-2026,UPI/DR/956027386552/Rekha/UCBA/rekha.mehta@kotak/UPI,920586332253,"2,850.43",,190189.74
03-03-2026,UPI/DR/182465845885/Ola/ICICI/olamoney@ola/UPI,688095205650,220.61,,189969.13
03-03-2026,POS HP PETROL PUMP LUCKNOW,218057384798,"1,750.27",,188218.86
04-03-2026,POS D MART LUCKNOW,309461883153,"2,050.10",,186168.76
04-03-2026,UPI/DR/182329551233/Pooja/PUNB/8008382842@upi/UPI,283132000351,"5,450.54",,180718.22
04-03-2026,UPI/DR/222614708404/SBI/LICI/licindia@licindia/UPI,548276640239,"2,400.00",,178318.22
04-03-2026,POS SHOPPERS STOP LUCKNOW,422042559155,"6,800.00",,171518.22
04-03-2026,UPI/DR/275099764178/Zomato/ICICI/zomato@axisbank/UPI,969600428162,790.18,,170728.04
04-03-2026,POS MORE SUPER MARKET LUCKNOW,911979703096,"2,950.55",,167777.49
05-03-2026,SALARY CREDIT/S4473553937478/Madura Garments Pvt Ltd,026982896956,,"119,097.82",286875.31
05-03-2026,UPI/DR/687186989460/Nykaa/PAYTM/nykaa@razorpay/UPI,627457139134,"2,500.85",,284374.46
07-03-2026,UPI/DR/716095284352/Ola/PAYTM/olamoney@ola/UPI,442354991096,490.73,,283883.73
07-03-2026,UPI/DR/914205351835/Deepak/SBIN/deepak.naik@ibl/UPI,975224663406,"2,400.59",,281483.14
07-03-2026,NACH/MANDATE/RNT7158934/RENT MANDATE,597385447159,"25,500.00",,255983.14
08-03-2026,UPI/DR/772455873440/Kiran/SBIN/kiran.dutta@ptsbi/UPI,379070806667,"8,400.98",,247582.16
08-03-2026,POS HP PETROL PUMP LUCKNOW,444021749114,"1,000.30",,246581.86
08-03-2026,UPI/CR/619659825191/Kamal/PUNB/6111290484@ptyes/UPI,030154901703,,"11,750.00",258331.86
08-03-2026,POS HP PETROL PUMP LUCKNOW,175898340995,"4,100.59",,254231.27
09-03-2026,UPI/DR/757479441810/Jio/ICICI/jio@paytm/UPI,737702870279,"2,770.59",,251460.68
09-03-2026,NACH/MANDATE/LN720193497411/Axis Bank Auto Loan,078407146201,"9,000.00",,242460.68
10-03-2026,UPI/DR/412057124137/Vi/PAYTM/vi@airtelaxis/UPI,771750061265,249.00,,242211.68
10-03-2026,UPI/DR/001118470590/Dunzo/ICICI/dunzo@razorpay/UPI,745769870996,320.18,,241891.50
11-03-2026,UPI/DR/342548956649/Blinkit/ICICI/blinkit@kotak/UPI,320282448159,"2,410.53",,239480.97
12-03-2026,UPI/DR/782930983011/Rapido/PAYTM/rapido@icici/UPI,277309659340,480.13,,239000.84
12-03-2026,UPI/DR/064198654765/Uber/PAYTM/uber@paytm/UPI,011325579852,760.47,,238240.37
12-03-2026,UPI/DR/470993505924/PhonePe/ICICI/phonepe@ybl/UPI,585915626521,"2,290.68",,235949.69
12-03-2026,UPI/DR/293283087768/Hotstar/ICICI/hotstar@hdfcbank/UPI,135261405744,399.00,,235550.69
13-03-2026,UPI/DR/381113221326/Girish/KKBK/girishseth56@upi/UPI,782257523634,"8,250.08",,227300.61
14-03-2026,UPI/DR/453642129627/Suresh/UTIB/suresh340@apl/UPI,090256834679,"7,400.01",,219900.60
16-03-2026,UPI/DR/849775356782/Ola/ICICI/olamoney@ola/UPI,569370794047,"1,420.41",,218480.19
16-03-2026,UPI/DR/116848443544/Ankit/KKBK/ankit.shah@pthdfc/UPI,501676736109,"14,800.79",,203679.40
17-03-2026,ATM CASH WITHDRAWAL/41037/LUCKNOW,250739842901,"4,500.00",,199179.40
17-03-2026,ATM CASH WITHDRAWAL/22835/LUCKNOW,716003059481,"3,500.00",,195679.40
17-03-2026,UPI/DR/653059100633/Santosh/SBIN/santosh.dutta@ptyes/UPI,099555813694,"10,650.63",,185028.77
19-03-2026,UPI/DR/683268139688/Pooja/UCBA/pooja655@ptsbi/UPI,076400746973,"9,550.48",,175478.29
19-03-2026,UPI/DR/388333968548/BigBasket/ICICI/bigbasket@ybl/UPI,559564851384,450.63,,175027.66
20-03-2026,UPI/DR/748002945532/Vi/PAYTM/vi@airtelaxis/UPI,736824004974,519.00,,174508.66
20-03-2026,UPI/DR/095547568747/CESC/UPIN/cescpayment@upi/UPI,548948769909,"1,750.95",,172757.71
21-03-2026,UPI/DR/303757470442/Rapido/PAYTM/rapido@icici/UPI,850472926804,590.71,,172167.00
21-03-2026,UPI/DR/330189962353/Suresh/BKID/0804810403@upi/UPI,150305032409,"8,000.51",,164166.49
22-03-2026,UPI/DR/004394487757/BigBasket/ICICI/bigbasket@ybl/UPI,836625238030,"2,680.46",,161486.03
22-03-2026,UPI/DR/384047390073/Amazon/ICICI/amazon@apl/UPI,386103225552,370.42,,161115.61
22-03-2026,UPI/DR/892892628429/Ola/PAYTM/olamoney@ola/UPI,293671571319,660.78,,160454.83
23-03-2026,NEFT/N4701404061637/Mahindra Logistics L,465427096491,,"6,000.50",166455.33
24-03-2026,UPI/DR/785806736194/Yogesh/KKBK/yogeshnaik43@upi/UPI,328051127343,"12,400.04",,154055.29
24-03-2026,UPI/DR/007773319421/ACT/RAZORPAY/broadband@paytm/UPI,424349525439,299.00,,153756.29
24-03-2026,POS CENTRAL MALL LUCKNOW,478379807818,"3,200.90",,150555.39
24-03-2026,UPI/DR/676770149516/Paytm/ICICI/paytm@paytm/UPI,210263229424,"2,720.04",,147835.35
24-03-2026,IMPS-213845872240-Sonia Mehta,034352092205,"38,600.01",,109235.34
25-03-2026,UPI/DR/698938870294/Maya/BARB/mayagupt51@apl/UPI,062157679794,"11,900.22",,97335.12
25-03-2026,UPI/CR/879976051751/Sunil/BKID/sunilmukh83@ptaxis/UPI,523631396897,,"7,150.62",104485.74
26-03-2026,UPI/DR/420677469844/Indane/ICICI/indanegas@upi/UPI,278848688385,"2,500.16",,101985.58
26-03-2026,UPI/CR/077960108586/Lalit/SBIN/lalit329@upi/UPI,396011389655,,"1,200.59",103186.17
27-03-2026,ATM CASH WITHDRAWAL/10625/LUCKNOW,893619288545,"8,000.00",,95186.17
27-03-2026,UPI/CR/320645408558/Kapil/SBIN/kapildube10@ptyes/UPI,124067839614,,950.14,96136.31
27-03-2026,POS MORE SUPER MARKET LUCKNOW,248209981396,"6,150.41",,89985.90
28-03-2026,POS METRO CASH CARRY LUCKNOW,433926625510,300.83,,89685.07
28-03-2026,INTEREST CREDIT,486881954982,,235.98,89921.05
28-03-2026,UPI/DR/189078972819/Zomato/ICICI/zomato@axisbank/UPI,898821205826,770.30,,89150.75
29-03-2026,ATM CASH WITHDRAWAL/50818/LUCKNOW,442089225802,"7,000.00",,82150.75
29-03-2026,POS LIFESTYLE STORES LUCKNOW,169796162359,"4,650.53",,77500.22
29-03-2026,UPI/DR/400845377476/Kunal/BARB/kunalsriv19@oksbi/UPI,687765599164,"3,950.18",,73550.04
30-03-2026,UPI/CR/974109841158/Babita/FDRL/babitashar90@ybl/UPI,954177845157,,"1,650.22",75200.26
30-03-2026,UPI/DR/031960693768/Vivek/PUNB/3297002057@ptsbi/UPI,842094111836,"4,250.13",,70950.13
31-03-2026,UPI/CR/079707449438/Rahul/HDFC/3438692300@okhdfcbank/UPI,437465794656,,"20,250.94",91201.07
31-03-2026,UPI/DR/022464857649/Uber/ICICI/uber@paytm/UPI,678234720134,"2,200.14",,89000.93
31-03-2026,ATM CASH WITHDRAWAL/67307/LUCKNOW,691552289111,"3,000.00",,86000.93
01-04-2026,ATM CASH WITHDRAWAL/30383/LUCKNOW,125404528842,"9,000.00",,77000.93
01-04-2026,UPI/CR/720670008181/Shweta/BDBL/5067031529@pthdfc/UPI,251352899806,,"10,450.74",87451.67
02-04-2026,UPI/DR/655795018852/Apollo/ICICI/apollopharmacy@ybl/UPI,144969430890,"1,950.73",,85500.94
02-04-2026,POS SHELL FUEL STATION LUCKNOW,150526392348,"2,000.07",,83500.87
02-04-2026,UPI/DR/640403296132/Ashish/UCBA/0655631066@ibl/UPI,475714763980,"8,350.51",,75150.36
04-04-2026,UPI/DR/156730371914/Paytm/ICICI/paytm@paytm/UPI,257081410400,"1,600.68",,73549.68
04-04-2026,UPI/DR/512554490970/Zomato/ICICI/zomato@axisbank/UPI,974935882704,"2,190.22",,71359.46
05-04-2026,POS METRO CASH CARRY LUCKNOW,594209237536,"6,750.68",,64608.78
06-04-2026,UPI/CR/785639872027/Pooja/BDBL/3042453249@paytm/UPI,463239785084,,"18,550.74",83159.52
06-04-2026,UPI/DR/303001616107/Vi/PAYTM/vi@airtelaxis/UPI,602722735260,849.00,,82310.52
07-04-2026,POS MORE SUPER MARKET LUCKNOW,102873648895,"5,150.11",,77160.41
07-04-2026,SALARY CREDIT/S3923083791320/Madura Garments Pvt Ltd,427771646170,,"121,825.82",198986.23
07-04-2026,UPI/DR/951384345538/Vi/PAYTM/vi@airtelaxis/UPI,199057119619,479.00,,198507.23
08-04-2026,UPI/CR/493073216309/Kiran/HDFC/kiran818@ptsbi/UPI,126539220048,,"2,000.30",200507.53
08-04-2026,UPI/DR/935822313113/Ola/PAYTM/olamoney@ola/UPI,918428282286,230.30,,200277.23
09-04-2026,UPI/DR/553655797943/Meesho/PAYTM/meesho@ybl/UPI,246417086440,"2,050.35",,198226.88
10-04-2026,UPI/DR/952251956299/BSNL/ICICI/bsnlbroadband@upi/UPI,034581476256,"1,600.48",,196626.40
10-04-2026,ATM CASH WITHDRAWAL/43477/LUCKNOW,729794565935,"9,500.00",,187126.40
11-04-2026,UPI/DR/626341162222/Nykaa/PAYTM/nykaa@razorpay/UPI,362295851062,"4,150.06",,182976.34
11-04-2026,UPI/DR/583861260776/Ola/PAYTM/olamoney@ola/UPI,591999371593,660.65,,182315.69
12-04-2026,UPI/DR/615603401539/Nykaa/PAYTM/nykaa@razorpay/UPI,379915846698,"3,550.11",,178765.58
12-04-2026,NACH/MANDATE/RNT8543333/RENT MANDATE,050604816865,"25,500.00",,153265.58
12-04-2026,UPI/DR/237607381947/Nikhil/PUNB/nikhilyada65@oksbi/UPI,848227646557,"21,600.08",,131665.50
13-04-2026,UPI/DR/292238259674/Rapido/PAYTM/rapido@icici/UPI,111668421618,590.13,,131075.37
14-04-2026,NACH/MANDATE/LN720193497411/Axis Bank Auto Loan,016730407651,"9,000.00",,122075.37
14-04-2026,UPI/DR/295190665932/Paytm/ICICI/paytm@paytm/UPI,744805551964,570.59,,121504.78
15-04-2026,UPI/DR/807626585221/Indane/ICICI/indanegas@upi/UPI,151210468648,"1,000.89",,120503.89
16-04-2026,UPI/DR/082386891006/Shreya/SBIN/shreya159@ibl/UPI,758673623448,"3,150.79",,117353.10
16-04-2026,UPI/DR/353530133793/Blinkit/ICICI/blinkit@kotak/UPI,185477815302,"2,160.11",,115192.99
17-04-2026,POS RELIANCE MART LUCKNOW,953725842983,"1,600.89",,113592.10
17-04-2026,UPI/DR/755065263380/Uber/ICICI/uber@paytm/UPI,130097293422,770.11,,112821.99
17-04-2026,UPI/DR/912255694659/Deepa/PUNB/2547258307@ptyes/UPI,581437231297,"21,000.52",,91821.47
18-04-2026,UPI/CR/093358628760/Saurabh/BKID/8288339100@ibl/UPI,075568403664,,"10,150.23",101971.70
18-04-2026,UPI/DR/890072048456/Spotify/ICICI/spotify@icici/UPI,411552785036,349.00,,101622.70
18-04-2026,POS HP PETROL PUMP LUCKNOW,581458769526,"3,650.36",,97972.34
18-04-2026,POS SHOPPERS STOP LUCKNOW,648229115278,700.06,,97272.28
18-04-2026,UPI/CR/439074755323/Rahul/PUNB/4334082493@axl/UPI,504700409714,,"2,050.81",99323.09
18-04-2026,UPI/DR/585607514229/Sumit/KKBK/sumit.roy@apl/UPI,391658280157,"16,250.19",,83072.90
20-04-2026,POS SHELL FUEL STATION LUCKNOW,621019086923,"1,450.80",,81622.10
20-04-2026,UPI/DR/227466785019/CESC/UPIN/cescpayment@upi/UPI,133864488624,"2,550.45",,79071.65
21-04-2026,UPI/DR/751499083703/Sunita/BKID/sunitameno34@kotak/UPI,030224084076,"12,550.75",,66520.90
21-04-2026,POS BHARAT PETROLEUM LUCKNOW,619128164762,"2,850.80",,63670.10
22-04-2026,UPI/DR/438558517989/Flipkart/ICICI/flipkart@ybl/UPI,027125381674,310.64,,63359.46
22-04-2026,UPI/DR/024887157459/ACT/RAZORPAY/broadband@paytm/UPI,680479368744,"1,249.00",,62110.46
22-04-2026,UPI/DR/748561212141/Vi/PAYTM/vi@airtelaxis/UPI,849278954367,849.00,,61261.46
22-04-2026,UPI/DR/290219747293/Ritu/UTIB/ritu.nambiar@oksbi/UPI,363606867522,"10,000.17",,51261.29
23-04-2026,UPI/CR/347885644595/Lalit/HDFC/lalit185@ptaxis/UPI,727857511728,,"6,800.49",58061.78
23-04-2026,UPI/DR/151911465436/Suresh/UTIB/suresh799@ybl/UPI,448907775185,"12,800.73",,45261.05
25-04-2026,POS CENTRAL MALL LUCKNOW,814212826368,"5,200.91",,40060.14
27-04-2026,POS CENTRAL MALL LUCKNOW,468002805590,"4,950.16",,35109.98
27-04-2026,POS LIFESTYLE STORES LUCKNOW,326713960976,"7,150.04",,27959.94
27-04-2026,UPI/DR/170140971836/Vi/PAYTM/vi@airtelaxis/UPI,926325586829,819.00,,27140.94
28-04-2026,UPI/DR/370158611050/BigBasket/ICICI/bigbasket@ybl/UPI,040904334698,140.81,,27000.13
29-04-2026,UPI/CR/581065174402/Kavita/UCBA/4940897948@ptsbi/UPI,681176153101,,"17,650.47",44650.60
29-04-2026,POS MORE SUPER MARKET LUCKNOW,926239467434,"7,200.05",,37450.55
29-04-2026,UPI/DR/869399518336/MakeMyTrip/ICICI/makemytrip@axisbank/UPI,498443514665,299.00,,37151.55
30-04-2026,GST ON CHARGES,625123768435,106.20,,37045.35
30-04-2026,UPI/CR/072201554056/Vikram/BARB/vikramchau93@aubank/UPI,149180239557,,"10,100.00",47145.35
30-04-2026,MAINTENANCE CHARGES,776109004099,590.00,,46555.35
30-04-2026,UPI/CR/792899379834/Shweta/PUNB/shwetaverm58@okhdfcbank/UPI,619541109660,,"1,650.18",48205.53
01-05-2026,UPI/CR/202202173951/Mohit/SBIN/mohit.naik@paytm/UPI,432011189912,,"5,350.86",53556.39
01-05-2026,UPI/DR/234801135421/Kavita/HDFC/kavita.das@ptsbi/UPI,907860808414,"4,500.24",,49056.15
01-05-2026,UPI/CR/306127413316/Naveen/BARB/naveen.reddy@pthdfc/UPI,633410155025,,"12,500.54",61556.69
02-05-2026,UPI/DR/579771606205/Amazon/ICICI/amazon@apl/UPI,222152896621,"2,540.88",,59015.81
03-05-2026,POS HP PETROL PUMP LUCKNOW,109662531877,"3,650.09",,55365.72
03-05-2026,UPI/CR/774651302186/Nisha/SBIN/nisha801@axl/UPI,560406102415,,"15,850.05",71215.77
04-05-2026,UPI/DR/720525820657/Zomato/ICICI/zomato@axisbank/UPI,658015570876,"2,730.40",,68485.37
04-05-2026,UPI/DR/691958357871/Swiggy/ICICI/swiggy@icici/UPI,476129122191,"1,480.10",,67005.27
04-05-2026,UPI/DR/007702651552/Nykaa/PAYTM/nykaa@razorpay/UPI,103886944997,"1,400.64",,65604.63
05-05-2026,ATM CASH WITHDRAWAL/70404/LUCKNOW,464295769635,"5,000.00",,60604.63
05-05-2026,SALARY CREDIT/S5070678734099/Madura Garments Pvt Ltd,673182887227,,"122,810.82",183415.45
06-05-2026,UPI/DR/800519946588/Naveen/BARB/8244018840@axl/UPI,823609957985,"2,200.27",,181215.18
07-05-2026,UPI/DR/857313032742/Uber/ICICI/uber@paytm/UPI,182986760504,380.46,,180834.72
08-05-2026,UPI/CR/291094530779/Mahesh/PUNB/mahesh456@kotak/UPI,377949526578,,"21,950.70",202785.42
08-05-2026,UPI/CR/331089117378/Vikas/SBIN/vikas.kulkarni@paytm/UPI,363045165387,,"2,850.02",205635.44
09-05-2026,NACH/MANDATE/LN720193497411/Axis Bank Auto Loan,000614914893,"9,000.00",,196635.44
