Date,Description,Ref/ChequeNo,Debit,Credit,Balance
01/12/2024,UPI/DR/602490092602/Sanjay/FDRL/2004099045@okaxis/UPI,293902656887,"4,550.95",,348355.95
02/12/2024,UPI/DR/852122933922/Ola/PAYTM/olamoney@ola/UPI,615926813713,600.45,,347755.50
02/12/2024,UPI/DR/903328260014/Lata/PUNB/latashuk11@aubank/UPI,932937995658,"7,650.54",,340104.96
02/12/2024,UPI/DR/405638327676/Dunzo/ICICI/dunzo@razorpay/UPI,839175785622,"1,900.44",,338204.52
02/12/2024,UPI/DR/691632280801/Mina/BDBL/5777320202@ptaxis/UPI,656839496031,"2,750.24",,335454.28
02/12/2024,UPI/DR/255639208503/Swiggy/ICICI/swiggy@icici/UPI,821505435166,610.64,,334843.64
03/12/2024,UPI/CR/113624423443/Rakesh/BDBL/rakeshpate59@aubank/UPI,393117925462,,"17,050.62",351894.26
03/12/2024,SALARY CREDIT/S7768145160468/ICICI Lombard GIC,736378235037,,"124,661.92",476556.18
04/12/2024,UPI/DR/769827887157/Amazon/ICICI/amazon@apl/UPI,545295667237,"2,470.75",,474085.43
04/12/2024,NACH/MANDATE/RNT4671937/RENT MANDATE,755298280599,"8,000.00",,466085.43
05/12/2024,POS RELIANCE PETROLEUM LUCKNOW,495866889998,"3,500.77",,462584.66
05/12/2024,NACH/MANDATE/LN880746470964/ICICI Bank Home Loan,645912087491,"20,000.00",,442584.66
05/12/2024,UPI/DR/806892306904/Bajaj/LICI/licindia@licindia/UPI,285129198035,"4,300.00",,438284.66
06/12/2024,UPI/DR/947318063648/PhonePe/ICICI/phonepe@ybl/UPI,651132873099,"1,780.08",,436504.58
06/12/2024,UPI/DR/135024616692/Ola/ICICI/olamoney@ola/UPI,501481858631,350.43,,436154.15
07/12/2024,UPI/DR/895207722919/Rapido/PAYTM/rapido@icici/UPI,329277408164,810.34,,435343.81
07/12/2024,UPI/CR/002862317529/Sunita/PUNB/sunita.pillai@ybl/UPI,207552070556,,"6,800.26",442144.07
07/12/2024,ATM CASH WITHDRAWAL/66466/LUCKNOW,941467479251,"6,500.00",,435644.07
08/12/2024,UPI/DR/964519658652/Anita/UTIB/3448184508@axl/UPI,667486216121,"7,450.11",,428193.96
11/12/2024,UPI/DR/530098287338/PhonePe/ICICI/phonepe@ybl/UPI,461498324736,"2,480.25",,425713.71
11/12/2024,UPI/DR/654427198960/CESC/UPIN/cescpayment@upi/UPI,429126243829,"3,200.62",,422513.09
12/12/2024,UPI/DR/042860918440/Rapido/PAYTM/rapido@icici/UPI,117542904506,360.11,,422152.98
13/12/2024,POS SHELL FUEL STATION LUCKNOW,493530196918,"2,550.65",,419602.33
13/12/2024,UPI/DR/852588167856/Uber/PAYTM/uber@paytm/UPI,960557286842,180.70,,419421.63
14/12/2024,UPI/DR/641604437596/Sneha/FDRL/snehanaik55@ptaxis/UPI,767368305326,"17,150.97",,402270.66
14/12/2024,ATM CASH WITHDRAWAL/74699/LUCKNOW,936325058635,"6,000.00",,396270.66
15/12/2024,UPI/DR/742015477146/Gaurav/FDRL/gauravmukh93@okicici/UPI,080738844187,"1,850.62",,394420.04
15/12/2024,UPI/DR/689923589524/Rekha/UCBA/rekha852@ybl/UPI,625015126861,"21,350.90",,373069.14
16/12/2024,UPI/DR/904750912331/Zepto/ICICI/zepto@apl/UPI,106476774405,"1,030.55",,372038.59
17/12/2024,UPI/DR/191676493829/Jio/PAYTM/jio@paytm/UPI,152689759124,419.00,,371619.59
18/12/2024,UPI/DR/100625884414/Jio/PAYTM/jio@paytm/UPI,602534643515,599.00,,371020.59
19/12/2024,UPI/DR/144168141526/Rekha/BARB/rekhayada68@pthdfc/UPI,345184720311,"2,350.86",,368669.73
20/12/2024,UPI/CR/264667537914/Nikhil/BDBL/nikhilpati87@axl/UPI,084668699532,,"8,350.54",377020.27
20/12/2024,UPI/DR/169457553528/Amazon/ICICI/amazon@apl/UPI,563788232926,"1,720.66",,375299.61
20/12/2024,UPI/DR/874887281714/Uber/PAYTM/uber@paytm/UPI,483487022375,770.24,,374529.37
20/12/2024,POS METRO CASH CARRY LUCKNOW,907240146732,"6,050.66",,368478.71
20/12/2024,UPI/DR/889573549987/Ola/ICICI/olamoney@ola/UPI,611514122929,"2,000.13",,366478.58
21/12/2024,UPI/DR/025081188565/Kavita/BDBL/kavita968@axl/UPI,416529547108,"17,050.15",,349428.43
22/12/2024,UPI/DR/962910757871/Flipkart/PAYTM/flipkart@ybl/UPI,556105306300,850.24,,348578.19
23/12/2024,UPI/DR/948153154422/Jio/PAYTM/jio@paytm/UPI,012523321988,199.00,,348379.19
23/12/2024,UPI/CR/516844181325/Poonam/KKBK/poonam.menon@paytm/UPI,387255585577,,"9,100.18",357479.37
24/12/2024,UPI/DR/018096067960/Indane/ICICI/indanegas@upi/UPI,497601172041,"2,650.48",,354828.89
24/12/2024,UPI/DR/713746002966/Uber/ICICI/uber@paytm/UPI,095913437891,610.87,,354218.02
24/12/2024,UPI/DR/127637864907/Sanjay/HDFC/sanjay.roy@pthdfc/UPI,418964252875,"21,500.10",,332717.92
25/12/2024,ATM CASH WITHDRAWAL/47191/LUCKNOW,051622764310,"1,000.00",,331717.92
25/12/2024,UPI/DR/541471699572/Zepto/ICICI/zepto@apl/UPI,867780821708,510.64,,331207.28
25/12/2024,UPI/DR/461372499879/Zepto/ICICI/zepto@apl/UPI,619665865487,670.81,,330536.47
25/12/2024,ATM CASH WITHDRAWAL/81243/LUCKNOW,955469162695,"10,000.00",,320536.47
25/12/2024,UPI/DR/735247107885/Hathway/RAZORPAY/broadband@paytm/UPI,518330326749,699.00,,319837.47
26/12/2024,UPI/DR/132666047366/Amazon/ICICI/amazon@apl/UPI,875215516215,"1,980.13",,317857.34
26/12/2024,UPI/DR/294453465671/Meesho/PAYTM/meesho@ybl/UPI,128651837294,"3,150.32",,314707.02
26/12/2024,UPI/DR/811472627096/Varun/UCBA/7842739219@okaxis/UPI,276976295773,"2,200.38",,312506.64
26/12/2024,ATM CASH WITHDRAWAL/86661/LUCKNOW,439537688993,"4,000.00",,308506.64
26/12/2024,UPI/DR/321195114870/BigBasket/ICICI/bigbasket@ybl/UPI,062425434160,"1,730.27",,306776.37
27/12/2024,UPI/DR/876086512763/Jio/PAYTM/jio@paytm/UPI,179155818231,849.00,,305927.37
27/12/2024,INTEREST CREDIT,132127376314,,185.00,306112.37
29/12/2024,ATM CASH WITHDRAWAL/90386/LUCKNOW,427528535102,"4,000.00",,302112.37
29/12/2024,UPI/DR/977365492657/Jio/PAYTM/jio@paytm/UPI,927622613360,579.00,,301533.37
29/12/2024,POS D MART LUCKNOW,937525470364,"1,550.35",,299983.02
31/12/2024,UPI/DR/604555082694/Meena/UTIB/meenapill80@upi/UPI,690884615596,"13,000.71",,286982.31
31/12/2024,POS CENTRAL MALL LUCKNOW,554291061213,"5,950.08",,281032.23
31/12/2024,UPI/DR/985768310098/PhonePe/ICICI/phonepe@ybl/UPI,425122059250,"1,770.05",,279262.18
02/01/2025,UPI/DR/847299881675/Rohit/HDFC/rohit174@ptyes/UPI,659087520403,"14,850.46",,264411.72
03/01/2025,UPI/DR/188487825712/Zepto/ICICI/zepto@apl/UPI,816631841812,"2,640.71",,261771.01
03/01/2025,UPI/DR/493601274666/Archana/FDRL/archanasen78@paytm/UPI,868593145335,"1,250.48",,260520.53
03/01/2025,SALARY CREDIT/S5085085667912/ICICI Lombard GIC,714640917778,,"126,605.92",387126.45
04/01/2025,ATM CASH WITHDRAWAL/78120/LUCKNOW,302662553466,"6,000.00",,381126.45
05/01/2025,UPI/DR/987410171503/Amazon/PAYTM/amazon@apl/UPI,352185731800,"2,200.96",,378925.49
05/01/2025,NACH/MANDATE/LN880746470964/ICICI Bank Home Loan,113133423547,"20,000.00",,358925.49
06/01/2025,ATM CASH WITHDRAWAL/20586/LUCKNOW,536990351057,"6,500.00",,352425.49
06/01/2025,UPI/DR/835951168791/Jio/PAYTM/jio@paytm/UPI,781549229933,499.00,,351926.49
06/01/2025,NACH/MANDATE/RNT1246205/RENT MANDATE,585251530683,"8,000.00",,343926.49
06/01/2025,POS INDIAN OIL LUCKNOW,629059800419,"3,900.94",,340025.55
07/01/2025,UPI/DR/995184822408/Siddharth/PUNB/1168965433@okicici/UPI,662337430925,"5,050.05",,334975.50
08/01/2025,UPI/CR/824197609193/Rekha/SBIN/rekha.yadav@oksbi/UPI,192523189096,,"10,850.22",345825.72
08/01/2025,UPI/DR/810127393767/Dunzo/ICICI/dunzo@razorpay/UPI,323397104492,730.40,,345095.32
09/01/2025,IMPS-249802688154-Kavya Shah,119582968844,"43,300.31",,301795.01
10/01/2025,UPI/CR/233311219316/Geeta/BARB/geetakuma67@ptaxis/UPI,660547909355,,"9,450.06",311245.07
11/01/2025,UPI/DR/245529423677/Ola/PAYTM/olamoney@ola/UPI,211664755985,880.01,,310365.06
11/01/2025,ATM CASH WITHDRAWAL/64486/LUCKNOW,043301321602,"1,500.00",,308865.06
11/01/2025,UPI/DR/811897829073/Jio/PAYTM/jio@paytm/UPI,639827665743,279.00,,308586.06
11/01/2025,UPI/DR/097007587680/Jio/PAYTM/jio@paytm/UPI,114551433488,389.00,,308197.06
12/01/2025,UPI/DR/471991695277/Vijay/FDRL/5878514618@ptaxis/UPI,733593786871,"17,700.06",,290497.00
12/01/2025,UPI/DR/271693551517/Paytm/ICICI/paytm@paytm/UPI,551093028210,520.47,,289976.53
13/01/2025,UPI/DR/191128047773/CESC/UPIN/cescpayment@upi/UPI,966965964041,"2,100.97",,287875.56
13/01/2025,UPI/DR/052908732602/BSNL/ICICI/bsnlbroadband@upi/UPI,232998779019,510.36,,287365.20
14/01/2025,UPI/DR/190813807056/Kavya/UTIB/kavyaghos87@okicici/UPI,760097445661,"11,750.22",,275614.98
14/01/2025,UPI/DR/273996662335/Rapido/PAYTM/rapido@icici/UPI,183764676128,650.09,,274964.89
14/01/2025,POS LIFESTYLE STORES LUCKNOW,285004175307,"2,700.46",,272264.43
14/01/2025,UPI/DR/957377536201/Radha/HDFC/radha345@ybl/UPI,571267623448,"11,700.57",,260563.86
14/01/2025,POS BHARAT PETROLEUM LUCKNOW,691629456300,"3,050.89",,257512.97
15/01/2025,UPI/DR/213438808149/Dunzo/ICICI/dunzo@razorpay/UPI,215126556289,"1,550.99",,255961.98
15/01/2025,UPI/DR/776071207956/Indane/ICICI/indanegas@upi/UPI,853378238163,"2,750.20",,253211.78
15/01/2025,UPI/DR/135960822557/Sumit/BKID/sumit.banerjee@pthdfc/UPI,594747626248,"16,400.33",,236811.45
16/01/2025,UPI/DR/828732466978/Rajan/SBIN/rajan645@okicici/UPI,653498107330,"1,050.63",,235760.82
16/01/2025,POS D MART LUCKNOW,744807003608,"7,800.28",,227960.54
16/01/2025,UPI/DR/254325996257/Paytm/ICICI/paytm@paytm/UPI,581599720888,"1,770.35",,226190.19
17/01/2025,UPI/DR/814363483920/BigBasket/ICICI/bigbasket@ybl/UPI,987285989950,650.87,,225539.32
18/01/2025,UPI/DR/007137394459/Mahesh/SBIN/mahesh.sethi@aubank/UPI,244779821243,"3,800.57",,221738.75
18/01/2025,POS BRAND FACTORY LUCKNOW,987710474262,"3,000.41",,218738.34
19/01/2025,UPI/DR/743823148980/Blinkit/ICICI/blinkit@kotak/UPI,143533204523,"1,730.37",,217007.97
19/01/2025,UPI/DR/820252821388/Sunita/HDFC/5492058939@upi/UPI,137059496901,"16,650.25",,200357.72
19/01/2025,UPI/DR/115061703029/Nykaa/ICICI/nykaa@razorpay/UPI,670024124118,749.00,,199608.72
19/01/2025,UPI/DR/427432382670/Rapido/PAYTM/rapido@icici/UPI,627628386441,320.59,,199288.13
21/01/2025,UPI/CR/459116582756/Varsha/HDFC/varshapate59@aubank/UPI,211356114796,,"6,250.51",205538.64
21/01/2025,ATM CASH WITHDRAWAL/15532/LUCKNOW,958999437674,"2,000.00",,203538.64
21/01/2025,UPI/CR/808077010407/Gaurav/KKBK/gaurav569@paytm/UPI,007338143959,,"4,550.50",208089.14
22/01/2025,UPI/DR/447561879778/Uber/ICICI/uber@paytm/UPI,474253118882,"2,180.07",,205909.07
22/01/2025,UPI/DR/016949047026/Zepto/ICICI/zepto@apl/UPI,217020623097,"1,050.00",,204859.07
22/01/2025,UPI/DR/725085113855/Jio/PAYTM/jio@paytm/UPI,804031166078,459.00,,204400.07
23/01/2025,UPI/DR/015870915723/Hathway/RAZORPAY/broadband@paytm/UPI,032978796285,849.00,,203551.07
24/01/2025,UPI/CR/248472504976/Varsha/BKID/varsha313@okhdfcbank/UPI,406017847473,,"3,300.94",206852.01
25/01/2025,POS SHOPPERS STOP LUCKNOW,783525793357,"8,100.58",,198751.43
25/01/2025,POS RELIANCE MART LUCKNOW,981479412215,"4,050.15",,194701.28
26/01/2025,UPI/DR/932551913173/Zomato/ICICI/zomato@axisbank/UPI,353425071762,600.50,,194100.78
26/01/2025,UPI/CR/567567256453/Harish/UTIB/harish515@ybl/UPI,007239102270,,"14,700.06",208800.84
27/01/2025,UPI/DR/447467516053/Priya/HDFC/7963607810@kotak/UPI,882410177949,"4,150.29",,204650.55
28/01/2025,SMS CHARGES,507028755377,370.00,,204280.55
28/01/2025,GST ON CHARGES,594507161905,66.60,,204213.95
30/01/2025,UPI/CR/235124241553/Archana/BDBL/7325962505@ybl/UPI,146996352151,,"1,800.97",206014.92
30/01/2025,UPI/DR/241733753937/Zomato/ICICI/zomato@axisbank/UPI,692859956072,"1,540.73",,204474.19
31/01/2025,ATM CASH WITHDRAWAL/52973/LUCKNOW,101045452686,"7,500.00",,196974.19
01/02/2025,SALARY CREDIT/S9039600960769/ICICI Lombard GIC,550128909032,,"125,778.92",322753.11
01/02/2025,ATM CASH WITHDRAWAL/74367/LUCKNOW,917752562134,"8,000.00",,314753.11
02/02/2025,UPI/DR/459135631976/Swiggy/ICICI/swiggy@icici/UPI,607141539707,"1,930.35",,312822.76
03/02/2025,UPI/DR/894753115646/Rapido/PAYTM/rapido@icici/UPI,199099530602,180.72,,312642.04
03/02/2025,UPI/DR/067597950249/Zepto/ICICI/zepto@apl/UPI,308164338605,"2,170.55",,310471.49
04/02/2025,UPI/DR/079612019445/Mahesh/HDFC/0070117097@upi/UPI,755056437336,"17,600.79",,292870.70
05/02/2025,NACH/MANDATE/RNT2948724/RENT MANDATE,596018243317,"8,000.00",,284870.70
05/02/2025,IMPS-405432409466-Prashant Shah,567989435391,"22,600.55",,262270.15
05/02/2025,POS LIFESTYLE STORES LUCKNOW,844598637447,"7,900.66",,254369.49
06/02/2025,UPI/DR/270828113346/Swiggy/ICICI/swiggy@icici/UPI,777498783043,"1,150.38",,253219.11
06/02/2025,NACH/MANDATE/LN880746470964/ICICI Bank Home Loan,148225593118,"20,000.00",,233219.11
06/02/2025,UPI/DR/868587705468/Krishna/UCBA/krishna964@okhdfcbank/UPI,623742781407,"10,900.86",,222318.25
06/02/2025,UPI/CR/885967088865/Anjali/PUNB/anjalichat66@paytm/UPI,791497045131,,"6,300.00",228618.25
08/02/2025,UPI/DR/109650919427/Amazon/PAYTM/amazon@apl/UPI,515764622816,"3,900.22",,224718.03
08/02/2025,UPI/CR/092017836303/Maya/UCBA/maya.kumar@upi/UPI,863508690072,,"18,300.79",243018.82
08/02/2025,UPI/DR/713485782461/Asha/HDFC/asha427@okaxis/UPI,211483507405,"7,100.67",,235918.15
09/02/2025,UPI/DR/907741101186/Blinkit/ICICI/blinkit@kotak/UPI,363130222877,340.40,,235577.75
09/02/2025,UPI/CR/472705692924/Sanjay/UTIB/7067329308@kotak/UPI,769997304173,,"17,650.31",253228.06
11/02/2025,UPI/DR/220256904761/Deepak/BDBL/deepakagar42@axl/UPI,810186372110,"11,750.12",,241477.94
12/02/2025,UPI/CR/995947045637/Seema/UTIB/seema.dutta@ybl/UPI,940217279947,,"12,900.98",254378.92
12/02/2025,UPI/DR/221582227590/Dunzo/ICICI/dunzo@razorpay/UPI,904233491649,"1,410.27",,252968.65
12/02/2025,UPI/DR/194615673915/Ola/PAYTM/olamoney@ola/UPI,125196291773,300.41,,252668.24
13/02/2025,ATM CASH WITHDRAWAL/36632/LUCKNOW,736033462789,"5,000.00",,247668.24
13/02/2025,UPI/DR/316429898806/Rapido/PAYTM/rapido@icici/UPI,632807332485,740.81,,246927.43
13/02/2025,UPI/DR/089961681824/BigBasket/ICICI/bigbasket@ybl/UPI,042883343458,"2,770.55",,244156.88
14/02/2025,UPI/DR/621906824790/Saurabh/UCBA/saurabhkapo50@axl/UPI,135934806043,"3,950.02",,240206.86
14/02/2025,UPI/DR/666308348210/CESC/UPIN/cescpayment@upi/UPI,046650196979,"3,800.12",,236406.74
15/02/2025,ATM CASH WITHDRAWAL/67357/LUCKNOW,134506210686,"9,000.00",,227406.74
16/02/2025,UPI/CR/762876815177/Rahul/BARB/1128316297@ptaxis/UPI,312855068589,,"19,750.87",247157.61
16/02/2025,UPI/DR/719476555024/Hathway/RAZORPAY/broadband@paytm/UPI,486358039740,"1,099.00",,246058.61
16/02/2025,UPI/DR/337459312788/Indane/ICICI/indanegas@upi/UPI,428858680213,900.30,,245158.31
19/02/2025,UPI/DR/837024853692/Seema/BDBL/seemachop61@oksbi/UPI,086422022213,"9,150.23",,236008.08
19/02/2025,POS MAX FASHION LUCKNOW,491901460343,"1,500.23",,234507.85
19/02/2025,POS MORE SUPER MARKET LUCKNOW,207226418698,"6,550.64",,227957.21
20/02/2025,UPI/DR/889482953516/Arun/FDRL/arun.sethi@kotak/UPI,502121205706,"21,250.44",,206706.77
20/02/2025,POS LIFESTYLE STORES LUCKNOW,421752626460,"5,050.85",,201655.92
20/02/2025,UPI/DR/103353394515/Jio/PAYTM/jio@paytm/UPI,731561563974,579.00,,201076.92
20/02/2025,UPI/DR/875434204918/Uber/PAYTM/uber@paytm/UPI,041937086933,130.09,,200946.83
20/02/2025,UPI/DR/568081145894/Jyoti/BKID/jyoti671@oksbi/UPI,643183995216,"9,950.29",,190996.54
20/02/2025,UPI/CR/098023472131/Mukesh/HDFC/mukesh.shah@ibl/UPI,691527969518,,"20,200.71",211197.25
21/02/2025,POS INDIAN OIL LUCKNOW,203188164482,"4,150.33",,207046.92
21/02/2025,UPI/DR/708147547316/Jio/PAYTM/jio@paytm/UPI,192715873530,369.00,,206677.92
21/02/2025,POS STAR BAZAAR LUCKNOW,105779378407,"6,600.27",,200077.65
21/02/2025,POS SHELL FUEL STATION LUCKNOW,833498148060,"4,100.44",,195977.21
22/02/2025,UPI/DR/396795045688/Dunzo/ICICI/dunzo@razorpay/UPI,901551898834,"1,710.28",,194266.93
22/02/2025,UPI/CR/952785161373/Sonia/HDFC/sonia585@okhdfcbank/UPI,790356929640,,"1,800.71",196067.64
22/02/2025,ATM CASH WITHDRAWAL/52406/LUCKNOW,153220051867,"4,000.00",,192067.64
24/02/2025,NEFT/N2264239963608/HDFC Life Insurance,201062727683,,"42,000.84",234068.48
24/02/2025,POS RELIANCE PETROLEUM LUCKNOW,631432957158,"4,100.00",,229968.48
25/02/2025,UPI/DR/207824634054/Rapido/PAYTM/rapido@icici/UPI,068528596527,490.44,,229478.04
26/02/2025,UPI/DR/520146080147/Apollo/ICICI/apollopharmacy@ybl/UPI,354963395916,970.86,,228507.18
27/02/2025,ATM CASH WITHDRAWAL/26155/LUCKNOW,224855992404,"4,000.00",,224507.18
27/02/2025,ATM CASH WITHDRAWAL/74884/LUCKNOW,971321505705,"7,500.00",,217007.18
27/02/2025,UPI/CR/545678121711/Kamal/UCBA/kamal142@ptaxis/UPI,809255472749,,"11,500.76",228507.94
27/02/2025,POS VISHAL MEGA MART LUCKNOW,117252840688,"6,500.15",,222007.79
01/03/2025,UPI/CR/332807199869/Rahul/BARB/rahuldube41@apl/UPI,421663554096,,"18,450.95",240458.74
01/03/2025,UPI/DR/001534271611/Dunzo/ICICI/dunzo@razorpay/UPI,210263929246,"1,950.26",,238508.48
02/03/2025,UPI/DR/131593545301/Dunzo/ICICI/dunzo@razorpay/UPI,182473838026,"1,320.63",,237187.85
02/03/2025,UPI/DR/189418514909/Seema/UCBA/seemadesa51@paytm/UPI,887451734066,"5,950.82",,231237.03
02/03/2025,UPI/DR/967099554425/Paytm/ICICI/paytm@paytm/UPI,882862710565,560.22,,230676.81
03/03/2025,POS SHELL FUEL STATION LUCKNOW,633267510067,850.33,,229826.48
03/03/2025,SALARY CREDIT/S9693819989862/ICICI Lombard GIC,943863454002,,"123,724.92",353551.40
04/03/2025,POS BIG BAZAAR LUCKNOW,920149918410,"4,150.13",,349401.27
04/03/2025,NACH/MANDATE/RNT5920918/RENT MANDATE,553784858426,"8,000.00",,341401.27
04/03/2025,UPI/DR/289243336025/Uber/ICICI/uber@paytm/UPI,532584051689,"2,380.08",,339021.19
05/03/2025,UPI/CR/702911074678/Kavita/FDRL/kavita.joshi@apl/UPI,244414354447,,"8,250.99",347272.18
05/03/2025,UPI/CR/526543715232/Kamal/PUNB/kamalyada51@upi/UPI,279097681079,,"16,550.56",363822.74
05/03/2025,UPI/DR/732978505206/Paytm/ICICI/paytm@paytm/UPI,912475941254,"2,010.93",,361811.81
06/03/2025,UPI/DR/967948736524/Jio/ICICI/jio@paytm/UPI,479197238265,"1,050.48",,360761.33
06/03/2025,UPI/DR/081628615458/Himanshu/SBIN/himanshu.sethi@ptsbi/UPI,340659508299,"1,000.48",,359760.85
07/03/2025,NACH/MANDATE/LN880746470964/ICICI Bank Home Loan,749594780019,"20,000.00",,339760.85
07/03/2025,UPI/DR/736103129140/Jio/PAYTM/jio@paytm/UPI,546914034033,829.00,,338931.85
07/03/2025,UPI/CR/741268036188/Asha/UTIB/ashapill81@ptyes/UPI,577922856536,,"16,000.61",354932.46
08/03/2025,ATM CASH WITHDRAWAL/02195/LUCKNOW,586133066924,"3,000.00",,351932.46
09/03/2025,UPI/DR/690178606713/Neha/UCBA/1270190769@kotak/UPI,899254310339,"7,650.37",,344282.09
09/03/2025,UPI/DR/023369799578/Zepto/ICICI/zepto@apl/UPI,255126755163,"2,120.24",,342161.85
09/03/2025,UPI/DR/889593947684/Amazon/ICICI/amazon@apl/UPI,235697705191,"1,280.52",,340881.33
12/03/2025,UPI/DR/066655869007/Nykaa/PAYTM/nykaa@razorpay/UPI,392980621951,"2,500.07",,338381.26
12/03/2025,UPI/DR/686863085967/Uber/PAYTM/uber@paytm/UPI,711654142541,410.20,,337971.06
13/03/2025,POS V MART LUCKNOW,357441858078,"1,100.32",,336870.74
13/03/2025,POS MAX FASHION LUCKNOW,818287053632,"6,050.60",,330820.14
13/03/2025,UPI/DR/030914747357/Bajaj/LICI/licindia@licindia/UPI,262287216804,"4,300.00",,326520.14
13/03/2025,POS V MART LUCKNOW,035090258062,"3,150.94",,323369.20
14/03/2025,POS V MART LUCKNOW,008206000465,"1,900.46",,321468.74
14/03/2025,UPI/DR/147126356275/Myntra/ICICI/myntra@ybl/UPI,570762441793,899.00,,320569.74
14/03/2025,UPI/DR/519250835572/Jio/PAYTM/jio@paytm/UPI,266021668378,629.00,,319940.74
15/03/2025,UPI/DR/394200135641/Indane/ICICI/indanegas@upi/UPI,794563981732,"1,250.76",,318689.98
15/03/2025,UPI/DR/169627762209/Blinkit/ICICI/blinkit@kotak/UPI,796062178216,250.65,,318439.33
15/03/2025,UPI/DR/806285100145/Uber/PAYTM/uber@paytm/UPI,146874634048,320.21,,318119.12
15/03/2025,UPI/DR/939378019256/Jio/ICICI/jio@paytm/UPI,348511549408,710.72,,317408.40
15/03/2025,UPI/DR/159747992784/Jio/PAYTM/jio@paytm/UPI,629897172807,329.00,,317079.40
15/03/2025,UPI/CR/036170670929/Mohan/HDFC/mohaniyer18@okicici/UPI,775221428202,,"12,250.30",329329.70
16/03/2025,UPI/DR/897784661829/Radha/BKID/radha.nambiar@paytm/UPI,088833136398,"1,950.94",,327378.76
16/03/2025,UPI/DR/481747546782/Jio/ICICI/jio@paytm/UPI,491458962783,950.01,,326428.75
17/03/2025,UPI/DR/363339765496/Sonia/UTIB/3164718637@pthdfc/UPI,097217474747,"16,450.50",,309978.25
18/03/2025,ATM CASH WITHDRAWAL/22010/LUCKNOW,279591350252,"4,500.00",,305478.25
18/03/2025,UPI/DR/107131395923/Meesho/PAYTM/meesho@ybl/UPI,989506502093,"4,000.31",,301477.94
18/03/2025,UPI/DR/455687845006/Hathway/RAZORPAY/broadband@paytm/UPI,920327867440,799.00,,300678.94
18/03/2025,UPI/DR/925482603475/PhonePe/ICICI/phonepe@ybl/UPI,869006309008,"2,170.51",,298508.43
19/03/2025,POS V MART LUCKNOW,437517166885,900.81,,297607.62
19/03/2025,UPI/DR/024884112614/Amazon/ICICI/amazon@apl/UPI,134885189409,"2,770.02",,294837.60
19/03/2025,POS SHELL FUEL STATION LUCKNOW,867239811142,"3,950.94",,290886.66
20/03/2025,UPI/CR/282753417137/Poonam/HDFC/poonam.bajaj@okaxis/UPI,622190345878,,"8,900.65",299787.31
20/03/2025,UPI/DR/568700982573/CESC/UPIN/cescpayment@upi/UPI,314543742412,"2,550.55",,297236.76
20/03/2025,UPI/DR/041939156490/Blinkit/ICICI/blinkit@kotak/UPI,368486071550,"2,310.61",,294926.15
20/03/2025,ATM CASH WITHDRAWAL/88143/LUCKNOW,607379530310,"2,000.00",,292926.15
20/03/2025,UPI/DR/819860703910/Myntra/ICICI/myntra@ybl/UPI,471813049975,599.00,,292327.15
21/03/2025,UPI/DR/529796224912/Harish/PUNB/harish100@kotak/UPI,491421785603,"2,450.85",,289876.30
22/03/2025,UPI/DR/518249479008/Swiggy/ICICI/swiggy@icici/UPI,988046912515,920.68,,288955.62
22/03/2025,UPI/DR/102693564938/Pallavi/BKID/pallavi.mehta@ybl/UPI,582767364249,"19,200.14",,269755.48
22/03/2025,UPI/DR/895156694532/Jio/PAYTM/jio@paytm/UPI,450209313081,779.00,,268976.48
22/03/2025,UPI/DR/464652901381/Kapil/BKID/1091376734@apl/UPI,213570341449,"11,800.99",,257175.49
23/03/2025,UPI/DR/153852798776/Blinkit/ICICI/blinkit@kotak/UPI,305378059398,"2,380.30",,254795.19
24/03/2025,ATM CASH WITHDRAWAL/20996/LUCKNOW,503524014614,"9,000.00",,245795.19
24/03/2025,UPI/DR/203508665592/Ashish/BKID/6709190582@paytm/UPI,912592195057,"17,350.97",,228444.22
24/03/2025,ATM CASH WITHDRAWAL/16793/LUCKNOW,360266811812,"2,500.00",,225944.22
25/03/2025,UPI/DR/551909261517/Zomato/ICICI/zomato@axisbank/UPI,347934848593,"1,480.88",,224463.34
26/03/2025,UPI/CR/649511924792/Geeta/UCBA/geeta636@okhdfcbank/UPI,958056805922,,"16,850.49",241313.83
27/03/2025,INTEREST CREDIT,752303075936,,130.64,241444.47
27/03/2025,UPI/DR/579925979232/Uber/PAYTM/uber@paytm/UPI,077391904920,590.41,,240854.06
27/03/2025,UPI/DR/943243470678/Ola/PAYTM/olamoney@ola/UPI,583570114156,470.09,,240383.97
29/03/2025,UPI/DR/581069842578/Amazon/ICICI/amazon@apl/UPI,407243903103,"1,620.01",,238763.96
30/03/2025,UPI/CR/434276058272/Rakesh/SBIN/rakeshsaxe22@aubank/UPI,568574351417,,"10,250.07",249014.03
31/03/2025,UPI/CR/198650581410/Sumit/BDBL/sumitrao21@apl/UPI,217634819016,,"2,700.88",251714.91
01/04/2025,SALARY CREDIT/S2231191175418/ICICI Lombard GIC,020591206046,,"125,672.92",377387.83
02/04/2025,NACH/MANDATE/RNT4605873/RENT MANDATE,509226385430,"8,000.00",,369387.83
02/04/2025,UPI/DR/302244862855/Jio/PAYTM/jio@paytm/UPI,503165069849,269.00,,369118.83
03/04/2025,NACH/MANDATE/LN880746470964/ICICI Bank Home Loan,587321941243,"20,000.00",,349118.83
05/04/2025,POS BHARAT PETROLEUM LUCKNOW,538362931956,850.41,,348268.42
05/04/2025,POS MAX FASHION LUCKNOW,834085550590,"3,450.19",,344818.23
05/04/2025,UPI/DR/774050776850/Vandana/BARB/vandana.bose@oksbi/UPI,378859801121,"21,400.86",,323417.37
08/04/2025,UPI/CR/938778977856/Nikhil/BARB/nikhil.dubey@pthdfc/UPI,208572283056,,"9,750.69",333168.06
08/04/2025,POS CENTRAL MALL LUCKNOW,551293704361,"1,050.37",,332117.69
09/04/2025,UPI/DR/512510913874/Prashant/BARB/prashantchop40@kotak/UPI,272834888794,"15,950.62",,316167.07
09/04/2025,UPI/DR/337206946253/Jio/PAYTM/jio@paytm/UPI,840439394406,719.00,,315448.07
09/04/2025,UPI/DR/928353193192/Amazon/PAYTM/amazon@apl/UPI,344968151197,"4,800.47",,310647.60
11/04/2025,UPI/DR/731999220835/Ola/PAYTM/olamoney@ola/UPI,018715973054,400.61,,310246.99
13/04/2025,UPI/DR/638675759249/Sonia/UTIB/7370315803@ptaxis/UPI,249346177175,"21,950.23",,288296.76
13/04/2025,UPI/DR/682804742626/Flipkart/ICICI/flipkart@ybl/UPI,122235769397,"1,770.41",,286526.35
13/04/2025,POS STAR BAZAAR LUCKNOW,378824020781,"1,500.37",,285025.98
14/04/2025,POS STAR BAZAAR LUCKNOW,473892693343,"7,800.90",,277225.08
14/04/2025,UPI/DR/779968874278/Flipkart/PAYTM/flipkart@ybl/UPI,920812236624,"5,300.70",,271924.38
14/04/2025,UPI/CR/236402410411/Ajay/HDFC/ajay401@ptyes/UPI,964120996448,,"18,600.10",290524.48
14/04/2025,UPI/DR/519438356850/Flipkart/ICICI/flipkart@ybl/UPI,496481910640,"1,650.28",,288874.20
16/04/2025,POS CENTRAL MALL LUCKNOW,833785134333,"8,200.99",,280673.21
16/04/2025,ATM CASH WITHDRAWAL/56525/LUCKNOW,760996554987,"6,000.00",,274673.21
16/04/2025,POS SHELL FUEL STATION LUCKNOW,682096312259,"1,600.96",,273072.25
16/04/2025,UPI/DR/901847907160/Jio/ICICI/jio@paytm/UPI,879507004038,310.04,,272762.21
16/04/2025,UPI/DR/285787204211/Rapido/PAYTM/rapido@icici/UPI,311815708101,740.64,,272021.57
18/04/2025,UPI/DR/716931689332/Paytm/ICICI/paytm@paytm/UPI,335078202623,160.31,,271861.26
19/04/2025,UPI/DR/955045230704/Jio/PAYTM/jio@paytm/UPI,259598560755,589.00,,271272.26
19/04/2025,UPI/DR/308576472757/Rapido/PAYTM/rapido@icici/UPI,497928627024,350.70,,270921.56
19/04/2025,UPI/DR/446210308809/Hathway/RAZORPAY/broadband@paytm/UPI,474664707997,549.00,,270372.56
19/04/2025,UPI/DR/503772018004/CESC/UPIN/cescpayment@upi/UPI,767880879238,"3,500.70",,266871.86
19/04/2025,UPI/DR/159043348513/Uber/ICICI/uber@paytm/UPI,013484836826,800.19,,266071.67
20/04/2025,UPI/DR/131292033551/Tarun/BKID/0687610112@aubank/UPI,890841732416,"10,900.52",,255171.15
20/04/2025,UPI/DR/481474566423/Ola/PAYTM/olamoney@ola/UPI,155969392126,670.49,,254500.66
20/04/2025,UPI/CR/513904102950/Pankaj/BKID/pankajdesa26@okaxis/UPI,523894481823,,"10,500.45",265001.11
22/04/2025,UPI/CR/537615128575/Himanshu/BDBL/1839433733@ibl/UPI,345551813518,,"10,750.43",275751.54
23/04/2025,UPI/DR/763712526289/Uber/PAYTM/uber@paytm/UPI,481506006770,820.85,,274930.69
24/04/2025,UPI/DR/839703782056/Manish/UTIB/manish.mukherjee@ptaxis/UPI,335466276756,"19,700.40",,255230.29
24/04/2025,UPI/DR/155083666067/Blinkit/ICICI/blinkit@kotak/UPI,732900684412,"1,360.13",,253870.16
24/04/2025,UPI/DR/237119534941/Nykaa/PAYTM/nykaa@razorpay/UPI,019740901925,"4,700.39",,249169.77
25/04/2025,ATM CASH WITHDRAWAL/06289/LUCKNOW,862317569912,"3,500.00",,245669.77
25/04/2025,UPI/DR/071058041947/Indane/ICICI/indanegas@upi/UPI,931553091220,"2,500.89",,243168.88
25/04/2025,UPI/DR/201918449262/Blinkit/ICICI/blinkit@kotak/UPI,828942429457,620.21,,242548.67
27/04/2025,UPI/DR/316791950298/Paytm/ICICI/paytm@paytm/UPI,629064687005,"2,590.87",,239957.80
27/04/2025,UPI/DR/636612948517/Rapido/PAYTM/rapido@icici/UPI,258865931094,390.38,,239567.42
28/04/2025,POS BHARAT PETROLEUM LUCKNOW,302992921278,"4,050.75",,235516.67
28/04/2025,UPI/DR/199078494249/Jio/PAYTM/jio@paytm/UPI,747430288320,449.00,,235067.67
28/04/2025,IMPS-403299968017-Rajan Naik,995456892405,"18,500.89",,216566.78
29/04/2025,GST ON CHARGES,249844101126,63.00,,216503.78
29/04/2025,SMS CHARGES,778214787741,350.00,,216153.78
30/04/2025,ATM CASH WITHDRAWAL/13293/LUCKNOW,938607778626,"8,000.00",,208153.78
30/04/2025,UPI/CR/460731939552/Sunita/BKID/6516667974@okhdfcbank/UPI,562085946777,,"12,750.89",220904.67
30/04/2025,POS BRAND FACTORY LUCKNOW,291135545464,"1,600.12",,219304.55
01/05/2025,SALARY CREDIT/S4348924290428/ICICI Lombard GIC,415682477370,,"125,885.92",345190.47
01/05/2025,UPI/DR/531390421311/Jyoti/BKID/8166539196@okaxis/UPI,908035866919,"1,950.98",,343239.49
01/05/2025,UPI/DR/827602310878/BSNL/ICICI/bsnlbroadband@upi/UPI,811078988853,680.77,,342558.72
01/05/2025,UPI/DR/386639417084/Sumit/BDBL/3754526123@ibl/UPI,660753595588,"20,350.96",,322207.76
03/05/2025,NACH/MANDATE/RNT5684206/RENT MANDATE,654766555837,"8,000.00",,314207.76
03/05/2025,UPI/DR/884522422544/Zepto/ICICI/zepto@apl/UPI,393737029353,600.44,,313607.32
04/05/2025,UPI/DR/232990883730/Dunzo/ICICI/dunzo@razorpay/UPI,368280677210,"2,420.85",,311186.47
05/05/2025,POS HP PETROL PUMP LUCKNOW,397565619154,"4,300.83",,306885.64
06/05/2025,POS BHARAT PETROLEUM LUCKNOW,752407440810,"3,000.82",,303884.82
06/05/2025,UPI/DR/998516357460/Anita/HDFC/anita.reddy@paytm/UPI,343859664468,"5,100.19",,298784.63
06/05/2025,POS CENTRAL MALL LUCKNOW,262881395616,"2,550.27",,296234.36
07/05/2025,POS RELIANCE PETROLEUM LUCKNOW,765342019449,"4,450.68",,291783.68
07/05/2025,UPI/DR/706671194796/Jio/PAYTM/jio@paytm/UPI,237538120633,279.00,,291504.68
07/05/2025,UPI/DR/410665215843/Sangita/UTIB/sangita.das@upi/UPI,658602959260,"1,950.08",,289554.60
07/05/2025,POS MAX FASHION LUCKNOW,770412039659,"4,250.82",,285303.78
08/05/2025,NACH/MANDATE/LN880746470964/ICICI Bank Home Loan,392011220446,"20,000.00",,265303.78
08/05/2025,UPI/DR/732158794202/Rapido/PAYTM/rapido@icici/UPI,777822042713,760.01,,264543.77
09/05/2025,UPI/DR/418149782312/Flipkart/PAYTM/flipkart@ybl/UPI,967003678594,"3,000.54",,261543.23
10/05/2025,UPI/DR/713932609272/Flipkart/ICICI/flipkart@ybl/UPI,821619781613,"1,740.80",,259802.43
11/05/2025,UPI/DR/535005143455/PhonePe/ICICI/phonepe@ybl/UPI,283727186291,"1,810.79",,257991.64
11/05/2025,UPI/CR/515681203748/Akash/KKBK/5736497462@axl/UPI,983618182492,,"8,850.66",266842.30
12/05/2025,UPI/DR/965282449920/Tarun/KKBK/tarun549@okicici/UPI,560939556090,"20,500.97",,246341.33
12/05/2025,UPI/DR/250382221442/Uber/PAYTM/uber@paytm/UPI,866060076726,140.19,,246201.14
13/05/2025,UPI/DR/606744066921/Indane/ICICI/indanegas@upi/UPI,731671352963,"1,900.04",,244301.10
13/05/2025,UPI/DR/441063345938/CESC/UPIN/cescpayment@upi/UPI,002420495138,"3,500.68",,240800.42
14/05/2025,UPI/DR/970779890329/Hathway/RAZORPAY/broadband@paytm/UPI,533768747530,899.00,,239901.42
14/05/2025,UPI/CR/549764690473/Tarun/KKBK/tarun.pillai@upi/UPI,517580469298,,"15,650.10",255551.52
14/05/2025,UPI/DR/487203351441/Blinkit/ICICI/blinkit@kotak/UPI,784915124947,660.41,,254891.11
15/05/2025,UPI/DR/571091992681/Shivam/UCBA/shivam.saxena@ptaxis/UPI,006763834821,"13,700.26",,241190.85
18/05/2025,UPI/DR/467146988279/Ola/PAYTM/olamoney@ola/UPI,265096575523,310.96,,240879.89
19/05/2025,IMPS-756749670004-Santosh Gupta,144672622476,"19,300.31",,221579.58
19/05/2025,UPI/DR/664464761486/Mina/BDBL/8420131867@okicici/UPI,578687244078,850.40,,220729.18
20/05/2025,UPI/DR/659881934068/Flipkart/ICICI/flipkart@ybl/UPI,348890838332,"2,420.56",,218308.62
20/05/2025,UPI/DR/565438694465/Varsha/SBIN/varsha334@apl/UPI,296273731748,"16,450.57",,201858.05
20/05/2025,UPI/DR/202589852687/Zomato/ICICI/zomato@axisbank/UPI,438235009599,890.29,,200967.76
21/05/2025,UPI/DR/068761594078/Paytm/ICICI/paytm@paytm/UPI,318771619023,"1,620.58",,199347.18
21/05/2025,UPI/DR/122081654643/Akash/BKID/akash139@oksbi/UPI,432748217396,"18,100.94",,181246.24
22/05/2025,UPI/DR/498980145891/Jio/PAYTM/jio@paytm/UPI,405039711957,589.00,,180657.24
22/05/2025,POS HP PETROL PUMP LUCKNOW,255886448009,"2,200.78",,178456.46
23/05/2025,UPI/DR/312664294651/Amazon/ICICI/amazon@apl/UPI,858185487720,"2,490.94",,175965.52
23/05/2025,UPI/DR/950509280413/Zomato/ICICI/zomato@axisbank/UPI,174372521839,"2,670.99",,173294.53
24/05/2025,POS BRAND FACTORY LUCKNOW,884672483256,"6,000.44",,167294.09
24/05/2025,UPI/DR/262126080114/Dunzo/ICICI/dunzo@razorpay/UPI,738543919821,"2,370.95",,164923.14
25/05/2025,UPI/DR/761513107253/Jio/ICICI/jio@paytm/UPI,992263991975,"2,800.64",,162122.50
25/05/2025,ATM CASH WITHDRAWAL/07810/LUCKNOW,562447898555,"4,500.00",,157622.50
27/05/2025,UPI/DR/815083952855/Spotify/ICICI/spotify@icici/UPI,584102313590,899.00,,156723.50
28/05/2025,GST ON CHARGES,972570676712,28.80,,156694.70
28/05/2025,POS RELIANCE MART LUCKNOW,599296097223,"8,400.36",,148294.34
28/05/2025,UPI/DR/652616698861/Dunzo/ICICI/dunzo@razorpay/UPI,240852354649,150.37,,148143.97
28/05/2025,UPI/DR/606990434557/Nykaa/PAYTM/nykaa@razorpay/UPI,153999373643,"2,850.12",,145293.85
28/05/2025,SMS CHARGES,482366569249,160.00,,145133.85
28/05/2025,UPI/DR/768585804180/Siddharth/FDRL/siddharth.naik@okhdfcbank/UPI,688474011427,"15,550.41",,129583.44
28/05/2025,UPI/CR/195412010089/Varsha/HDFC/varsha.chaudhary@okicici/UPI,103594714855,,"18,750.98",148334.42
29/05/2025,UPI/DR/818529775344/Ramesh/PUNB/ramesh.malhotra@apl/UPI,897942848011,"6,650.07",,141684.35
29/05/2025,UPI/DR/367993357906/Uber/ICICI/uber@paytm/UPI,259571904123,"1,110.50",,140573.85
29/05/2025,UPI/CR/263902625222/Rajan/BARB/rajanahuj27@upi/UPI,074846014113,,"20,950.35",161524.20
29/05/2025,UPI/DR/534140771493/Ola/PAYTM/olamoney@ola/UPI,949167333302,440.25,,161083.95
30/05/2025,UPI/DR/136509397496/BigBasket/ICICI/bigbasket@ybl/UPI,617960148719,"1,120.64",,159963.31
30/05/2025,UPI/DR/695131122796/Priya/UTIB/9062111478@okaxis/UPI,400926909749,"8,350.03",,151613.28
31/05/2025,ATM CASH WITHDRAWAL/39495/LUCKNOW,169356192144,"6,500.00",,145113.28
01/06/2025,UPI/CR/380647255676/Mina/HDFC/mina677@okhdfcbank/UPI,062851417581,,"15,350.65",160463.93
01/06/2025,SALARY CREDIT/S1721077581548/ICICI Lombard GIC,179949501399,,"125,079.92",285543.85
02/06/2025,NACH/MANDATE/RNT6298696/RENT MANDATE,304052876130,"8,000.00",,277543.85
02/06/2025,UPI/DR/146043805343/Varsha/FDRL/varsha.sharma@paytm/UPI,790441554653,"20,250.18",,257293.67
02/06/2025,UPI/CR/712269840587/Shivam/FDRL/shivam109@apl/UPI,061626597284,,"14,750.68",272044.35
03/06/2025,UPI/CR/780038971596/Kunal/PUNB/kunal954@apl/UPI,105759530453,,"13,600.62",285644.97
03/06/2025,POS STAR BAZAAR LUCKNOW,513757610533,"4,900.75",,280744.22
04/06/2025,UPI/DR/702666363365/Flipkart/PAYTM/flipkart@ybl/UPI,283216138494,500.10,,280244.12
05/06/2025,UPI/DR/142533891728/Jio/PAYTM/jio@paytm/UPI,538988183037,219.00,,280025.12
05/06/2025,UPI/DR/686160386251/Usha/KKBK/ushanaik37@kotak/UPI,205176831253,"15,950.86",,264074.26
06/06/2025,UPI/DR/172755968540/IRCTC/ICICI/irctc@upi/UPI,456751818078,299.00,,263775.26
06/06/2025,UPI/DR/586729702779/Rapido/PAYTM/rapido@icici/UPI,075573786781,200.98,,263574.28
07/06/2025,POS V MART LUCKNOW,004528090706,"1,950.18",,261624.10
07/06/2025,IMPS-035445384755-Mohit Verma,113776641302,"28,000.27",,233623.83
08/06/2025,UPI/DR/119275783107/Meesho/PAYTM/meesho@ybl/UPI,126042077401,"4,550.65",,229073.18
08/06/2025,UPI/DR/379284082334/Bajaj/LICI/licindia@licindia/UPI,130202458373,"4,300.00",,224773.18
09/06/2025,UPI/DR/297851738681/Rapido/PAYTM/rapido@icici/UPI,451398311170,620.52,,224152.66
09/06/2025,UPI/DR/022637202256/Rahul/PUNB/rahul.shukla@okaxis/UPI,991468815976,350.26,,223802.40
09/06/2025,POS SHOPPERS STOP LUCKNOW,917603747492,"1,500.60",,222301.80
09/06/2025,NACH/MANDATE/LN880746470964/ICICI Bank Home Loan,768171745522,"20,000.00",,202301.80
10/06/2025,UPI/DR/415186496538/Hathway/RAZORPAY/broadband@paytm/UPI,088171937886,899.00,,201402.80
10/06/2025,UPI/DR/930203756609/Ritu/UCBA/ritu178@upi/UPI,573363821996,"10,750.84",,190651.96
11/06/2025,UPI/DR/336059475155/Mohit/BKID/mohit.mukherjee@ptsbi/UPI,274885851015,"7,750.72",,182901.24
11/06/2025,UPI/DR/246548071645/Paytm/ICICI/paytm@paytm/UPI,133996309397,"1,280.06",,181621.18
12/06/2025,UPI/DR/127955847459/Jio/PAYTM/jio@paytm/UPI,598005159262,359.00,,181262.18
12/06/2025,UPI/CR/797217945714/Yogesh/BARB/yogesh229@pthdfc/UPI,605111340784,,"5,750.50",187012.68
13/06/2025,POS BRAND FACTORY LUCKNOW,407852725797,"1,900.00",,185112.68
13/06/2025,UPI/DR/356955441073/Blinkit/ICICI/blinkit@kotak/UPI,960960524128,"1,870.61",,183242.07
14/06/2025,UPI/CR/309413052263/Geeta/UTIB/geeta653@okhdfcbank/UPI,177826564636,,"14,700.54",197942.61
15/06/2025,UPI/DR/602914435748/BSNL/ICICI/bsnlbroadband@upi/UPI,486632620822,"1,520.49",,196422.12
16/06/2025,POS SHELL FUEL STATION LUCKNOW,314684633748,"2,200.63",,194221.49
16/06/2025,UPI/CR/391752410190/Kiran/FDRL/6830009621@kotak/UPI,433963573609,,"20,700.80",214922.29
16/06/2025,UPI/CR/071423644735/Gopal/BDBL/gopalahuj10@upi/UPI,007057284362,,"15,150.35",230072.64
18/06/2025,UPI/DR/005172390223/Indane/ICICI/indanegas@upi/UPI,123408954638,"1,400.05",,228672.59
18/06/2025,POS D MART LUCKNOW,003983506352,"5,250.23",,223422.36
18/06/2025,UPI/DR/192909707092/Uber/ICICI/uber@paytm/UPI,896499726470,"1,100.52",,222321.84
18/06/2025,UPI/DR/238077672066/Zepto/ICICI/zepto@apl/UPI,135163355520,"2,370.46",,219951.38
18/06/2025,UPI/DR/506526781026/CESC/UPIN/cescpayment@upi/UPI,291775054677,"1,900.92",,218050.46
21/06/2025,POS SHOPPERS STOP LUCKNOW,744048395353,"6,350.85",,211699.61
21/06/2025,POS RELIANCE PETROLEUM LUCKNOW,163134220362,"2,050.49",,209649.12
22/06/2025,ATM CASH WITHDRAWAL/44311/LUCKNOW,205084275028,"8,500.00",,201149.12
24/06/2025,UPI/DR/201452635362/BigBasket/ICICI/bigbasket@ybl/UPI,704666229461,"2,330.24",,198818.88
24/06/2025,UPI/CR/194036819295/Rekha/HDFC/rekhadube59@aubank/UPI,849426622087,,"11,550.83",210369.71
24/06/2025,UPI/DR/976117084027/Ola/ICICI/olamoney@ola/UPI,912074714053,"2,710.28",,207659.43
25/06/2025,POS LIFESTYLE STORES LUCKNOW,204694544689,"1,100.70",,206558.73
25/06/2025,UPI/DR/304484258138/Uber/ICICI/uber@paytm/UPI,701664504118,790.15,,205768.58
26/06/2025,POS LIFESTYLE STORES LUCKNOW,788352953012,"3,150.87",,202617.71
26/06/2025,UPI/CR/176845074193/Vikas/SBIN/vikaskapo30@aubank/UPI,108244570792,,"18,700.19",221317.90
26/06/2025,ATM CASH WITHDRAWAL/30864/LUCKNOW,252495052488,"6,500.00",,214817.90
27/06/2025,INTEREST CREDIT,607369176844,,875.13,215693.03
27/06/2025,POS INDIAN OIL LUCKNOW,431710449681,"1,500.82",,214192.21
27/06/2025,POS SHELL FUEL STATION LUCKNOW,396306118999,"3,150.15",,211042.06
27/06/2025,UPI/DR/250021471548/Lata/SBIN/lata569@oksbi/UPI,005512398227,"10,400.81",,200641.25
28/06/2025,ATM CASH WITHDRAWAL/87965/LUCKNOW,476120425035,"2,000.00",,198641.25
28/06/2025,GST ON CHARGES,822275607150,106.20,,198535.05
28/06/2025,SMS CHARGES,436247219108,590.00,,197945.05
29/06/2025,UPI/DR/499409892360/Rapido/PAYTM/rapido@icici/UPI,098333531829,360.72,,197584.33
30/06/2025,UPI/DR/199757158931/Renu/BARB/2484637427@pthdfc/UPI,321798325061,"10,050.18",,187534.15
30/06/2025,UPI/DR/578241470878/Jio/ICICI/jio@paytm/UPI,943607758036,220.85,,187313.30
01/07/2025,POS LIFESTYLE STORES LUCKNOW,843642030945,"5,350.82",,181962.48
01/07/2025,UPI/DR/949027654358/Sanjay/SBIN/sanjay865@ybl/UPI,956020750333,"7,650.02",,174312.46
01/07/2025,UPI/CR/847274145584/Amit/KKBK/amit.pandey@ybl/UPI,508715349420,,"6,350.06",180662.52
01/07/2025,SALARY CREDIT/S7378213806718/ICICI Lombard GIC,459968469007,,"124,565.92",305228.44
01/07/2025,UPI/DR/412377428670/Swiggy/ICICI/swiggy@icici/UPI,291278915673,"2,220.93",,303007.51
02/07/2025,UPI/CR/509498747289/Anil/BARB/anil789@pthdfc/UPI,661148683849,,"11,000.75",314008.26
03/07/2025,UPI/DR/059669255056/Hathway/RAZORPAY/broadband@paytm/UPI,505153667551,899.00,,313109.26
03/07/2025,UPI/DR/840439108751/Vivek/UTIB/0820521126@paytm/UPI,523701134173,"2,550.85",,310558.41
03/07/2025,UPI/DR/222534702633/Paytm/ICICI/paytm@paytm/UPI,390380278735,"1,820.40",,308738.01
04/07/2025,NACH/MANDATE/RNT3859581/RENT MANDATE,672689691117,"8,000.00",,300738.01
04/07/2025,UPI/DR/218872157942/Paytm/ICICI/paytm@paytm/UPI,765172778723,"2,070.20",,298667.81
04/07/2025,UPI/DR/570619276689/Blinkit/ICICI/blinkit@kotak/UPI,520737599570,"1,630.89",,297036.92
04/07/2025,UPI/DR/748538759093/Jio/PAYTM/jio@paytm/UPI,832500482989,959.00,,296077.92
05/07/2025,NACH/MANDATE/LN880746470964/ICICI Bank Home Loan,080532215964,"20,000.00",,276077.92
05/07/2025,UPI/DR/220161606346/Apollo/ICICI/apollopharmacy@ybl/UPI,560944607232,749.00,,275328.92
05/07/2025,UPI/DR/826585345129/Yogesh/PUNB/yogesh.kumar@ptyes/UPI,491084777381,"20,500.02",,254828.90
06/07/2025,UPI/DR/659167792686/Deepak/KKBK/deepak.roy@axl/UPI,594331275693,"12,350.31",,242478.59
07/07/2025,UPI/DR/577306764187/Jio/PAYTM/jio@paytm/UPI,564391556049,429.00,,242049.59
08/07/2025,ATM CASH WITHDRAWAL/12241/LUCKNOW,852676034195,"6,500.00",,235549.59
08/07/2025,UPI/DR/261846552529/Uber/PAYTM/uber@paytm/UPI,034456638030,330.73,,235218.86
09/07/2025,UPI/DR/949477854591/CESC/UPIN/cescpayment@upi/UPI,190766618823,"1,700.45",,233518.41
10/07/2025,UPI/DR/324907635305/Ola/ICICI/olamoney@ola/UPI,465710907928,"2,000.79",,231517.62
10/07/2025,UPI/CR/080558972270/Ankit/PUNB/ankit427@kotak/UPI,369620517046,,"7,400.14",238917.76
10/07/2025,UPI/DR/867303571182/Shreya/KKBK/shreya.sethi@oksbi/UPI,149768224526,"13,500.38",,225417.38
10/07/2025,UPI/DR/421412212989/Amazon/ICICI/amazon@apl/UPI,442926664165,950.69,,224466.69
10/07/2025,ATM CASH WITHDRAWAL/64307/LUCKNOW,658105666725,"4,000.00",,220466.69
10/07/2025,UPI/DR/115533454350/Rajan/HDFC/6812982451@upi/UPI,722578950577,"12,600.30",,207866.39
10/07/2025,UPI/DR/492459951042/BSNL/ICICI/bsnlbroadband@upi/UPI,667240788648,"2,130.78",,205735.61
12/07/2025,ATM CASH WITHDRAWAL/71203/LUCKNOW,655378278773,"3,000.00",,202735.61
13/07/2025,POS RELIANCE PETROLEUM LUCKNOW,406670582518,"3,300.61",,199435.00
14/07/2025,UPI/DR/493999243807/Amazon/ICICI/amazon@apl/UPI,300783357170,600.91,,198834.09
14/07/2025,UPI/DR/875648126513/Amazon/ICICI/amazon@apl/UPI,285763751677,"2,400.95",,196433.14
15/07/2025,ATM CASH WITHDRAWAL/92533/LUCKNOW,974226809359,"7,000.00",,189433.14
15/07/2025,UPI/DR/333184149472/Varun/KKBK/varun.dutta@axl/UPI,910261529275,"17,100.53",,172332.61
16/07/2025,UPI/DR/265587804889/Swiggy/ICICI/swiggy@icici/UPI,852190315114,"2,180.34",,170152.27
16/07/2025,UPI/DR/735150312826/Zepto/ICICI/zepto@apl/UPI,056813491759,"1,270.39",,168881.88
16/07/2025,UPI/DR/178558294873/Amit/FDRL/5042559491@ptaxis/UPI,761065125216,"10,600.00",,158281.88
16/07/2025,UPI/DR/359369046822/Rakesh/UTIB/5286290220@aubank/UPI,457149578399,"20,050.55",,138231.33
17/07/2025,UPI/DR/536452038495/Meesho/PAYTM/meesho@ybl/UPI,993950215925,600.72,,137630.61
18/07/2025,UPI/DR/817485952928/Anjali/KKBK/9954624913@oksbi/UPI,364745544711,"21,300.00",,116330.61
19/07/2025,UPI/CR/851636523833/Sneha/PUNB/sneharoy92@oksbi/UPI,302892587621,,"15,750.16",132080.77
19/07/2025,POS D MART LUCKNOW,920571943980,"1,400.59",,130680.18
20/07/2025,UPI/DR/578219957224/Swiggy/ICICI/swiggy@icici/UPI,188621381642,"1,150.95",,129529.23
23/07/2025,UPI/DR/296220164543/Jio/ICICI/jio@paytm/UPI,354972239181,"1,050.47",,128478.76
23/07/2025,UPI/DR/053480618097/Uber/PAYTM/uber@paytm/UPI,690028928385,360.92,,128117.84
23/07/2025,UPI/DR/198994263617/Rapido/PAYTM/rapido@icici/UPI,757248630043,790.95,,127326.89
23/07/2025,UPI/DR/385426761901/Zepto/ICICI/zepto@apl/UPI,781267443194,"2,030.33",,125296.56
24/07/2025,UPI/DR/236226477003/Indane/ICICI/indanegas@upi/UPI,083348358022,950.64,,124345.92
25/07/2025,ATM CASH WITHDRAWAL/32546/LUCKNOW,752840597251,"5,500.00",,118845.92
25/07/2025,UPI/CR/305666486313/Sneha/UTIB/6266426376@okicici/UPI,614808457733,,"2,700.35",121546.27
25/07/2025,UPI/DR/187896301649/Amazon/ICICI/amazon@apl/UPI,735266658399,490.50,,121055.77
25/07/2025,UPI/DR/671301676444/Akash/FDRL/akashsriv30@apl/UPI,464421531609,"13,650.97",,107404.80
26/07/2025,UPI/DR/088052923212/Vandana/BKID/vandanatiwa64@ptyes/UPI,295098937810,"9,950.67",,97454.13
26/07/2025,UPI/CR/504890385103/Lata/BARB/lataseth77@upi/UPI,456404177108,,"4,250.67",101704.80
26/07/2025,UPI/DR/073170563800/Blinkit/ICICI/blinkit@kotak/UPI,719533833148,"2,490.09",,99214.71
26/07/2025,UPI/DR/412998091527/Flipkart/PAYTM/flipkart@ybl/UPI,134549538580,"3,250.10",,95964.61
26/07/2025,POS INDIAN OIL LUCKNOW,322935941661,950.05,,95014.56
27/07/2025,UPI/DR/902548316454/Blinkit/ICICI/blinkit@kotak/UPI,237607152075,"1,200.19",,93814.37
27/07/2025,ATM CASH WITHDRAWAL/31245/LUCKNOW,904778942349,"1,500.00",,92314.37
28/07/2025,UPI/DR/830034355074/Amazon/ICICI/amazon@apl/UPI,312834499586,620.14,,91694.23
29/07/2025,POS SHOPPERS STOP LUCKNOW,165587888330,"8,050.74",,83643.49
29/07/2025,UPI/DR/497521509006/Jio/PAYTM/jio@paytm/UPI,809603856597,619.00,,83024.49
30/07/2025,UPI/DR/703662760411/Santosh/BDBL/santosh726@ibl/UPI,900958174425,"4,400.23",,78624.26
30/07/2025,POS RELIANCE PETROLEUM LUCKNOW,475579262946,"1,200.74",,77423.52
30/07/2025,UPI/DR/928801635415/Zepto/ICICI/zepto@apl/UPI,356825795747,"1,040.02",,76383.50
31/07/2025,UPI/DR/732362980742/Vivek/SBIN/vivek507@ptaxis/UPI,003359895512,"2,450.76",,73932.74
01/08/2025,SALARY CREDIT/S1765649148991/ICICI Lombard GIC,204691391019,,"123,637.92",197570.66
02/08/2025,UPI/DR/688500628300/Meesho/PAYTM/meesho@ybl/UPI,601778020283,"2,250.70",,195319.96
03/08/2025,NACH/MANDATE/LN880746470964/ICICI Bank Home Loan,663463677846,"20,000.00",,175319.96
04/08/2025,UPI/DR/070345136920/Jio/ICICI/jio@paytm/UPI,213483476693,960.98,,174358.98
05/08/2025,POS PANTALOONS LUCKNOW,675256798940,"1,000.10",,173358.88
05/08/2025,UPI/DR/682839107331/Jio/PAYTM/jio@paytm/UPI,337524910364,799.00,,172559.88
05/08/2025,UPI/DR/080271800885/Amazon/ICICI/amazon@apl/UPI,855737149589,"1,710.30",,170849.58
06/08/2025,UPI/DR/413862842645/Sunita/BARB/sunita.yadav@axl/UPI,261482568317,"6,700.92",,164148.66
06/08/2025,UPI/DR/001698679820/Jio/ICICI/jio@paytm/UPI,393587758512,"1,230.31",,162918.35
06/08/2025,NACH/MANDATE/RNT1198871/RENT MANDATE,920960820952,"8,000.00",,154918.35
08/08/2025,POS BHARAT PETROLEUM LUCKNOW,449959233384,"1,900.81",,153017.54
08/08/2025,POS MAX FASHION LUCKNOW,054529583600,"7,350.33",,145667.21
08/08/2025,UPI/CR/737995107920/Deepak/FDRL/deepakmeht92@upi/UPI,007441558399,,"21,750.38",167417.59
09/08/2025,UPI/DR/575281617581/Kavita/SBIN/kavita.khanna@axl/UPI,713953458962,100.32,,167317.27
10/08/2025,UPI/DR/909497561630/Uber/ICICI/uber@paytm/UPI,749691330726,900.87,,166416.40
10/08/2025,UPI/DR/168406015888/Uber/PAYTM/uber@paytm/UPI,730919284756,490.42,,165925.98
11/08/2025,UPI/CR/604302854981/Vivek/BARB/vivekkapo91@okaxis/UPI,543728987643,,"4,900.93",170826.91
11/08/2025,NEFT/N8033455528167/Hexaware Technologie,923058425194,,"47,500.25",218327.16
12/08/2025,UPI/DR/372252327677/Flipkart/PAYTM/flipkart@ybl/UPI,001794035008,"3,750.23",,214576.93
13/08/2025,UPI/DR/462904662984/PhonePe/ICICI/phonepe@ybl/UPI,595673347624,740.44,,213836.49
13/08/2025,UPI/DR/906051244575/Paytm/ICICI/paytm@paytm/UPI,958918522201,"2,630.50",,211205.99
14/08/2025,UPI/DR/461236139303/Blinkit/ICICI/blinkit@kotak/UPI,988396367570,"1,090.48",,210115.51
14/08/2025,UPI/DR/437534331450/Sunita/HDFC/sunitabaja33@paytm/UPI,933804604779,"15,050.84",,195064.67
14/08/2025,ATM CASH WITHDRAWAL/34826/LUCKNOW,043259139642,"3,000.00",,192064.67
14/08/2025,UPI/DR/581675560400/Jio/PAYTM/jio@paytm/UPI,799709225110,329.00,,191735.67
15/08/2025,POS SHOPPERS STOP LUCKNOW,818164095724,"3,950.87",,187784.80
16/08/2025,POS V MART LUCKNOW,491772039142,650.06,,187134.74
16/08/2025,UPI/DR/017912163870/Hathway/RAZORPAY/broadband@paytm/UPI,688506845226,949.00,,186185.74
17/08/2025,UPI/DR/700835269170/Jio/PAYTM/jio@paytm/UPI,756677705462,799.00,,185386.74
18/08/2025,POS INDIAN OIL LUCKNOW,448929027176,"2,000.99",,183385.75
19/08/2025,UPI/DR/297924944100/Indane/ICICI/indanegas@upi/UPI,766444745470,850.89,,182534.86
20/08/2025,UPI/DR/018318771173/Uber/PAYTM/uber@paytm/UPI,112355333406,80.50,,182454.36
21/08/2025,UPI/DR/660439566377/CESC/UPIN/cescpayment@upi/UPI,761335690943,"3,250.12",,179204.24
21/08/2025,UPI/CR/428372765921/Akash/SBIN/akashkulk60@ptsbi/UPI,236743556457,,"4,000.37",183204.61
21/08/2025,UPI/DR/204714891075/IRCTC/ICICI/irctc@upi/UPI,987088437530,549.00,,182655.61
22/08/2025,UPI/DR/691529035041/Girish/BDBL/girish273@pthdfc/UPI,648316025810,"12,650.58",,170005.03
22/08/2025,UPI/DR/290644975103/Uber/ICICI/uber@paytm/UPI,665375159899,"2,270.37",,167734.66
22/08/2025,UPI/DR/160136579216/Sonia/UTIB/sonia380@ptaxis/UPI,513189825524,"9,650.79",,158083.87
23/08/2025,UPI/DR/495407866247/Himanshu/UTIB/himanshu.sethi@okicici/UPI,113961098822,350.05,,157733.82
24/08/2025,POS CENTRAL MALL LUCKNOW,525910567976,"1,500.01",,156233.81
24/08/2025,UPI/CR/158214211858/Archana/FDRL/archana.kulkarni@ibl/UPI,204859818120,,"9,700.04",165933.85
24/08/2025,UPI/DR/233748146982/Sumit/PUNB/sumit.chaudhary@okaxis/UPI,468793017641,"9,450.30",,156483.55
24/08/2025,IMPS-311957934877-Manoj Saxena,493308473417,"13,700.10",,142783.45
25/08/2025,UPI/DR/016692109501/Dunzo/ICICI/dunzo@razorpay/UPI,648974361455,170.31,,142613.14
25/08/2025,UPI/DR/620167142966/Uber/PAYTM/uber@paytm/UPI,336678981332,430.20,,142182.94
25/08/2025,POS MAX FASHION LUCKNOW,226464816915,"2,550.42",,139632.52
25/08/2025,UPI/DR/435907316570/Sushma/SBIN/sushma856@kotak/UPI,579951193027,"18,650.04",,120982.48
26/08/2025,GST ON CHARGES,592716060196,64.80,,120917.68
26/08/2025,UPI/DR/622096326770/Jio/PAYTM/jio@paytm/UPI,564665672043,639.00,,120278.68
26/08/2025,UPI/DR/238385178264/Myntra/PAYTM/myntra@ybl/UPI,460270295786,"4,550.18",,115728.50
26/08/2025,SMS CHARGES,720914032212,360.00,,115368.50
27/08/2025,UPI/DR/594714391839/Paytm/ICICI/paytm@paytm/UPI,178244045242,"2,120.12",,113248.38
27/08/2025,UPI/DR/788830557404/Apollo/ICICI/apollopharmacy@ybl/UPI,326716755771,299.00,,112949.38
27/08/2025,UPI/DR/598384975241/Swiggy/ICICI/swiggy@icici/UPI,919647707585,"2,640.43",,110308.95
28/08/2025,UPI/DR/131152746227/Paytm/ICICI/paytm@paytm/UPI,772837675129,360.32,,109948.63
28/08/2025,UPI/DR/545705264893/Uber/ICICI/uber@paytm/UPI,470006847426,640.85,,109307.78
30/08/2025,UPI/CR/827961755163/Tarun/UTIB/tarun.iyer@ptyes/UPI,077416281799,,"4,500.04",113807.82
30/08/2025,UPI/DR/833256463418/Sapna/BARB/5995479711@ybl/UPI,653809420961,"11,150.12",,102657.70
31/08/2025,ATM CASH WITHDRAWAL/36295/LUCKNOW,478812594470,"7,000.00",,95657.70
31/08/2025,UPI/DR/348761689903/Geeta/HDFC/geetarao91@okaxis/UPI,770597665132,"8,350.45",,87307.25
31/08/2025,UPI/DR/264537754056/Ola/ICICI/olamoney@ola/UPI,217845254319,700.06,,86607.19
01/09/2025,SALARY CREDIT/S4990016967427/ICICI Lombard GIC,897441775085,,"128,188.92",214796.11
01/09/2025,UPI/DR/328166439869/Dunzo/ICICI/dunzo@razorpay/UPI,226435046089,"1,070.20",,213725.91
02/09/2025,UPI/CR/179399906361/Krishna/UCBA/9406386808@pthdfc/UPI,070897641920,,"12,800.54",226526.45
02/09/2025,UPI/DR/429479103166/Ajay/HDFC/ajay174@kotak/UPI,358838333641,"20,900.04",,205626.41
02/09/2025,POS CENTRAL MALL LUCKNOW,293743165270,"8,150.22",,197476.19
03/09/2025,UPI/DR/501205931175/Jio/ICICI/jio@paytm/UPI,445700341877,"1,010.32",,196465.87
03/09/2025,UPI/CR/193687868998/Mina/BKID/5760143932@axl/UPI,449457855753,,"5,000.37",201466.24
03/09/2025,UPI/CR/363018298057/Siddharth/BDBL/siddharth456@paytm/UPI,816383855364,,"17,850.80",219317.04
04/09/2025,UPI/DR/620197365831/Jio/ICICI/jio@paytm/UPI,745096167216,"1,270.47",,218046.57
05/09/2025,NACH/MANDATE/RNT7047266/RENT MANDATE,527195185078,"8,000.00",,210046.57
05/09/2025,UPI/DR/833967864212/Jio/PAYTM/jio@paytm/UPI,636470408072,239.00,,209807.57
06/09/2025,UPI/DR/719959375789/Dunzo/ICICI/dunzo@razorpay/UPI,244196761565,"1,140.29",,208667.28
07/09/2025,UPI/DR/598844100334/Rapido/PAYTM/rapido@icici/UPI,713378510999,150.11,,208517.17
08/09/2025,UPI/CR/775858414408/Mukesh/BDBL/mukesh761@aubank/UPI,988888087500,,"20,450.10",228967.27
08/09/2025,NACH/MANDATE/LN880746470964/ICICI Bank Home Loan,994556995703,"20,000.00",,208967.27
09/09/2025,UPI/CR/662729825405/Naveen/BKID/naveenseth26@oksbi/UPI,089277588569,,"8,150.33",217117.60
11/09/2025,ATM CASH WITHDRAWAL/29363/LUCKNOW,920544777835,"2,500.00",,214617.60
11/09/2025,UPI/DR/094612356128/Meesho/PAYTM/meesho@ybl/UPI,775731369863,"4,100.09",,210517.51
11/09/2025,UPI/DR/839795920161/Bajaj/LICI/licindia@licindia/UPI,183412453321,"4,300.00",,206217.51
11/09/2025,UPI/DR/135445807002/BSNL/ICICI/bsnlbroadband@upi/UPI,773220801394,"1,220.20",,204997.31
11/09/2025,UPI/DR/114457254468/CESC/UPIN/cescpayment@upi/UPI,255878135264,"2,450.03",,202547.28
11/09/2025,UPI/CR/315277831029/Pallavi/KKBK/pallavichau43@ptaxis/UPI,766259902950,,"12,600.76",215148.04
12/09/2025,UPI/CR/889098247886/Saurabh/BARB/saurabhiyer53@pthdfc/UPI,840198110036,,"2,050.59",217198.63
12/09/2025,POS BRAND FACTORY LUCKNOW,792393649734,"3,250.75",,213947.88
12/09/2025,ATM CASH WITHDRAWAL/05880/LUCKNOW,969996686335,"3,500.00",,210447.88
14/09/2025,UPI/DR/698061353411/Naveen/PUNB/7098714275@pthdfc/UPI,500153126478,400.11,,210047.77
15/09/2025,UPI/DR/904460329601/Blinkit/ICICI/blinkit@kotak/UPI,279664016366,"2,380.52",,207667.25
15/09/2025,UPI/DR/534665754957/Flipkart/ICICI/flipkart@ybl/UPI,741027505743,"1,790.30",,205876.95
15/09/2025,POS MORE SUPER MARKET LUCKNOW,040149905074,"2,700.39",,203176.56
15/09/2025,UPI/DR/978937655440/Vikram/UCBA/vikramsing33@axl/UPI,453456440381,"3,050.99",,200125.57
16/09/2025,UPI/DR/156415960643/Hathway/RAZORPAY/broadband@paytm/UPI,079050268192,349.00,,199776.57
17/09/2025,UPI/DR/570588329222/PhonePe/ICICI/phonepe@ybl/UPI,836327024557,"2,500.00",,197276.57
19/09/2025,ATM CASH WITHDRAWAL/40884/LUCKNOW,864525525839,"3,000.00",,194276.57
19/09/2025,POS SHELL FUEL STATION LUCKNOW,154347277070,"4,050.87",,190225.70
19/09/2025,UPI/CR/919001640289/Mamta/FDRL/mamtanair37@paytm/UPI,498053556988,,"1,800.88",192026.58
21/09/2025,UPI/DR/303649605951/Ola/PAYTM/olamoney@ola/UPI,659561931094,90.78,,191935.80
21/09/2025,UPI/DR/068650614299/Ritu/FDRL/ritupand13@oksbi/UPI,213057025686,"15,000.68",,176935.12
21/09/2025,UPI/DR/097192089690/Ola/PAYTM/olamoney@ola/UPI,946965151219,540.65,,176394.47
22/09/2025,UPI/CR/562940957509/Ravi/PUNB/ravitiwa38@kotak/UPI,009301615472,,"2,850.06",179244.53
22/09/2025,UPI/DR/211779556755/Paytm/ICICI/paytm@paytm/UPI,403323517819,"2,620.08",,176624.45
23/09/2025,UPI/DR/931526702546/BSNL/ICICI/bsnlbroadband@upi/UPI,107927188350,"1,640.76",,174983.69
24/09/2025,UPI/DR/383086233638/Vandana/KKBK/vandananair48@okaxis/UPI,197314312150,"21,100.81",,153882.88
24/09/2025,UPI/DR/157988905039/Zomato/ICICI/zomato@axisbank/UPI,902186908419,"2,730.70",,151152.18
24/09/2025,UPI/DR/730895501234/Indane/ICICI/indanegas@upi/UPI,903880992558,"2,250.92",,148901.26
25/09/2025,UPI/DR/863361026200/Asha/BKID/asha.pandey@okicici/UPI,198788959476,"8,550.68",,140350.58
25/09/2025,UPI/DR/971315941542/Uber/PAYTM/uber@paytm/UPI,042783858771,240.74,,140109.84
26/09/2025,POS HP PETROL PUMP LUCKNOW,548065081357,"3,100.49",,137009.35
26/09/2025,INTEREST CREDIT,786116282314,,755.15,137764.50
26/09/2025,UPI/DR/947391445410/Uber/PAYTM/uber@paytm/UPI,396449700861,860.33,,136904.17
26/09/2025,UPI/DR/358466618948/BSNL/ICICI/bsnlbroadband@upi/UPI,217895562010,480.72,,136423.45
26/09/2025,UPI/CR/008253908933/Santosh/FDRL/8970722264@okhdfcbank/UPI,395031701780,,"5,500.59",141924.04
27/09/2025,UPI/DR/504306726365/Rapido/PAYTM/rapido@icici/UPI,574047548971,160.62,,141763.42
28/09/2025,SMS CHARGES,065258077925,400.00,,141363.42
28/09/2025,GST ON CHARGES,894323015786,72.00,,141291.42
28/09/2025,UPI/DR/922518181973/Swiggy/ICICI/swiggy@icici/UPI,530272972126,"2,550.66",,138740.76
28/09/2025,ATM CASH WITHDRAWAL/34702/LUCKNOW,454467871061,"6,000.00",,132740.76
28/09/2025,ATM CASH WITHDRAWAL/90639/LUCKNOW,207920802138,"1,000.00",,131740.76
29/09/2025,ATM CASH WITHDRAWAL/71114/LUCKNOW,433808420358,"3,500.00",,128240.76
29/09/2025,UPI/DR/751472675311/BigBasket/ICICI/bigbasket@ybl/UPI,979373747406,"2,380.03",,125860.73
29/09/2025,UPI/DR/604648324084/Jio/PAYTM/jio@paytm/UPI,978345479873,999.00,,124861.73
30/09/2025,UPI/DR/313549668859/BigBasket/ICICI/bigbasket@ybl/UPI,056269980349,"1,790.13",,123071.60
30/09/2025,UPI/DR/239645482497/Dunzo/ICICI/dunzo@razorpay/UPI,399492250039,"2,590.73",,120480.87
01/10/2025,SALARY CREDIT/S3184096972723/ICICI Lombard GIC,503146304683,,"126,172.92",246653.79
01/10/2025,UPI/DR/641809435297/BigBasket/ICICI/bigbasket@ybl/UPI,129691183098,890.32,,245763.47
01/10/2025,UPI/DR/732621547461/Zomato/ICICI/zomato@axisbank/UPI,951665181704,140.38,,245623.09
02/10/2025,UPI/DR/223761797500/Nykaa/PAYTM/nykaa@razorpay/UPI,892733618880,"3,300.38",,242322.71
02/10/2025,UPI/DR/303737851984/Amazon/ICICI/amazon@apl/UPI,473120191168,"1,540.20",,240782.51
02/10/2025,NACH/MANDATE/RNT5372100/RENT MANDATE,893738709527,"8,000.00",,232782.51
02/10/2025,UPI/CR/440437037391/Sushma/BDBL/sushmanair86@okhdfcbank/UPI,170820167979,,"4,400.96",237183.47
03/10/2025,UPI/CR/155402671892/Ajay/UTIB/1188030346@ptyes/UPI,181453867273,,"14,800.11",251983.58
03/10/2025,UPI/DR/627030475192/Jio/PAYTM/jio@paytm/UPI,758212210498,179.00,,251804.58
03/10/2025,POS D MART LUCKNOW,044185028350,"1,550.94",,250253.64
04/10/2025,ATM CASH WITHDRAWAL/15378/LUCKNOW,283681101919,"2,500.00",,247753.64
04/10/2025,NACH/MANDATE/LN880746470964/ICICI Bank Home Loan,994118073009,"20,000.00",,227753.64
05/10/2025,UPI/DR/343217281838/Jio/PAYTM/jio@paytm/UPI,945718587963,599.00,,227154.64
05/10/2025,UPI/DR/236497479566/Paytm/ICICI/paytm@paytm/UPI,242816517805,"2,760.73",,224393.91
05/10/2025,UPI/DR/669277865430/BSNL/ICICI/bsnlbroadband@upi/UPI,100660301131,"2,640.09",,221753.82
06/10/2025,UPI/CR/160709738417/Shweta/BKID/shweta.kapoor@ybl/UPI,361010766079,,"18,800.16",240553.98
06/10/2025,UPI/DR/049699894227/Swiggy/ICICI/swiggy@icici/UPI,224460832626,"1,310.51",,239243.47
07/10/2025,UPI/CR/564258040534/Pankaj/SBIN/pankaj608@apl/UPI,122534388745,,"21,600.22",260843.69
07/10/2025,UPI/DR/966061618107/Paytm/ICICI/paytm@paytm/UPI,718684793687,"1,660.34",,259183.35
09/10/2025,UPI/DR/272992539958/BSNL/ICICI/bsnlbroadband@upi/UPI,225156204268,"1,600.88",,257582.47
09/10/2025,POS STAR BAZAAR LUCKNOW,507458925292,"2,700.85",,254881.62
09/10/2025,UPI/DR/120320240714/Shivam/KKBK/1308886594@okicici/UPI,341382602674,"11,600.99",,243280.63
09/10/2025,POS V MART LUCKNOW,287848758751,"7,800.32",,235480.31
09/10/2025,UPI/DR/966201831777/Amit/PUNB/amit969@pthdfc/UPI,616310476179,"6,800.52",,228679.79
09/10/2025,UPI/DR/959621362143/Rapido/PAYTM/rapido@icici/UPI,882526140621,590.85,,228088.94
10/10/2025,UPI/DR/575721249964/Hathway/RAZORPAY/broadband@paytm/UPI,846657856040,"1,099.00",,226989.94
11/10/2025,UPI/DR/338661019348/Swiggy/ICICI/swiggy@icici/UPI,418390615858,"1,110.53",,225879.41
11/10/2025,UPI/CR/068360290476/Ankit/UTIB/ankit901@ptyes/UPI,995673060084,,"9,750.76",235630.17
11/10/2025,UPI/DR/326031733768/Jio/ICICI/jio@paytm/UPI,951343311857,840.55,,234789.62
12/10/2025,POS INDIAN OIL LUCKNOW,706107339620,850.61,,233939.01
12/10/2025,POS SHELL FUEL STATION LUCKNOW,018562597773,"4,350.39",,229588.62
13/10/2025,UPI/CR/307058141193/Gopal/FDRL/gopal.naik@okicici/UPI,464481738573,,750.73,230339.35
13/10/2025,UPI/DR/322115159937/Rapido/PAYTM/rapido@icici/UPI,062094519498,550.05,,229789.30
14/10/2025,ATM CASH WITHDRAWAL/62263/LUCKNOW,165078877095,"6,000.00",,223789.30
14/10/2025,UPI/DR/063722993603/Zomato/ICICI/zomato@axisbank/UPI,423005107172,"1,290.60",,222498.70
14/10/2025,ATM CASH WITHDRAWAL/90823/LUCKNOW,167131501398,"8,500.00",,213998.70
15/10/2025,UPI/DR/317046149590/Blinkit/ICICI/blinkit@kotak/UPI,081401550589,"1,160.25",,212838.45
15/10/2025,UPI/DR/727289651922/Varun/BKID/varunchau48@ptaxis/UPI,862928195655,"5,800.39",,207038.06
17/10/2025,ATM CASH WITHDRAWAL/89494/LUCKNOW,306530785722,"4,500.00",,202538.06
18/10/2025,UPI/CR/875716469610/Rakesh/HDFC/rakesh.rao@ptyes/UPI,679604308469,,"21,650.78",224188.84
18/10/2025,UPI/DR/719706342175/Sushma/SBIN/1378135521@axl/UPI,523624434245,"13,000.45",,211188.39
18/10/2025,UPI/CR/511651871527/Mina/UCBA/mina.rao@apl/UPI,590683879409,,"15,350.84",226539.23
19/10/2025,UPI/DR/432756284784/Jio/PAYTM/jio@paytm/UPI,015210309582,899.00,,225640.23
20/10/2025,UPI/DR/324933366645/CESC/UPIN/cescpayment@upi/UPI,344050030047,"3,700.27",,221939.96
20/10/2025,UPI/DR/356324638041/Ola/PAYTM/olamoney@ola/UPI,143774155976,570.32,,221369.64
21/10/2025,UPI/DR/671047421543/Ola/ICICI/olamoney@ola/UPI,277931236676,770.05,,220599.59
22/10/2025,UPI/DR/892077622415/Flipkart/ICICI/flipkart@ybl/UPI,547047373792,"1,800.95",,218798.64
22/10/2025,IMPS-589800436273-Divya Jain,556533390645,"34,400.48",,184398.16
23/10/2025,UPI/DR/006859552516/Santosh/PUNB/santosh.bose@okicici/UPI,397338105575,"2,400.63",,181997.53
23/10/2025,UPI/CR/851532114350/Isha/UTIB/7729735132@okicici/UPI,272282224083,,"17,500.13",199497.66
23/10/2025,UPI/CR/009259401006/Ritu/UCBA/8718391647@apl/UPI,298461472940,,"1,300.90",200798.56
24/10/2025,NEFT/N6402232918664/Bajaj Auto Ltd,004787586592,,"43,000.97",243799.53
24/10/2025,UPI/DR/377645720547/Uber/ICICI/uber@paytm/UPI,847987081506,"2,290.30",,241509.23
24/10/2025,UPI/DR/674599533493/Indane/ICICI/indanegas@upi/UPI,244802279023,"1,650.88",,239858.35
25/10/2025,UPI/DR/197851990024/Ola/PAYTM/olamoney@ola/UPI,017174863789,260.00,,239598.35
25/10/2025,UPI/DR/332116830703/Poonam/BARB/poonam301@okicici/UPI,236388699895,"18,550.53",,221047.82
27/10/2025,UPI/DR/493423920905/Paytm/ICICI/paytm@paytm/UPI,224579833427,"1,080.41",,219967.41
27/10/2025,UPI/DR/269371008491/Jio/PAYTM/jio@paytm/UPI,022869921569,419.00,,219548.41
27/10/2025,UPI/DR/224204988113/Ola/PAYTM/olamoney@ola/UPI,480020777397,550.63,,218997.78
29/10/2025,ATM CASH WITHDRAWAL/13817/LUCKNOW,807232756889,"4,500.00",,214497.78
29/10/2025,UPI/DR/845544043574/Rapido/PAYTM/rapido@icici/UPI,840847065931,550.75,,213947.03
30/10/2025,UPI/DR/998745265257/Sonia/UCBA/soniakulk40@ybl/UPI,655018411225,"19,700.13",,194246.90
30/10/2025,SMS CHARGES,484925692536,210.00,,194036.90
30/10/2025,GST ON CHARGES,377866357145,37.80,,193999.10
31/10/2025,UPI/DR/823211300150/Mina/KKBK/mina.sethi@okicici/UPI,552725197976,"9,350.92",,184648.18
01/11/2025,UPI/DR/296406763253/Paytm/ICICI/paytm@paytm/UPI,265678720090,"1,250.42",,183397.76
01/11/2025,UPI/DR/564007504242/Ola/PAYTM/olamoney@ola/UPI,130090612486,400.69,,182997.07
01/11/2025,SALARY CREDIT/S9945129462863/ICICI Lombard GIC,289583450477,,"123,959.92",306956.99
01/11/2025,POS MAX FASHION LUCKNOW,114003412969,"3,650.22",,303306.77
01/11/2025,POS INDIAN OIL LUCKNOW,439939482986,"2,200.27",,301106.50
04/11/2025,NACH/MANDATE/RNT5542692/RENT MANDATE,843552382882,"8,000.00",,293106.50
06/11/2025,UPI/DR/008523729018/Practo/ICICI/practo@paytm/UPI,540389461508,699.00,,292407.50
07/11/2025,UPI/DR/452526109994/Apollo/ICICI/apollopharmacy@ybl/UPI,644892644462,"2,020.13",,290387.37
07/11/2025,UPI/DR/255014500990/Zomato/ICICI/zomato@axisbank/UPI,096197314578,290.24,,290097.13
09/11/2025,UPI/CR/553811973816/Rekha/UTIB/rekhasing59@ybl/UPI,561113388546,,"17,350.23",307447.36
09/11/2025,POS SHOPPERS STOP LUCKNOW,596046249334,800.79,,306646.57
09/11/2025,NACH/MANDATE/LN880746470964/ICICI Bank Home Loan,360838924818,"20,000.00",,286646.57
10/11/2025,UPI/DR/346548676611/PhonePe/ICICI/phonepe@ybl/UPI,122188015903,"2,410.86",,284235.71
10/11/2025,UPI/DR/775343536730/Siddharth/BKID/siddharth489@kotak/UPI,020638610867,"7,500.41",,276735.30
11/11/2025,NEFT/N7133934672861/Arvind Ltd,922374649879,,"51,000.74",327736.04
12/11/2025,UPI/CR/338127068375/Swati/BKID/1176629518@axl/UPI,965090250579,,"19,600.60",347336.64
12/11/2025,UPI/CR/852163493780/Harish/BARB/harish664@oksbi/UPI,806094265878,,"16,300.05",363636.69
12/11/2025,UPI/DR/345715042297/Amazon/ICICI/amazon@apl/UPI,053303352714,"1,610.45",,362026.24
12/11/2025,POS HP PETROL PUMP LUCKNOW,702424227127,"3,850.00",,358176.24
13/11/2025,UPI/DR/904692734191/Amazon/ICICI/amazon@apl/UPI,751964524749,"1,350.51",,356825.73
13/11/2025,UPI/DR/977050330550/Swiggy/ICICI/swiggy@icici/UPI,245663746867,460.79,,356364.94
13/11/2025,IMPS-763834727028-Harish Sen,489230888295,"15,100.19",,341264.75
14/11/2025,POS V MART LUCKNOW,869224144775,"5,400.32",,335864.43
14/11/2025,UPI/DR/122386667469/BSNL/ICICI/bsnlbroadband@upi/UPI,650795533240,"2,590.52",,333273.91
14/11/2025,UPI/DR/309504619523/Harish/KKBK/harish145@apl/UPI,854229453445,"14,750.17",,318523.74
15/11/2025,UPI/DR/290784927337/Flipkart/PAYTM/flipkart@ybl/UPI,338846420290,"3,350.63",,315173.11
15/11/2025,ATM CASH WITHDRAWAL/38953/LUCKNOW,207458987426,"7,500.00",,307673.11
16/11/2025,ATM CASH WITHDRAWAL/64023/LUCKNOW,611439288168,"4,000.00",,303673.11
16/11/2025,UPI/DR/743902601020/Rapido/PAYTM/rapido@icici/UPI,593015646084,850.46,,302822.65
16/11/2025,POS HP PETROL PUMP LUCKNOW,413172338949,"3,450.21",,299372.44
17/11/2025,UPI/DR/955569644189/Amazon/ICICI/amazon@apl/UPI,696361456616,"1,860.12",,297512.32
17/11/2025,UPI/DR/436919599940/Indane/ICICI/indanegas@upi/UPI,569221660840,800.65,,296711.67
17/11/2025,UPI/DR/678406812406/Ashish/KKBK/ashish.pillai@okaxis/UPI,272729303401,"16,700.43",,280011.24
18/11/2025,UPI/DR/129104233494/Dunzo/ICICI/dunzo@razorpay/UPI,751783721718,220.40,,279790.84
18/11/2025,UPI/DR/089368381116/Tarun/BKID/tarun.reddy@oksbi/UPI,842744378954,"7,500.20",,272290.64
18/11/2025,UPI/DR/563296235629/Jio/PAYTM/jio@paytm/UPI,104902191910,199.00,,272091.64
18/11/2025,UPI/CR/175661998015/Archana/SBIN/archana858@axl/UPI,551260799390,,"7,350.63",279442.27
19/11/2025,UPI/DR/343011776768/Blinkit/ICICI/blinkit@kotak/UPI,355983573161,"2,220.62",,277221.65
19/11/2025,UPI/DR/690459575222/Vikas/SBIN/vikas445@aubank/UPI,466068566501,"10,000.42",,267221.23
19/11/2025,POS HP PETROL PUMP LUCKNOW,764729835900,"2,100.74",,265120.49
19/11/2025,UPI/DR/920577266435/Ola/PAYTM/olamoney@ola/UPI,957848635646,330.96,,264789.53
20/11/2025,UPI/DR/823847663614/CESC/UPIN/cescpayment@upi/UPI,793475546586,"4,150.05",,260639.48
20/11/2025,UPI/DR/001216928233/Jio/PAYTM/jio@paytm/UPI,219362114777,219.00,,260420.48
23/11/2025,UPI/DR/476155227178/Sangita/SBIN/sangita944@okhdfcbank/UPI,642031789003,"12,100.49",,248319.99
24/11/2025,UPI/DR/062610186665/PhonePe/ICICI/phonepe@ybl/UPI,083336210783,"2,690.87",,245629.12
24/11/2025,UPI/DR/544095893698/BSNL/ICICI/bsnlbroadband@upi/UPI,559852613714,970.67,,244658.45
24/11/2025,UPI/DR/140623696129/Jio/ICICI/jio@paytm/UPI,217109650808,580.11,,244078.34
24/11/2025,POS LIFESTYLE STORES LUCKNOW,883380439918,"6,100.68",,237977.66
25/11/2025,UPI/DR/752260780245/Amazon/PAYTM/amazon@apl/UPI,556176404477,"2,200.41",,235777.25
26/11/2025,UPI/DR/601525495378/Swiggy/ICICI/swiggy@icici/UPI,943892033964,"1,920.37",,233856.88
26/11/2025,UPI/DR/659860139853/Sneha/FDRL/sneha723@apl/UPI,538222471631,"2,250.58",,231606.30
26/11/2025,UPI/DR/830512845355/Nykaa/PAYTM/nykaa@razorpay/UPI,845843914020,750.71,,230855.59
27/11/2025,UPI/DR/002841803055/Zepto/ICICI/zepto@apl/UPI,839090554678,"1,730.77",,229124.82
27/11/2025,UPI/DR/304680798399/Deepa/PUNB/deepa641@apl/UPI,416496395862,"1,900.70",,227224.12
28/11/2025,UPI/DR/997083137267/Sanjay/BDBL/6812927828@apl/UPI,809364812438,"14,800.45",,212423.67
29/11/2025,UPI/DR/611258093622/Swati/BDBL/swatighos17@upi/UPI,044692676902,"19,650.99",,192772.68
29/11/2025,UPI/DR/586786104615/Ola/PAYTM/olamoney@ola/UPI,749723467088,470.88,,192301.80
30/11/2025,ATM CASH WITHDRAWAL/14309/LUCKNOW,398964943696,"6,500.00",,185801.80
01/12/2025,UPI/CR/427011780531/Asha/UCBA/asha.thapar@oksbi/UPI,139210626081,,"3,100.51",188902.31
02/12/2025,UPI/DR/441990527040/Dinesh/UTIB/7908163841@aubank/UPI,187233734828,"10,300.45",,178601.86
02/12/2025,UPI/DR/316899181655/Ola/PAYTM/olamoney@ola/UPI,001533930766,250.51,,178351.35
02/12/2025,SALARY CREDIT/S8855744577830/ICICI Lombard GIC,092751789976,,"127,321.92",305673.27
03/12/2025,UPI/DR/469232773748/Blinkit/ICICI/blinkit@kotak/UPI,064862277355,"2,270.36",,303402.91
03/12/2025,UPI/DR/578056981950/Jio/PAYTM/jio@paytm/UPI,145031389131,519.00,,302883.91
04/12/2025,UPI/DR/478114633864/BigBasket/ICICI/bigbasket@ybl/UPI,250572851237,550.40,,302333.51
04/12/2025,UPI/DR/309306455880/Jio/PAYTM/jio@paytm/UPI,801635108194,929.00,,301404.51
04/12/2025,NACH/MANDATE/RNT8646634/RENT MANDATE,309410918368,"8,000.00",,293404.51
04/12/2025,UPI/CR/709337587552/Abhishek/BARB/abhishekpand54@okaxis/UPI,299774289685,,"1,150.81",294555.32
04/12/2025,POS VISHAL MEGA MART LUCKNOW,128647777845,"7,250.83",,287304.49
05/12/2025,POS D MART LUCKNOW,373802565135,500.94,,286803.55
05/12/2025,POS HP PETROL PUMP LUCKNOW,235824938216,"2,850.98",,283952.57
06/12/2025,UPI/DR/197854400206/Flipkart/ICICI/flipkart@ybl/UPI,209011048201,"1,510.46",,282442.11
07/12/2025,NACH/MANDATE/LN880746470964/ICICI Bank Home Loan,730169912735,"20,000.00",,262442.11
07/12/2025,UPI/DR/968261538138/Uber/PAYTM/uber@paytm/UPI,652935649336,410.39,,262031.72
07/12/2025,POS RELIANCE PETROLEUM LUCKNOW,305903566154,"2,300.61",,259731.11
07/12/2025,UPI/DR/299635448552/Bajaj/LICI/licindia@licindia/UPI,564827970453,"4,300.00",,255431.11
08/12/2025,UPI/DR/745186455569/BigBasket/ICICI/bigbasket@ybl/UPI,941626710927,"1,570.75",,253860.36
08/12/2025,UPI/DR/223274606655/Jio/PAYTM/jio@paytm/UPI,034367831841,189.00,,253671.36
08/12/2025,UPI/DR/916358915482/Girish/SBIN/7223077056@upi/UPI,435409497208,"8,500.68",,245170.68
09/12/2025,UPI/DR/573121426943/Dunzo/ICICI/dunzo@razorpay/UPI,137856555269,570.92,,244599.76
09/12/2025,UPI/DR/653780929263/Amazon/ICICI/amazon@apl/UPI,924129905405,"1,930.70",,242669.06
09/12/2025,UPI/DR/867219296558/Flipkart/ICICI/flipkart@ybl/UPI,184869255414,430.27,,242238.79
09/12/2025,UPI/DR/763964607300/Jio/PAYTM/jio@paytm/UPI,541210557265,239.00,,241999.79
09/12/2025,POS STAR BAZAAR LUCKNOW,408258851827,"1,550.80",,240448.99
10/12/2025,POS PANTALOONS LUCKNOW,340481221142,"8,450.69",,231998.30
10/12/2025,UPI/DR/043497223553/Meesho/PAYTM/meesho@ybl/UPI,048393138382,300.20,,231698.10
10/12/2025,UPI/DR/150772360173/Uber/PAYTM/uber@paytm/UPI,860110670866,80.59,,231617.51
11/12/2025,UPI/DR/730176314367/BigBasket/ICICI/bigbasket@ybl/UPI,328077615604,"1,650.26",,229967.25
11/12/2025,UPI/DR/784898687865/CESC/UPIN/cescpayment@upi/UPI,823072748874,"3,100.02",,226867.23
13/12/2025,UPI/CR/268551580839/Neha/BKID/0919598460@okhdfcbank/UPI,623029790231,,"7,900.46",234767.69
14/12/2025,UPI/DR/279435598520/Hathway/RAZORPAY/broadband@paytm/UPI,005943605797,"1,299.00",,233468.69
14/12/2025,UPI/DR/831588128975/Jio/PAYTM/jio@paytm/UPI,169335686708,919.00,,232549.69
15/12/2025,UPI/DR/376037556866/Amazon/PAYTM/amazon@apl/UPI,536333597013,"5,600.16",,226949.53
15/12/2025,UPI/DR/877650521553/Naresh/KKBK/nareshkulk82@upi/UPI,657960252930,"8,650.12",,218299.41
16/12/2025,UPI/DR/942844587133/PhonePe/ICICI/phonepe@ybl/UPI,875288781019,"1,410.41",,216889.00
16/12/2025,UPI/DR/916542794432/Zomato/ICICI/zomato@axisbank/UPI,309458096264,"2,060.08",,214828.92
17/12/2025,UPI/DR/893494932095/Jio/ICICI/jio@paytm/UPI,976962714695,"1,470.33",,213358.59
18/12/2025,UPI/DR/321553403892/Kiran/BKID/5366380365@aubank/UPI,270134167812,"6,250.97",,207107.62
18/12/2025,UPI/DR/113704856179/Ola/ICICI/olamoney@ola/UPI,706083144360,"1,580.01",,205527.61
20/12/2025,POS MORE SUPER MARKET LUCKNOW,102193218513,"4,000.31",,201527.30
20/12/2025,UPI/DR/185822447056/Zepto/ICICI/zepto@apl/UPI,881507075302,"1,470.02",,200057.28
21/12/2025,ATM CASH WITHDRAWAL/16678/LUCKNOW,779919526192,"4,500.00",,195557.28
21/12/2025,POS VISHAL MEGA MART LUCKNOW,542278117562,"4,350.50",,191206.78
22/12/2025,UPI/DR/643073838996/BSNL/ICICI/bsnlbroadband@upi/UPI,634103028758,"1,700.72",,189506.06
22/12/2025,UPI/CR/553081175537/Siddharth/BKID/siddharth362@upi/UPI,739272681898,,"2,300.75",191806.81
22/12/2025,IMPS-258081295582-Rohit Nair,538861974085,"31,700.17",,160106.64
23/12/2025,UPI/DR/865568124513/Indane/ICICI/indanegas@upi/UPI,744659368116,950.52,,159156.12
24/12/2025,UPI/DR/568645422918/Zomato/ICICI/zomato@axisbank/UPI,729419527606,"2,190.33",,156965.79
24/12/2025,UPI/DR/539723268536/Divya/HDFC/divya.singh@apl/UPI,740160795850,"14,200.57",,142765.22
26/12/2025,GST ON CHARGES,745512500453,100.80,,142664.42
26/12/2025,SMS CHARGES,116147254123,560.00,,142104.42
26/12/2025,UPI/DR/868916178199/Flipkart/PAYTM/flipkart@ybl/UPI,090023731237,950.91,,141153.51
27/12/2025,UPI/DR/376984449147/Zomato/ICICI/zomato@axisbank/UPI,848917882968,"1,260.76",,139892.75
27/12/2025,UPI/DR/344602545318/Krishna/BKID/krishna401@okaxis/UPI,243786930895,"13,350.07",,126542.68
28/12/2025,UPI/DR/331323314594/Manish/UTIB/manishjain66@axl/UPI,831348623747,"17,050.55",,109492.13
28/12/2025,INTEREST CREDIT,608730262446,,615.55,110107.68
29/12/2025,UPI/DR/736230241060/Rajan/FDRL/rajan804@ibl/UPI,544535426338,"18,850.75",,91256.93
29/12/2025,POS SHOPPERS STOP LUCKNOW,074916612720,500.99,,90755.94
29/12/2025,UPI/DR/474275037887/Dunzo/ICICI/dunzo@razorpay/UPI,778321121222,"1,060.45",,89695.49
29/12/2025,POS VISHAL MEGA MART LUCKNOW,074888771279,450.75,,89244.74
30/12/2025,UPI/DR/535004758677/Dunzo/ICICI/dunzo@razorpay/UPI,690464553781,"1,950.36",,87294.38
31/12/2025,POS SHELL FUEL STATION LUCKNOW,321204309007,"1,700.35",,85594.03
31/12/2025,ATM CASH WITHDRAWAL/35291/LUCKNOW,956539471451,"2,500.00",,83094.03
01/01/2026,SALARY CREDIT/S2680023678694/ICICI Lombard GIC,811748299332,,"127,731.92",210825.95
02/01/2026,UPI/DR/283472781520/Maya/BARB/mayamish72@okicici/UPI,770899232175,"21,000.86",,189825.09
03/01/2026,UPI/DR/306001489524/Jio/PAYTM/jio@paytm/UPI,991147328100,769.00,,189056.09
03/01/2026,NACH/MANDATE/RNT7677634/RENT MANDATE,833167393907,"8,000.00",,181056.09
03/01/2026,UPI/DR/332855174210/Blinkit/ICICI/blinkit@kotak/UPI,037101596417,820.14,,180235.95
04/01/2026,UPI/DR/002796727312/Myntra/ICICI/myntra@ybl/UPI,332576703847,799.00,,179436.95
05/01/2026,NACH/MANDATE/LN880746470964/ICICI Bank Home Loan,918434758797,"20,000.00",,159436.95
05/01/2026,POS D MART LUCKNOW,052962541457,"3,150.23",,156286.72
06/01/2026,UPI/CR/672619805291/Priya/BDBL/priyameno50@okhdfcbank/UPI,828293027365,,"20,950.31",177237.03
06/01/2026,UPI/DR/220052212275/Zomato/ICICI/zomato@axisbank/UPI,787351349600,"2,180.60",,175056.43
06/01/2026,UPI/DR/219562165613/Uber/ICICI/uber@paytm/UPI,509283382151,430.64,,174625.79
06/01/2026,UPI/DR/130231300182/Sumit/PUNB/5325916734@okhdfcbank/UPI,274756991580,"16,300.87",,158324.92
07/01/2026,UPI/DR/610741678549/Dunzo/ICICI/dunzo@razorpay/UPI,652228738129,"1,660.54",,156664.38
07/01/2026,UPI/DR/575543420015/Ola/PAYTM/olamoney@ola/UPI,130474713200,850.50,,155813.88
08/01/2026,UPI/DR/706664087182/Jio/PAYTM/jio@paytm/UPI,576547627187,189.00,,155624.88
08/01/2026,UPI/DR/048890564984/Jio/PAYTM/jio@paytm/UPI,575207526757,869.00,,154755.88
09/01/2026,POS V MART LUCKNOW,208150554022,"4,200.00",,150555.88
09/01/2026,UPI/DR/845334641180/Jio/PAYTM/jio@paytm/UPI,094895636756,599.00,,149956.88
10/01/2026,UPI/DR/554031656083/Rapido/PAYTM/rapido@icici/UPI,297349642200,270.28,,149686.60
11/01/2026,UPI/DR/422451708910/BSNL/ICICI/bsnlbroadband@upi/UPI,518402615318,280.39,,149406.21
12/01/2026,IMPS-940512751595-Vandana Nair,133959088771,"9,600.64",,139805.57
13/01/2026,UPI/CR/241421900198/Rekha/KKBK/rekhashah24@upi/UPI,163430685006,,"19,650.00",159455.57
13/01/2026,UPI/DR/627627375300/Poonam/SBIN/7866533084@ybl/UPI,767173457516,"4,300.81",,155154.76
14/01/2026,UPI/DR/537062977792/Jio/PAYTM/jio@paytm/UPI,142481002250,969.00,,154185.76
15/01/2026,ATM CASH WITHDRAWAL/49888/LUCKNOW,985760108312,"8,000.00",,146185.76
16/01/2026,POS MORE SUPER MARKET LUCKNOW,027126448676,"5,700.39",,140485.37
16/01/2026,POS RELIANCE PETROLEUM LUCKNOW,928264392648,"2,400.22",,138085.15
16/01/2026,UPI/DR/934688004466/CESC/UPIN/cescpayment@upi/UPI,099445167143,"3,250.28",,134834.87
17/01/2026,UPI/DR/928909725873/Ola/PAYTM/olamoney@ola/UPI,123315796428,500.11,,134334.76
17/01/2026,UPI/DR/998193030757/Blinkit/ICICI/blinkit@kotak/UPI,993152239752,"1,420.56",,132914.20
17/01/2026,UPI/DR/542931680326/Zepto/ICICI/zepto@apl/UPI,254805487444,300.67,,132613.53
18/01/2026,UPI/DR/428828289024/Rapido/PAYTM/rapido@icici/UPI,076369836224,270.79,,132342.74
19/01/2026,UPI/DR/565013017266/Rapido/PAYTM/rapido@icici/UPI,706228067874,360.06,,131982.68
19/01/2026,UPI/DR/546416002425/Blinkit/ICICI/blinkit@kotak/UPI,979467400017,600.16,,131382.52
19/01/2026,UPI/DR/925418779126/Myntra/PAYTM/myntra@ybl/UPI,193261636954,"3,500.90",,127881.62
20/01/2026,UPI/DR/068617805881/Kamal/PUNB/kamalchop28@aubank/UPI,307106113163,"13,500.90",,114380.72
20/01/2026,UPI/DR/091043124817/Rahul/SBIN/rahulgupt59@ptsbi/UPI,056205589042,"5,500.31",,108880.41
21/01/2026,POS INDIAN OIL LUCKNOW,524703051484,"1,900.16",,106980.25
23/01/2026,UPI/DR/310318517305/Zepto/ICICI/zepto@apl/UPI,823201421420,600.78,,106379.47
23/01/2026,UPI/DR/144067479627/Paytm/ICICI/paytm@paytm/UPI,394903856188,"2,710.94",,103668.53
24/01/2026,UPI/DR/829881301363/Indane/ICICI/indanegas@upi/UPI,660140150360,"1,800.71",,101867.82
25/01/2026,NEFT/N9619000556822/Fortis Healthcare Lt,490302231291,,"33,000.47",134868.29
25/01/2026,UPI/DR/277293048767/Uber/ICICI/uber@paytm/UPI,663073795463,780.74,,134087.55
26/01/2026,UPI/DR/996500680421/Nykaa/PAYTM/nykaa@razorpay/UPI,273855390433,"4,600.28",,129487.27
27/01/2026,UPI/CR/146155396926/Vivek/PUNB/vivek297@ptaxis/UPI,627836319160,,"13,500.47",142987.74
27/01/2026,UPI/DR/145603233561/Practo/ICICI/practo@paytm/UPI,476519454156,549.00,,142438.74
27/01/2026,IMPS-561383146874-Jyoti Gupta,550755017144,"9,500.03",,132938.71
28/01/2026,UPI/DR/827290965783/Blinkit/ICICI/blinkit@kotak/UPI,959388979046,"1,650.42",,131288.29
28/01/2026,UPI/CR/955567262350/Ritu/BDBL/ritu.tiwari@pthdfc/UPI,304595897732,,"10,700.46",141988.75
29/01/2026,UPI/CR/539193925703/Deepak/KKBK/deepak.pillai@apl/UPI,691454624787,,"15,700.34",157689.09
29/01/2026,UPI/DR/648293640114/Swati/FDRL/swatibane80@axl/UPI,472796984559,"2,350.19",,155338.90
30/01/2026,UPI/CR/759641343673/Usha/KKBK/usha.reddy@ptsbi/UPI,055836803423,,"18,550.13",173889.03
30/01/2026,POS METRO CASH CARRY LUCKNOW,496468326527,"7,800.28",,166088.75
31/01/2026,ATM CASH WITHDRAWAL/90602/LUCKNOW,868202966730,"4,000.00",,162088.75
31/01/2026,UPI/CR/648404449185/Sangita/SBIN/sangita.das@aubank/UPI,441004558155,,"6,150.43",168239.18
01/02/2026,ATM CASH WITHDRAWAL/00793/LUCKNOW,713648196740,"9,000.00",,159239.18
01/02/2026,UPI/DR/872053644835/Ola/PAYTM/olamoney@ola/UPI,020860790016,650.21,,158588.97
02/02/2026,SALARY CREDIT/S2903526961774/ICICI Lombard GIC,414345916884,,"125,723.92",284312.89
02/02/2026,UPI/CR/038203651244/Divya/UTIB/divyakhan78@axl/UPI,883693086364,,"13,550.19",297863.08
02/02/2026,UPI/DR/237239444611/Kavita/SBIN/kavita282@oksbi/UPI,521176630587,"3,950.88",,293912.20
03/02/2026,ATM CASH WITHDRAWAL/56289/LUCKNOW,242023806729,"10,000.00",,283912.20
04/02/2026,UPI/DR/588415527983/Zomato/ICICI/zomato@axisbank/UPI,214316907059,230.35,,283681.85
04/02/2026,ATM CASH WITHDRAWAL/21209/LUCKNOW,183107526228,"4,500.00",,279181.85
05/02/2026,NACH/MANDATE/LN880746470964/ICICI Bank Home Loan,188407204325,"20,000.00",,259181.85
06/02/2026,POS HP PETROL PUMP LUCKNOW,421509892391,"1,350.68",,257831.17
06/02/2026,POS BHARAT PETROLEUM LUCKNOW,858139333871,"2,900.27",,254930.90
07/02/2026,NACH/MANDATE/RNT3484855/RENT MANDATE,037652198801,"8,000.00",,246930.90
07/02/2026,UPI/DR/804726864410/Paytm/ICICI/paytm@paytm/UPI,013601276558,"2,700.88",,244230.02
08/02/2026,POS RELIANCE MART LUCKNOW,561382737082,"3,700.68",,240529.34
08/02/2026,UPI/DR/026144416441/Dunzo/ICICI/dunzo@razorpay/UPI,068577568200,840.09,,239689.25
09/02/2026,UPI/DR/301021287449/CESC/UPIN/cescpayment@upi/UPI,995566642522,"2,450.69",,237238.56
09/02/2026,ATM CASH WITHDRAWAL/50541/LUCKNOW,785083586947,"1,000.00",,236238.56
11/02/2026,UPI/DR/514332470940/BSNL/ICICI/bsnlbroadband@upi/UPI,818970532457,130.46,,236108.10
11/02/2026,UPI/DR/359342257184/Kapil/UCBA/4445222763@okicici/UPI,913535483237,"3,100.91",,233007.19
12/02/2026,POS V MART LUCKNOW,965915854207,"8,450.54",,224556.65
12/02/2026,POS METRO CASH CARRY LUCKNOW,993311895261,"6,000.59",,218556.06
12/02/2026,UPI/DR/339063941696/Vikram/UCBA/6572138197@pthdfc/UPI,415974488641,"21,050.69",,197505.37
13/02/2026,UPI/DR/875746147801/Rapido/PAYTM/rapido@icici/UPI,692916714302,770.94,,196734.43
13/02/2026,UPI/DR/011366175917/BigBasket/ICICI/bigbasket@ybl/UPI,577258527229,"2,380.45",,194353.98
13/02/2026,UPI/DR/662018761651/Uber/ICICI/uber@paytm/UPI,100244367923,"2,450.92",,191903.06
13/02/2026,POS SHOPPERS STOP LUCKNOW,611447684274,"6,900.37",,185002.69
14/02/2026,UPI/DR/843078935782/Indane/ICICI/indanegas@upi/UPI,031028980579,"1,150.39",,183852.30
14/02/2026,ATM CASH WITHDRAWAL/38008/LUCKNOW,365947993046,"4,000.00",,179852.30
15/02/2026,UPI/DR/753126686137/Jio/PAYTM/jio@paytm/UPI,682687482828,409.00,,179443.30
15/02/2026,UPI/DR/490265759159/Meesho/PAYTM/meesho@ybl/UPI,179877110487,950.73,,178492.57
16/02/2026,UPI/DR/944982552762/Uber/PAYTM/uber@paytm/UPI,312819385947,400.73,,178091.84
16/02/2026,NEFT/N5063666944761/L&T Infotech Ltd,571283140377,,"18,000.51",196092.35
17/02/2026,UPI/CR/729654637202/Radha/HDFC/radha645@okicici/UPI,927135286489,,"14,750.22",210842.57
17/02/2026,UPI/DR/771629996400/BigBasket/ICICI/bigbasket@ybl/UPI,511516517229,570.13,,210272.44
18/02/2026,UPI/DR/931768738839/Arjun/UCBA/arjunsing60@paytm/UPI,420545878260,"12,050.67",,198221.77
18/02/2026,UPI/DR/643139376801/PhonePe/ICICI/phonepe@ybl/UPI,586749741024,"1,610.64",,196611.13
18/02/2026,POS LIFESTYLE STORES LUCKNOW,557055870638,"6,250.09",,190361.04
18/02/2026,UPI/DR/370194032595/Zepto/ICICI/zepto@apl/UPI,337323688049,370.77,,189990.27
19/02/2026,POS BHARAT PETROLEUM LUCKNOW,041711267459,"1,450.65",,188539.62
22/02/2026,UPI/DR/583300115479/Nykaa/PAYTM/nykaa@razorpay/UPI,906994582883,"5,600.87",,182938.75
23/02/2026,UPI/DR/474872022225/Zepto/ICICI/zepto@apl/UPI,549583444594,"1,490.71",,181448.04
23/02/2026,POS METRO CASH CARRY LUCKNOW,412680583572,"3,000.78",,178447.26
24/02/2026,UPI/DR/842742006642/Jio/ICICI/jio@paytm/UPI,627831203927,860.47,,177586.79
25/02/2026,UPI/DR/867419821424/Pooja/KKBK/poojameno53@ybl/UPI,146058920491,"20,450.91",,157135.88
25/02/2026,UPI/DR/649253881011/Manoj/HDFC/manoj.patil@paytm/UPI,029053576708,400.65,,156735.23
26/02/2026,POS V MART LUCKNOW,498421987176,"5,950.77",,150784.46
27/02/2026,UPI/DR/210673112612/Zepto/ICICI/zepto@apl/UPI,988556004109,"1,360.96",,149423.50
27/02/2026,UPI/DR/263664523389/Jio/PAYTM/jio@paytm/UPI,348503556637,219.00,,149204.50
28/02/2026,UPI/DR/906237176910/Vishal/BDBL/7672137561@kotak/UPI,592250941585,"6,250.76",,142953.74
28/02/2026,UPI/DR/616271974040/PhonePe/ICICI/phonepe@ybl/UPI,751083770840,790.20,,142163.54
28/02/2026,UPI/DR/551172994514/Uber/ICICI/uber@paytm/UPI,645185233619,"2,360.15",,139803.39
01/03/2026,SALARY CREDIT/S8921305651690/ICICI Lombard GIC,923980572716,,"124,315.92",264119.31
01/03/2026,UPI/DR/081286801593/Jio/ICICI/jio@paytm/UPI,144853558765,540.51,,263578.80
01/03/2026,UPI/DR/155400412004/Jio/PAYTM/jio@paytm/UPI,276045338382,789.00,,262789.80
01/03/2026,UPI/DR/979391103894/PhonePe/ICICI/phonepe@ybl/UPI,463757734705,720.12,,262069.68
01/03/2026,UPI/DR/949093811298/Dunzo/ICICI/dunzo@razorpay/UPI,569463731584,"1,320.34",,260749.34
01/03/2026,UPI/DR/937052666378/Paytm/ICICI/paytm@paytm/UPI,595652203858,"1,390.04",,259359.30
02/03/2026,UPI/CR/019114036459/Nikhil/FDRL/nikhilpati20@ibl/UPI,891357193507,,"2,750.18",262109.48
02/03/2026,UPI/DR/279970324443/Jio/ICICI/jio@paytm/UPI,046274331980,"1,860.54",,260248.94
02/03/2026,UPI/DR/951900039048/Swiggy/ICICI/swiggy@icici/UPI,512541845400,150.44,,260098.50
02/03/2026,ATM CASH WITHDRAWAL/72764/LUCKNOW,614121714140,"9,500.00",,250598.50
02/03/2026,UPI/DR/170341135509/Mahesh/BDBL/mahesh.agarwal@upi/UPI,501672909917,"7,350.93",,243247.57
03/03/2026,UPI/DR/758963062280/BSNL/ICICI/bsnlbroadband@upi/UPI,654059205392,"2,710.51",,240537.06
04/03/2026,NACH/MANDATE/RNT9946715/RENT MANDATE,118946173540,"8,000.00",,232537.06
04/03/2026,UPI/DR/814069368106/Ola/PAYTM/olamoney@ola/UPI,289695667184,800.80,,231736.26
04/03/2026,UPI/DR/077160254821/Amazon/ICICI/amazon@apl/UPI,187816457034,370.38,,231365.88
04/03/2026,UPI/DR/796015084522/Asha/HDFC/asha164@ptyes/UPI,348546541645,"8,900.27",,222465.61
04/03/2026,UPI/CR/557316112195/Mahesh/BDBL/mahesh.thapar@ibl/UPI,046414492214,,"3,300.68",225766.29
04/03/2026,UPI/DR/969797905791/Jio/PAYTM/jio@paytm/UPI,643435766560,599.00,,225167.29
04/03/2026,ATM CASH WITHDRAWAL/71067/LUCKNOW,572309669475,"7,500.00",,217667.29
06/03/2026,POS METRO CASH CARRY LUCKNOW,690963439635,"2,050.97",,215616.32
06/03/2026,UPI/DR/121506588787/Ola/PAYTM/olamoney@ola/UPI,879730465339,850.39,,214765.93
07/03/2026,IMPS-312848001504-Vikram Roy,169639723232,"40,500.09",,174265.84
07/03/2026,UPI/DR/007579566092/Radha/SBIN/4428719444@okaxis/UPI,890168182369,"18,800.38",,155465.46
07/03/2026,UPI/DR/998643080040/Kamal/UTIB/7162770386@axl/UPI,800692817281,"18,200.90",,137264.56
08/03/2026,UPI/DR/796047550176/Saurabh/PUNB/saurabhdube11@ybl/UPI,305857564850,"3,150.83",,134113.73
08/03/2026,NEFT/N7426777492847/HDFC Life Insurance,409995033755,,"27,500.22",161613.95
08/03/2026,POS RELIANCE MART LUCKNOW,965873332838,"6,800.09",,154813.86
08/03/2026,NACH/MANDATE/LN880746470964/ICICI Bank Home Loan,758111438827,"20,000.00",,134813.86
08/03/2026,UPI/DR/015970529347/Myntra/PAYTM/myntra@ybl/UPI,211014865591,"1,000.04",,133813.82
09/03/2026,UPI/DR/953537645985/PhonePe/ICICI/phonepe@ybl/UPI,719486356287,"1,990.11",,131823.71
09/03/2026,ATM CASH WITHDRAWAL/04305/LUCKNOW,074598801342,"3,000.00",,128823.71
10/03/2026,POS SHOPPERS STOP LUCKNOW,821278868256,"2,150.84",,126672.87
10/03/2026,UPI/DR/647123329247/Pankaj/BKID/pankajdas31@ptaxis/UPI,622767103331,"3,500.42",,123172.45
10/03/2026,UPI/DR/936687508255/Zepto/ICICI/zepto@apl/UPI,716988865736,"1,590.49",,121581.96
10/03/2026,UPI/DR/925770840779/Uber/PAYTM/uber@paytm/UPI,200873826111,710.90,,120871.06
10/03/2026,UPI/DR/817654879436/BigBasket/ICICI/bigbasket@ybl/UPI,080009489177,540.37,,120330.69
10/03/2026,UPI/DR/524897904342/Maya/HDFC/mayachau74@paytm/UPI,847907419696,"5,500.44",,114830.25
10/03/2026,UPI/DR/984380106707/Dunzo/ICICI/dunzo@razorpay/UPI,280286714308,"1,720.59",,113109.66
11/03/2026,UPI/DR/618375841900/Bajaj/LICI/licindia@licindia/UPI,268719617179,"4,300.00",,108809.66
11/03/2026,UPI/DR/654743348078/Myntra/PAYTM/myntra@ybl/UPI,701918185091,"5,550.73",,103258.93
11/03/2026,UPI/CR/447409446099/Lata/PUNB/lata817@pthdfc/UPI,542804950161,,"10,000.73",113259.66
11/03/2026,POS STAR BAZAAR LUCKNOW,040151437606,"2,100.31",,111159.35
12/03/2026,UPI/DR/852351230702/Hathway/RAZORPAY/broadband@paytm/UPI,274053275457,999.00,,110160.35
12/03/2026,UPI/DR/308182122560/BSNL/ICICI/bsnlbroadband@upi/UPI,414268148678,700.58,,109459.77
12/03/2026,POS HP PETROL PUMP LUCKNOW,622044180461,"2,550.77",,106909.00
13/03/2026,UPI/DR/852288359698/Blinkit/ICICI/blinkit@kotak/UPI,512440887425,"1,430.88",,105478.12
13/03/2026,ATM CASH WITHDRAWAL/50395/LUCKNOW,896206347756,"1,000.00",,104478.12
14/03/2026,UPI/DR/619275610953/Hotstar/ICICI/hotstar@hdfcbank/UPI,513263453303,199.00,,104279.12
15/03/2026,UPI/DR/074649754143/Jio/PAYTM/jio@paytm/UPI,226053169294,439.00,,103840.12
15/03/2026,UPI/CR/800487832132/Jyoti/UCBA/jyotichat61@ptyes/UPI,032161438481,,"13,600.37",117440.49
15/03/2026,UPI/CR/602172674861/Sachin/FDRL/sachin.pillai@okhdfcbank/UPI,164178586057,,"18,600.20",136040.69
15/03/2026,UPI/DR/667723006519/Himanshu/UCBA/himanshu250@upi/UPI,013584602311,"19,200.30",,116840.39
16/03/2026,UPI/DR/101612375439/Flipkart/PAYTM/flipkart@ybl/UPI,976268696620,900.62,,115939.77
17/03/2026,UPI/DR/453320763435/Zepto/ICICI/zepto@apl/UPI,178308842170,"2,710.85",,113228.92
17/03/2026,UPI/DR/840758544372/CESC/UPIN/cescpayment@upi/UPI,627683409302,"3,700.84",,109528.08
18/03/2026,UPI/CR/975504962995/Ritu/UTIB/9712823335@ybl/UPI,565506164259,,"19,150.05",128678.13
18/03/2026,POS RELIANCE PETROLEUM LUCKNOW,460449329886,"2,600.48",,126077.65
19/03/2026,UPI/CR/066002609086/Pankaj/BKID/pankaj663@okaxis/UPI,169458969620,,"10,300.12",136377.77
20/03/2026,POS INDIAN OIL LUCKNOW,774876236846,"3,950.51",,132427.26
20/03/2026,UPI/DR/985722221881/Abhishek/BARB/abhishek.verma@ptyes/UPI,762295994529,"1,450.47",,130976.79
20/03/2026,UPI/DR/193716658155/Shivam/UCBA/shivammeno56@okhdfcbank/UPI,569259619366,"3,550.24",,127426.55
20/03/2026,UPI/DR/687642237338/Gopal/HDFC/gopal391@okhdfcbank/UPI,710763015965,"21,500.95",,105925.60
21/03/2026,POS MORE SUPER MARKET LUCKNOW,798589485623,"5,100.21",,100825.39
22/03/2026,UPI/DR/311278107269/Zomato/ICICI/zomato@axisbank/UPI,164721030501,"2,600.95",,98224.44
22/03/2026,UPI/DR/006593534746/PhonePe/ICICI/phonepe@ybl/UPI,019170412582,"1,660.86",,96563.58
22/03/2026,UPI/DR/893561483393/Abhishek/UCBA/abhishek.chatterjee@pthdfc/UPI,777513534560,"16,000.82",,80562.76
23/03/2026,UPI/DR/794040740847/Rajesh/BDBL/rajeshbane31@pthdfc/UPI,344597460513,"5,700.34",,74862.42
24/03/2026,UPI/DR/759252046715/Jio/PAYTM/jio@paytm/UPI,753651097975,579.00,,74283.42
24/03/2026,UPI/DR/741815533454/Nikhil/SBIN/0013267974@ybl/UPI,585150756400,"19,000.63",,55282.79
25/03/2026,UPI/DR/111187100860/Indane/ICICI/indanegas@upi/UPI,951736447876,"2,000.45",,53282.34
25/03/2026,INTEREST CREDIT,828645877593,,"1,195.09",54477.43
27/03/2026,ATM CASH WITHDRAWAL/65592/LUCKNOW,399569951976,"2,000.00",,52477.43
27/03/2026,UPI/DR/786160160596/Uber/ICICI/uber@paytm/UPI,786760682502,"1,760.81",,50716.62
28/03/2026,GST ON CHARGES,054311322292,23.40,,50693.22
28/03/2026,SMS CHARGES,788073589005,130.00,,50563.22
28/03/2026,UPI/DR/554933763316/Paytm/ICICI/paytm@paytm/UPI,902366420232,"1,680.10",,48883.12
29/03/2026,POS SHOPPERS STOP LUCKNOW,714306781273,"5,900.98",,42982.14
30/03/2026,UPI/DR/435015903661/PhonePe/ICICI/phonepe@ybl/UPI,752010929703,890.11,,42092.03
30/03/2026,POS RELIANCE PETROLEUM LUCKNOW,630725117924,"1,300.06",,40791.97
30/03/2026,UPI/CR/467079216638/Kiran/UCBA/kiran496@oksbi/UPI,859943816601,,"14,200.53",54992.50
31/03/2026,UPI/DR/711084771935/Santosh/HDFC/santoshpill99@upi/UPI,095965949409,"21,800.86",,33191.64
31/03/2026,UPI/DR/307965654720/Amazon/ICICI/amazon@apl/UPI,334324675788,"1,240.97",,31950.67
02/04/2026,POS RELIANCE PETROLEUM LUCKNOW,615571108221,"4,450.49",,27500.18
02/04/2026,SALARY CREDIT/S6695128150968/ICICI Lombard GIC,940165632214,,"127,079.92",154580.10
03/04/2026,UPI/CR/334890327603/Neha/HDFC/4462369391@upi/UPI,737237291509,,"4,850.66",159430.76
04/04/2026,NACH/MANDATE/LN880746470964/ICICI Bank Home Loan,597320310300,"20,000.00",,139430.76
04/04/2026,UPI/DR/597206322560/Nykaa/ICICI/nykaa@razorpay/UPI,870178164688,299.00,,139131.76
04/04/2026,POS SHELL FUEL STATION LUCKNOW,926244638959,"2,200.18",,136931.58
04/04/2026,UPI/DR/576081818394/Ola/PAYTM/olamoney@ola/UPI,319057667952,110.31,,136821.27
04/04/2026,UPI/DR/932952391211/Rekha/SBIN/rekha923@pthdfc/UPI,074209636583,"21,250.19",,115571.08
04/04/2026,NACH/MANDATE/RNT8259948/RENT MANDATE,958954801481,"8,000.00",,107571.08
05/04/2026,UPI/CR/701284081059/Krishna/FDRL/5895561436@kotak/UPI,159590385389,,"14,750.54",122321.62
06/04/2026,UPI/DR/870814967986/Jio/PAYTM/jio@paytm/UPI,087189807907,409.00,,121912.62
06/04/2026,UPI/CR/877766320221/Santosh/FDRL/santosh.banerjee@okaxis/UPI,183320417765,,"4,700.76",126613.38
08/04/2026,UPI/DR/385872661659/Flipkart/ICICI/flipkart@ybl/UPI,462633264702,"2,790.74",,123822.64
09/04/2026,ATM CASH WITHDRAWAL/64477/LUCKNOW,342654223154,"6,500.00",,117322.64
09/04/2026,UPI/DR/748054935980/Zomato/ICICI/zomato@axisbank/UPI,724748736895,"1,060.63",,116262.01
10/04/2026,UPI/DR/603113468335/Uber/PAYTM/uber@paytm/UPI,406945239952,790.34,,115471.67
10/04/2026,UPI/DR/303590021617/Shweta/BKID/2256044143@okhdfcbank/UPI,011240970577,"19,600.83",,95870.84
10/04/2026,POS VISHAL MEGA MART LUCKNOW,961194419004,"4,000.89",,91869.95
11/04/2026,UPI/CR/524559865654/Geeta/HDFC/geeta666@pthdfc/UPI,093494106337,,"21,150.35",113020.30
11/04/2026,UPI/DR/364953679167/Ola/ICICI/olamoney@ola/UPI,206934281739,730.02,,112290.28
11/04/2026,UPI/DR/655982974588/Dunzo/ICICI/dunzo@razorpay/UPI,956068079507,540.90,,111749.38
13/04/2026,UPI/DR/087311995867/Nykaa/ICICI/nykaa@razorpay/UPI,406840734260,999.00,,110750.38
13/04/2026,UPI/CR/453766394200/Pallavi/UTIB/pallavinaik93@ibl/UPI,925853478192,,"4,050.27",114800.65
13/04/2026,POS METRO CASH CARRY LUCKNOW,331852067504,"2,100.17",,112700.48
14/04/2026,UPI/DR/306182281896/Lata/KKBK/latagupt97@ptyes/UPI,617922581079,"10,500.84",,102199.64
14/04/2026,POS BHARAT PETROLEUM LUCKNOW,816335666721,"1,450.60",,100749.04
14/04/2026,UPI/DR/711878109500/BSNL/ICICI/bsnlbroadband@upi/UPI,951278013985,"1,770.83",,98978.21
14/04/2026,UPI/DR/151939749556/Indane/ICICI/indanegas@upi/UPI,627685488889,"2,750.72",,96227.49
14/04/2026,UPI/DR/161302095364/Jio/PAYTM/jio@paytm/UPI,680999914211,859.00,,95368.49
16/04/2026,UPI/DR/991878057368/Amazon/ICICI/amazon@apl/UPI,008225379151,330.61,,95037.88
16/04/2026,UPI/DR/165837436985/Ola/PAYTM/olamoney@ola/UPI,589511912063,590.32,,94447.56
16/04/2026,UPI/DR/348323400400/Ramesh/BDBL/ramesh.pillai@ibl/UPI,442758401773,"12,000.73",,82446.83
17/04/2026,UPI/DR/980141667095/Rapido/PAYTM/rapido@icici/UPI,210014043394,250.78,,82196.05
17/04/2026,UPI/CR/764833993601/Vijay/BDBL/vijay577@ptyes/UPI,028340536108,,"7,600.74",89796.79
18/04/2026,UPI/DR/008342229437/Nykaa/PAYTM/nykaa@razorpay/UPI,031634337965,"3,450.23",,86346.56
18/04/2026,ATM CASH WITHDRAWAL/21004/LUCKNOW,916580437908,"6,500.00",,79846.56
19/04/2026,UPI/DR/620923986532/Dinesh/KKBK/dinesh704@pthdfc/UPI,121595258107,"4,300.78",,75545.78
19/04/2026,UPI/DR/075437016819/Vikas/UCBA/9871802791@upi/UPI,358011546672,"11,750.08",,63795.70
19/04/2026,UPI/CR/879747959039/Ramesh/BARB/ramesh708@ybl/UPI,969438672613,,"2,850.05",66645.75
21/04/2026,UPI/DR/842979628638/CESC/UPIN/cescpayment@upi/UPI,141817238114,"2,150.82",,64494.93
21/04/2026,UPI/DR/468958593157/Zomato/ICICI/zomato@axisbank/UPI,006687624182,170.40,,64324.53
22/04/2026,UPI/DR/263372070667/Hathway/RAZORPAY/broadband@paytm/UPI,906623170129,349.00,,63975.53
22/04/2026,UPI/DR/729015191529/Vivek/UTIB/vivek.kumar@ptsbi/UPI,763608436650,"12,200.67",,51774.86
22/04/2026,UPI/CR/408705991645/Sunita/SBIN/2575071284@oksbi/UPI,572018961310,,"19,800.62",71575.48
23/04/2026,UPI/CR/140187795188/Mukesh/KKBK/mukesh.chatterjee@oksbi/UPI,567881964344,,"1,050.15",72625.63
23/04/2026,UPI/DR/349288806488/Jio/PAYTM/jio@paytm/UPI,948080321752,679.00,,71946.63
24/04/2026,ATM CASH WITHDRAWAL/87041/LUCKNOW,187136304995,"9,500.00",,62446.63
24/04/2026,UPI/DR/599644434650/Harish/UCBA/harish.roy@kotak/UPI,996279412150,"3,600.34",,58846.29
24/04/2026,UPI/CR/401611656883/Ajay/KKBK/ajay518@paytm/UPI,269346067782,,"6,100.32",64946.61
25/04/2026,UPI/DR/793428892066/Ola/PAYTM/olamoney@ola/UPI,005260621974,780.73,,64165.88
29/04/2026,UPI/DR/180657029737/Ashish/UTIB/ashish.iyer@okaxis/UPI,877640539367,"8,000.14",,56165.74
29/04/2026,UPI/DR/557654950299/Jio/PAYTM/jio@paytm/UPI,473019596932,589.00,,55576.74
29/04/2026,ATM CASH WITHDRAWAL/30075/LUCKNOW,712097789629,"2,500.00",,53076.74
30/04/2026,UPI/DR/228425307149/Renu/PUNB/renu.ahuja@okicici/UPI,170280286896,"5,050.64",,48026.10
01/05/2026,ATM CASH WITHDRAWAL/79669/LUCKNOW,987176775183,"6,000.00",,42026.10
01/05/2026,GST ON CHARGES,167869102332,46.80,,41979.30
01/05/2026,SALARY CREDIT/S7000770204477/ICICI Lombard GIC,933603033998,,"126,968.92",168948.22
01/05/2026,SMS CHARGES,755972952027,260.00,,168688.22
01/05/2026,UPI/DR/530161750121/Nykaa/PAYTM/nykaa@razorpay/UPI,798743967643,"5,500.06",,163188.16
01/05/2026,POS PANTALOONS LUCKNOW,933743998015,600.44,,162587.72
01/05/2026,UPI/DR/550718745546/Amazon/PAYTM/amazon@apl/UPI,775242288637,"2,300.21",,160287.51
01/05/2026,UPI/DR/301071170335/Paytm/ICICI/paytm@paytm/UPI,282097049107,"2,530.67",,157756.84
01/05/2026,UPI/DR/801266700304/Ankit/KKBK/ankit851@ptyes/UPI,564500739085,"20,550.13",,137206.71
02/05/2026,POS CENTRAL MALL LUCKNOW,416516997394,"5,550.66",,131656.05
02/05/2026,UPI/DR/565555602095/BigBasket/ICICI/bigbasket@ybl/UPI,523188369531,"2,400.56",,129255.49
02/05/2026,UPI/DR/758018086970/Uber/ICICI/uber@paytm/UPI,496819362874,"1,820.11",,127435.38
02/05/2026,UPI/DR/587456885959/Rapido/PAYTM/rapido@icici/UPI,481639673979,550.56,,126884.82
03/05/2026,UPI/DR/861318997276/Jio/PAYTM/jio@paytm/UPI,696427869129,489.00,,126395.82
04/05/2026,UPI/CR/505447044447/Sapna/BDBL/sapna.das@okaxis/UPI,133913639549,,"20,800.32",147196.14
04/05/2026,UPI/CR/395053731829/Brijesh/UTIB/brijesh.verma@ybl/UPI,473707276367,,"3,950.09",151146.23
04/05/2026,UPI/DR/291469528429/Dunzo/ICICI/dunzo@razorpay/UPI,927172451491,"1,870.66",,149275.57
04/05/2026,UPI/DR/386718484436/Jio/PAYTM/jio@paytm/UPI,804891497267,189.00,,149086.57
04/05/2026,NACH/MANDATE/RNT1570146/RENT MANDATE,420272688562,"8,000.00",,141086.57
05/05/2026,UPI/DR/685252854161/Jio/ICICI/jio@paytm/UPI,721089897796,430.52,,140656.05
06/05/2026,UPI/DR/099365331336/Arjun/UCBA/arjun.ahuja@kotak/UPI,591650990149,"4,100.29",,136555.76
06/05/2026,POS RELIANCE MART LUCKNOW,281463487516,"2,250.34",,134305.42
06/05/2026,POS VISHAL MEGA MART LUCKNOW,249248699293,"2,000.56",,132304.86
