Bank Name,HDFC BANK LTD
Account Number,68699629400471
Account Holder Name,GAURAV KHANNA
Branch,AMEERPET
IFSC Code,HDFC0327058
Statement Period,01-12-2024 To 08-05-2026

Date,Description,Ref/ChequeNo,Debit,Credit,Balance
01/12/24,UPI-Varun Patil-varun447@okicici-871821360508-CR VIA UPI,424448392776,,"5,250.54",117250.62
02/12/24,UPI-Jyoti Das-jyotidas20@ptaxis-692472037168-CR VIA UPI,890628555572,,"21,000.64",138251.26
02/12/24,UPI-Airtel Payments-airtel@axis-670515605664-DR VIA UPI,199474003270,509.00,,137742.26
03/12/24,IMPS-582124226478-Yogesh Verma-SBIN-XXXXXXX7551-IMPSTXN,806963163149,"8,400.78",,129341.48
03/12/24,UPI-IRCTC-irctc@upi-385710703849-DR VIA UPI,700107933294,299.00,,129042.48
06/12/24,POS SHOPPERS STOP PUNE,382927063526,"7,450.05",,121592.43
07/12/24,SALARY-S2670637279645/NEFT/Tata Consultancy Service,416263386850,,"136,700.90",258293.33
07/12/24,POS METRO CASH CARRY PUNE,653819403999,"6,550.60",,251742.73
07/12/24,UPI-Meesho-meesho@ybl-465454060621-DR VIA UPI,580479518187,"4,350.90",,247391.83
07/12/24,UPI-Airtel Payments-airtel@axis-249482201197-DR VIA UPI,400819002999,699.00,,246692.83
08/12/24,UPI-Tarun Ahuja-tarunahuj13@oksbi-238393154105-DR VIA UPI,724736199457,"8,400.11",,238292.72
08/12/24,UPI-Aditya Birla Sun Life-licindia@licindia-541419032224-DR VIA UPI,784425236593,"5,500.00",,232792.72
09/12/24,ECS-NACH-RNT2446661-RENT MANDATE,594962864646,"6,500.00",,226292.72
09/12/24,POS HP PETROL PUMP PUNE,506346502852,"3,150.79",,223141.93
10/12/24,POS STAR BAZAAR PUNE,439902350531,"5,400.86",,217741.07
10/12/24,UPI-Swiggy-swiggy@icici-682624191349-DR VIA UPI,543868737415,190.46,,217550.61
11/12/24,POS RELIANCE MART PUNE,043201244170,"1,950.58",,215600.03
11/12/24,UPI-Jyoti Dutta-7140136948@ybl-055053564911-CR VIA UPI,515106449521,,"17,400.68",233000.71
11/12/24,UPI-ACT Fibernet-broadband@paytm-517242786397-DR VIA UPI,407567948318,899.00,,232101.71
12/12/24,UPI-Mahesh Naik-mahesh.naik@okhdfcbank-620160731918-CR VIA UPI,054885408750,,"14,850.94",246952.65
12/12/24,UPI-Manish Dutta-manish619@kotak-384743585161-DR VIA UPI,336750920545,"7,600.83",,239351.82
12/12/24,UPI-Ola Cabs-olamoney@ola-435811075084-DR VIA UPI,704076236523,"2,050.59",,237301.23
13/12/24,ATW-XXXXXX3663-GQS74015-PUNE 880347453502,593992763124,"10,000.00",,227301.23
13/12/24,UPI-Saurabh Rao-saurabhrao34@axl-068587776197-CR VIA UPI,866692713564,,"20,300.08",247601.31
13/12/24,NEFT*N9440712720056/Bharti Airtel Ltd/CR,354479535745,,"24,500.03",272101.34
13/12/24,POS RELIANCE MART PUNE,505101394818,"6,450.77",,265650.57
14/12/24,ECS-NACH-LN742807355061-Muthoot Finance,720475213660,"18,500.00",,247150.57
14/12/24,UPI-Indane Gas-indanegas@upi-658595725116-DR VIA UPI,353484505572,"1,500.70",,245649.87
14/12/24,UPI-Zepto-zepto@apl-336354242442-DR VIA UPI,963566462652,"1,680.78",,243969.09
16/12/24,POS HP PETROL PUMP PUNE,737563173721,"2,500.96",,241468.13
16/12/24,UPI-Amazon Pay-amazon@apl-637458337194-DR VIA UPI,481347954979,170.20,,241297.93
16/12/24,UPI-Uber India-uber@paytm-065749701020-DR VIA UPI,349076683725,330.95,,240966.98
16/12/24,UPI-Suresh Pandey-8568507620@okaxis-942846152950-CR VIA UPI,705560266068,,"20,950.23",261917.21
17/12/24,UPI-Airtel Payments-airtel@axis-636531830544-DR VIA UPI,098442660059,739.00,,261178.21
17/12/24,UPI-Rapido-rapido@icici-914552959416-DR VIA UPI,041511824914,190.83,,260987.38
17/12/24,UPI-Paytm Mall-paytm@paytm-361743870593-DR VIA UPI,889796512449,"2,440.79",,258546.59
17/12/24,UPI-MSEDCL-msedclpayment@upi-490453457540-DR VIA UPI,282916461122,"4,200.31",,254346.28
17/12/24,UPI-Zomato-zomato@axisbank-482972033296-DR VIA UPI,641761464921,"2,160.68",,252185.60
18/12/24,UPI-Amazon Pay-amazon@apl-720046267886-DR VIA UPI,207396966702,650.81,,251534.79
19/12/24,UPI-Rapido-rapido@icici-287947032253-DR VIA UPI,379507297206,640.43,,250894.36
19/12/24,ECS-NACH-SIP8695744-Axis Mutual Fund,892498460198,"13,000.00",,237894.36
21/12/24,UPI-Nykaa-nykaa@razorpay-978334819112-DR VIA UPI,908742226409,"2,700.03",,235194.33
22/12/24,UPI-MakeMyTrip-makemytrip@axisbank-084744841571-DR VIA UPI,430784952071,299.00,,234895.33
23/12/24,UPI-Himanshu Mishra-9166535052@pthdfc-253581860987-DR VIA UPI,112599437292,"20,200.04",,214695.29
23/12/24,UPI-Ola Cabs-olamoney@ola-184973690553-DR VIA UPI,831796102083,"2,490.12",,212205.17
23/12/24,POS PANTALOONS PUNE,938285100841,"7,800.57",,204404.60
24/12/24,UPI-Nykaa-nykaa@razorpay-894629506580-DR VIA UPI,191621098419,"5,300.59",,199104.01
24/12/24,UPI-Flipkart-flipkart@ybl-475013031819-DR VIA UPI,289080507605,410.73,,198693.28
24/12/24,POS CENTRAL MALL PUNE,627132351982,"4,150.54",,194542.74
25/12/24,ATW-XXXXXX8827-JAR81159-PUNE 470429213958,117032896528,"6,000.00",,188542.74
25/12/24,UPI-Sunil Singh-sunilsing98@ibl-176676888295-CR VIA UPI,245359088186,,"16,900.44",205443.18
25/12/24,UPI-MedPlus Health-medplus@icici-559011408639-DR VIA UPI,519744858515,"1,480.20",,203962.98
26/12/24,UPI-Anil Chopra-anilchop20@apl-368913965901-DR VIA UPI,305690509492,"17,450.20",,186512.78
26/12/24,UPI-Pankaj Kulkarni-pankaj584@aubank-387539663214-CR VIA UPI,033812888981,,"2,300.09",188812.87
27/12/24,ATW-XXXXXX0965-SUC24378-PUNE 739280337463,849241706487,"1,000.00",,187812.87
27/12/24,POS BHARAT PETROLEUM PUNE,765000993840,"1,000.58",,186812.29
28/12/24,UPI-Nikhil Rao-nikhil224@axl-943343622506-CR VIA UPI,334853235298,,950.18,187762.47
28/12/24,INTEREST CREDIT,586201117534,,885.49,188647.96
29/12/24,POS BHARAT PETROLEUM PUNE,939583909072,"2,000.35",,186647.61
30/12/24,UPI-Zomato-zomato@axisbank-211478297272-DR VIA UPI,349064505157,"2,230.90",,184416.71
30/12/24,UPI-Dunzo-dunzo@razorpay-855901772483-DR VIA UPI,010910393569,350.39,,184066.32
31/12/24,UPI-Kavya Patel-kavya.patel@axl-728002610428-CR VIA UPI,651314639890,,"18,500.72",202567.04
31/12/24,UPI-Sangita Joshi-sangita619@aubank-074753743883-DR VIA UPI,816037546205,"14,600.11",,187966.93
01/01/25,POS PANTALOONS PUNE,296750324014,"2,950.25",,185016.68
01/01/25,UPI-Rajan Kumar-rajankuma71@kotak-369856904274-DR VIA UPI,177003539184,"21,650.84",,163365.84
01/01/25,POS BHARAT PETROLEUM PUNE,332861658731,"1,100.42",,162265.42
02/01/25,IMPS-070315315031-Deepa Pillai-BARB-XXXXXXX9327-IMPSTXN,489928502901,"40,400.31",,121865.11
02/01/25,UPI-Sonia Pillai-sonia603@axl-130733768704-DR VIA UPI,541123481960,"4,450.37",,117414.74
02/01/25,ATW-XXXXXX2333-ZIY19326-PUNE 729637029969,554907646333,"7,500.00",,109914.74
03/01/25,UPI-Ritu Banerjee-ritu.banerjee@ibl-507163947691-DR VIA UPI,959378008097,"9,900.83",,100013.91
04/01/25,POS SHELL FUEL STATION PUNE,622734506807,"1,450.36",,98563.55
04/01/25,UPI-Rapido-rapido@icici-746613566557-DR VIA UPI,412827170654,150.94,,98412.61
05/01/25,UPI-Swiggy-swiggy@icici-212113249221-DR VIA UPI,494660102179,"2,160.53",,96252.08
05/01/25,ATW-XXXXXX4972-DQF97318-PUNE 878799557720,914037851666,"3,000.00",,93252.08
07/01/25,UPI-Zomato-zomato@axisbank-864016875505-DR VIA UPI,709211506406,"1,250.58",,92001.50
07/01/25,UPI-Rapido-rapido@icici-976249985302-DR VIA UPI,511289383225,850.75,,91150.75
07/01/25,SALARY-S9667225302278/NEFT/Tata Consultancy Service,070195530131,,"135,187.90",226338.65
08/01/25,UPI-Sarita Verma-sarita773@ptyes-265868436737-CR VIA UPI,717585512781,,"3,750.55",230089.20
08/01/25,POS MORE SUPER MARKET PUNE,518789815306,"5,550.25",,224538.95
09/01/25,POS D MART PUNE,338181714056,"2,950.95",,221588.00
09/01/25,UPI-MakeMyTrip-makemytrip@axisbank-020908547452-DR VIA UPI,750501396112,749.00,,220839.00
09/01/25,ECS-NACH-LN742807355061-Muthoot Finance,892156126886,"18,500.00",,202339.00
11/01/25,ECS-NACH-SIP3469432-Axis Mutual Fund,488794536524,"13,000.00",,189339.00
11/01/25,ECS-NACH-RNT2566497-RENT MANDATE,493052731247,"6,500.00",,182839.00
11/01/25,POS INDIAN OIL PUNE,991468215085,"1,000.64",,181838.36
12/01/25,UPI-Aditya Birla Sun Life-licindia@licindia-571825263089-DR VIA UPI,220135739288,"5,500.00",,176338.36
12/01/25,UPI-Ola Cabs-olamoney@ola-251766569215-DR VIA UPI,673361648614,520.83,,175817.53
12/01/25,NEFT*N6045110636872/Arvind Ltd/CR,418939125850,,"20,500.66",196318.19
12/01/25,UPI-Airtel Payments-airtel@axis-378641646349-DR VIA UPI,017881956313,749.00,,195569.19
12/01/25,UPI-Vikas Reddy-vikas.reddy@ptyes-379129932147-DR VIA UPI,163245798501,"8,800.16",,186769.03
12/01/25,UPI-Jio Recharge-jio@paytm-642785587011-DR VIA UPI,945959164189,960.94,,185808.09
13/01/25,UPI-MSEDCL-msedclpayment@upi-633886606526-DR VIA UPI,992735398854,"3,600.10",,182207.99
13/01/25,UPI-Amazon Pay-amazon@apl-575604143469-DR VIA UPI,434812050481,"2,290.42",,179917.57
13/01/25,UPI-BSNL Broadband-bsnlbroadband@upi-615746769184-DR VIA UPI,630168683264,"2,760.81",,177156.76
14/01/25,UPI-Yogesh Sethi-yogesh677@ibl-336065446858-DR VIA UPI,455351193773,"20,450.94",,156705.82
15/01/25,UPI-Amazon Pay-amazon@apl-282473853749-DR VIA UPI,699779136870,"1,800.05",,154905.77
15/01/25,UPI-Flipkart-flipkart@ybl-883287201379-DR VIA UPI,554535131750,"4,050.91",,150854.86
15/01/25,POS STAR BAZAAR PUNE,147443385325,"6,800.85",,144054.01
15/01/25,UPI-Varun Saxena-varunsaxe68@aubank-668717199400-CR VIA UPI,058178594160,,"17,950.74",162004.75
15/01/25,UPI-Blinkit-blinkit@kotak-407984941033-DR VIA UPI,186367925173,670.93,,161333.82
16/01/25,UPI-Dinesh Banerjee-dineshbane61@ptaxis-181524956022-CR VIA UPI,673472993782,,"11,750.71",173084.53
16/01/25,UPI-Ola Cabs-olamoney@ola-221409551093-DR VIA UPI,417291128984,350.81,,172733.72
16/01/25,UPI-Indane Gas-indanegas@upi-883074589934-DR VIA UPI,823074800566,"1,900.97",,170832.75
17/01/25,UPI-Kavita Mishra-kavitamish94@upi-429944392277-CR VIA UPI,600453106970,,"3,250.74",174083.49
17/01/25,POS RELIANCE MART PUNE,398571965389,"8,100.13",,165983.36
17/01/25,UPI-Siddharth Kapoor-siddharthkapo39@oksbi-272447649183-CR VIA UPI,852127659930,,"20,850.92",186834.28
18/01/25,UPI-Flipkart-flipkart@ybl-883599524469-DR VIA UPI,935247119469,380.69,,186453.59
18/01/25,UPI-Airtel Payments-airtel@axis-283245037931-DR VIA UPI,760656638186,449.00,,186004.59
18/01/25,POS MORE SUPER MARKET PUNE,591167726824,"4,550.74",,181453.85
18/01/25,POS MAX FASHION PUNE,226162781310,"6,200.11",,175253.74
19/01/25,UPI-Varun Sharma-varun880@pthdfc-475751589882-CR VIA UPI,275036679702,,"7,700.48",182954.22
19/01/25,UPI-Paytm Mall-paytm@paytm-941215385810-DR VIA UPI,918535727434,"2,020.89",,180933.33
21/01/25,UPI-Harish Kapoor-harish.kapoor@pthdfc-910979632137-CR VIA UPI,189790937637,,"19,200.03",200133.36
21/01/25,UPI-Yogesh Shukla-yogesh251@okhdfcbank-377650024136-DR VIA UPI,223891289088,"11,300.72",,188832.64
21/01/25,UPI-Dunzo-dunzo@razorpay-313552463952-DR VIA UPI,991751000334,"2,000.32",,186832.32
23/01/25,UPI-Mina Sen-mina.sen@oksbi-982789607869-CR VIA UPI,647593726830,,950.21,187782.53
24/01/25,UPI-BSNL Broadband-bsnlbroadband@upi-022423905774-DR VIA UPI,851355192151,"1,690.30",,186092.23
24/01/25,UPI-BSNL Broadband-bsnlbroadband@upi-571838751628-DR VIA UPI,631249408821,"1,220.13",,184872.10
24/01/25,UPI-Mamta Desai-mamta752@okicici-879249877849-DR VIA UPI,425027697624,"17,300.76",,167571.34
25/01/25,UPI-Ola Cabs-olamoney@ola-390880293305-DR VIA UPI,782465457368,610.10,,166961.24
25/01/25,UPI-Uber India-uber@paytm-008314409428-DR VIA UPI,646622609144,"1,560.15",,165401.09
26/01/25,POS SHELL FUEL STATION PUNE,332852696753,"4,200.73",,161200.36
27/01/25,UPI-Ola Cabs-olamoney@ola-839755807288-DR VIA UPI,348093600398,960.82,,160239.54
28/01/25,UPI-Zepto-zepto@apl-898918752403-DR VIA UPI,013639338178,750.51,,159489.03
28/01/25,UPI-Anil Rao-5632199662@ybl-929113259383-DR VIA UPI,621279878764,"4,700.53",,154788.50
29/01/25,UPI-Yogesh Ghosh-yogesh.ghosh@ptyes-439784665227-DR VIA UPI,745662723730,"12,150.05",,142638.45
29/01/25,UPI-Flipkart-flipkart@ybl-713151048411-DR VIA UPI,915104615836,"1,800.81",,140837.64
30/01/25,UPI-Manish Nair-manishnair89@aubank-116643229223-CR VIA UPI,192613468191,,"12,400.70",153238.34
30/01/25,UPI-Paytm Mall-paytm@paytm-191426867233-DR VIA UPI,754210287678,120.39,,153117.95
31/01/25,UPI-Rohit Gupta-6574274702@paytm-561119033848-CR VIA UPI,830271491292,,"7,200.21",160318.16
31/01/25,MOBILE BANKING CHARGES,685319103825,80.00,,160238.16
31/01/25,POS METRO CASH CARRY PUNE,446427354063,"4,050.75",,156187.41
31/01/25,GST ON CHARGES,177595019482,14.40,,156173.01
01/02/25,UPI-Uber India-uber@paytm-038313975921-DR VIA UPI,741844951369,"1,240.41",,154932.60
01/02/25,ATW-XXXXXX8644-OXA65773-PUNE 376120018723,951984877523,"10,000.00",,144932.60
01/02/25,ATW-XXXXXX3136-XKS52826-PUNE 451617475591,207650174462,"6,000.00",,138932.60
02/02/25,ATW-XXXXXX4922-XJJ71422-PUNE 294404346105,662276844628,"8,500.00",,130432.60
02/02/25,UPI-Blinkit-blinkit@kotak-078468900446-DR VIA UPI,394922099668,150.93,,130281.67
02/02/25,ATW-XXXXXX7794-FVE01045-PUNE 224496989427,960757770572,"3,500.00",,126781.67
04/02/25,UPI-MedPlus Health-medplus@icici-807924347134-DR VIA UPI,361683655435,"3,280.54",,123501.13
05/02/25,UPI-BigBasket-bigbasket@ybl-637238592196-DR VIA UPI,635666255397,"1,130.43",,122370.70
06/02/25,UPI-Mahesh Ahuja-2481584492@ybl-967028601272-DR VIA UPI,922633501521,"8,200.22",,114170.48
06/02/25,UPI-PhonePe Merchant-phonepe@ybl-560407351711-DR VIA UPI,788968551342,500.77,,113669.71
07/02/25,SALARY-S3153833229124/NEFT/Tata Consultancy Service,614467256485,,"135,663.90",249333.61
07/02/25,UPI-Aditya Birla Sun Life-licindia@licindia-725054780415-DR VIA UPI,004335692518,"5,500.00",,243833.61
07/02/25,UPI-Rapido-rapido@icici-292582830022-DR VIA UPI,590196515898,690.61,,243143.00
08/02/25,POS BIG BAZAAR PUNE,386203401434,"7,500.47",,235642.53
09/02/25,UPI-Flipkart-flipkart@ybl-673735684715-DR VIA UPI,404884691825,"1,250.63",,234391.90
10/02/25,UPI-Rapido-rapido@icici-879497149042-DR VIA UPI,301919785836,330.41,,234061.49
11/02/25,ECS-NACH-RNT4590528-RENT MANDATE,938309168439,"6,500.00",,227561.49
11/02/25,UPI-Ramesh Khanna-9157883437@oksbi-667287121955-CR VIA UPI,301736431975,,"11,800.32",239361.81
12/02/25,POS HP PETROL PUMP PUNE,508869122213,"1,100.83",,238260.98
12/02/25,ECS-NACH-LN742807355061-Muthoot Finance,000617898175,"18,500.00",,219760.98
14/02/25,UPI-Meena Agarwal-meenaagar43@okhdfcbank-809099049672-CR VIA UPI,912100397162,,"15,950.98",235711.96
16/02/25,UPI-Ola Cabs-olamoney@ola-313907191251-DR VIA UPI,810614437823,890.49,,234821.47
16/02/25,UPI-BSNL Broadband-bsnlbroadband@upi-013900985487-DR VIA UPI,905941708931,840.80,,233980.67
16/02/25,UPI-Kavita Joshi-kavita.joshi@ptaxis-587424146912-CR VIA UPI,956461160158,,"7,100.72",241081.39
16/02/25,UPI-Meena Nambiar-6868988286@axl-887825909021-CR VIA UPI,400528651994,,"4,350.80",245432.19
17/02/25,ECS-NACH-SIP4814905-Axis Mutual Fund,894455893965,"13,000.00",,232432.19
17/02/25,ATW-XXXXXX7373-BFB44016-PUNE 003989740191,835843343225,"7,500.00",,224932.19
17/02/25,POS HP PETROL PUMP PUNE,140827218855,"2,350.63",,222581.56
18/02/25,UPI-Babita Mukherjee-babita.mukherjee@okicici-481985970672-DR VIA UPI,463141681636,"21,500.21",,201081.35
19/02/25,UPI-MSEDCL-msedclpayment@upi-713824029757-DR VIA UPI,323553156923,"2,300.33",,198781.02
20/02/25,ATW-XXXXXX2349-WBL37533-PUNE 815512077374,800345626582,"2,000.00",,196781.02
20/02/25,POS CENTRAL MALL PUNE,264230787943,"7,650.68",,189130.34
20/02/25,UPI-Ola Cabs-olamoney@ola-633998213768-DR VIA UPI,316649343784,400.09,,188730.25
20/02/25,UPI-Nykaa-nykaa@razorpay-361522894242-DR VIA UPI,573567569674,"2,000.53",,186729.72
20/02/25,UPI-PhonePe Merchant-phonepe@ybl-753358954547-DR VIA UPI,730986874109,"1,820.53",,184909.19
21/02/25,UPI-Ola Cabs-olamoney@ola-348080947605-DR VIA UPI,290811052950,"2,530.21",,182378.98
21/02/25,UPI-Swiggy-swiggy@icici-295741667751-DR VIA UPI,770859569947,"1,220.42",,181158.56
24/02/25,UPI-Flipkart-flipkart@ybl-335190328656-DR VIA UPI,778176078260,"2,260.38",,178898.18
24/02/25,UPI-Indane Gas-indanegas@upi-499763844404-DR VIA UPI,457707704676,"2,250.87",,176647.31
25/02/25,UPI-Ravi Roy-ravi448@paytm-263129173009-DR VIA UPI,392431686358,"6,550.75",,170096.56
25/02/25,UPI-Rohit Sethi-rohitseth38@okhdfcbank-374381429855-DR VIA UPI,755773839766,"7,450.32",,162646.24
26/02/25,UPI-Airtel Payments-airtel@axis-539754113147-DR VIA UPI,767371700427,409.00,,162237.24
27/02/25,UPI-Swati Mehta-0510319834@upi-454321877059-DR VIA UPI,167022871267,"3,750.23",,158487.01
27/02/25,UPI-Airtel Payments-airtel@axis-887463278251-DR VIA UPI,274694150982,369.00,,158118.01
27/02/25,UPI-Sumit Nair-sumit.nair@kotak-422535495890-CR VIA UPI,603917198431,,"15,950.54",174068.55
28/02/25,UPI-Blinkit-blinkit@kotak-347220491411-DR VIA UPI,891039816193,860.26,,173208.29
28/02/25,UPI-Sunil Khanna-sunil.khanna@okicici-598717390434-CR VIA UPI,958004638108,,"17,350.52",190558.81
01/03/25,UPI-Rekha Das-rekha.das@kotak-235330582626-CR VIA UPI,992103473620,,"14,550.98",205109.79
02/03/25,UPI-Asha Bose-asha921@okicici-924055902896-CR VIA UPI,574874562523,,"11,450.26",216560.05
02/03/25,UPI-Shivam Nair-shivam244@apl-411390767921-DR VIA UPI,801882123862,"2,600.44",,213959.61
02/03/25,POS SHOPPERS STOP PUNE,601847641382,"4,150.89",,209808.72
02/03/25,UPI-BigBasket-bigbasket@ybl-411992080149-DR VIA UPI,872248132718,750.10,,209058.62
03/03/25,POS BRAND FACTORY PUNE,653638274754,"6,350.90",,202707.72
04/03/25,UPI-Aditya Birla Sun Life-licindia@licindia-143335975868-DR VIA UPI,409416570768,"5,500.00",,197207.72
05/03/25,POS SHOPPERS STOP PUNE,547539875624,"7,450.70",,189757.02
05/03/25,POS HP PETROL PUMP PUNE,880019510258,"3,900.07",,185856.95
05/03/25,SALARY-S2539242868315/NEFT/Tata Consultancy Service,498582400594,,"135,767.90",321624.85
05/03/25,UPI-Airtel Payments-airtel@axis-116738853138-DR VIA UPI,872454770025,879.00,,320745.85
05/03/25,POS HP PETROL PUMP PUNE,410418618382,"2,200.54",,318545.31
06/03/25,UPI-Airtel Payments-airtel@axis-277911955082-DR VIA UPI,670940477810,769.00,,317776.31
06/03/25,ATW-XXXXXX1737-TIY58622-PUNE 358947038505,988877064479,"1,000.00",,316776.31
06/03/25,UPI-Pankaj Jain-pankaj.jain@axl-788195578837-CR VIA UPI,344407389441,,"13,650.96",330427.27
06/03/25,UPI-Uber India-uber@paytm-001966302548-DR VIA UPI,971746529455,610.75,,329816.52
06/03/25,UPI-Apollo Pharmacy-apollopharmacy@ybl-353653703185-DR VIA UPI,169744822704,"2,680.06",,327136.46
07/03/25,POS LIFESTYLE STORES PUNE,403857185369,"7,100.13",,320036.33
08/03/25,UPI-Lata Shukla-lata290@axl-097544183143-DR VIA UPI,995613170799,"16,700.56",,303335.77
08/03/25,UPI-Jio Recharge-jio@paytm-727256254638-DR VIA UPI,218408857865,"1,250.29",,302085.48
08/03/25,UPI-Airtel Payments-airtel@axis-250259476702-DR VIA UPI,198477318919,419.00,,301666.48
08/03/25,UPI-Ola Cabs-olamoney@ola-343140291677-DR VIA UPI,962242306004,150.69,,301515.79
09/03/25,ECS-NACH-RNT5841520-RENT MANDATE,332329868184,"6,500.00",,295015.79
09/03/25,UPI-MSEDCL-msedclpayment@upi-877086018893-DR VIA UPI,144069587002,"1,050.69",,293965.10
09/03/25,UPI-Sonia Mehta-sonia160@oksbi-520008992748-CR VIA UPI,838173925521,,"12,100.79",306065.89
09/03/25,UPI-Hotstar-hotstar@hdfcbank-342583835131-DR VIA UPI,495650449485,599.00,,305466.89
10/03/25,ECS-NACH-LN742807355061-Muthoot Finance,038412136564,"18,500.00",,286966.89
10/03/25,UPI-Vikas Pandey-vikas.pandey@paytm-338719512902-CR VIA UPI,833898785249,,"15,800.26",302767.15
11/03/25,UPI-Rekha Sen-rekha.sen@ptaxis-235536153368-CR VIA UPI,044267493289,,"18,650.88",321418.03
11/03/25,UPI-Manoj Gupta-3805430558@oksbi-669556858794-DR VIA UPI,794722500398,"14,800.37",,306617.66
11/03/25,NEFT*N3667667794909/Fortis Healthcare Lt/CR,992731676619,,"41,500.12",348117.78
12/03/25,UPI-Anita Singh-anita952@okhdfcbank-680465976407-DR VIA UPI,049344204912,"4,350.57",,343767.21
12/03/25,UPI-Amazon Pay-amazon@apl-088228468771-DR VIA UPI,047559317364,400.38,,343366.83
13/03/25,UPI-Zepto-zepto@apl-072523784590-DR VIA UPI,126905350692,710.17,,342656.66
14/03/25,UPI-Indane Gas-indanegas@upi-354238066422-DR VIA UPI,125571691115,"2,450.26",,340206.40
14/03/25,UPI-Gaurav Iyer-gauraviyer85@ptaxis-749492541328-DR VIA UPI,291803705308,"4,700.96",,335505.44
14/03/25,POS BIG BAZAAR PUNE,464815012131,800.06,,334705.38
14/03/25,UPI-PhonePe Merchant-phonepe@ybl-017844736001-DR VIA UPI,152340596569,"2,080.89",,332624.49
15/03/25,ATW-XXXXXX0537-ERR70014-PUNE 081673305811,486869256947,"2,500.00",,330124.49
16/03/25,ECS-NACH-SIP0017526-Axis Mutual Fund,024355799402,"13,000.00",,317124.49
17/03/25,UPI-Vijay Shukla-vijay.shukla@ptsbi-326337499777-CR VIA UPI,602660285666,,"18,450.57",335575.06
17/03/25,UPI-Rapido-rapido@icici-474391749979-DR VIA UPI,588723736373,460.07,,335114.99
17/03/25,UPI-Sneha Bose-sneha.bose@pthdfc-509869158592-DR VIA UPI,195701437256,"19,600.51",,315514.48
17/03/25,POS RELIANCE PETROLEUM PUNE,595135171920,"3,300.03",,312214.45
18/03/25,UPI-Zomato-zomato@axisbank-182165084795-DR VIA UPI,678640589769,"1,550.12",,310664.33
18/03/25,UPI-Lata Roy-6598492629@okicici-944762157782-CR VIA UPI,073657127824,,"18,950.48",329614.81
18/03/25,UPI-Ola Cabs-olamoney@ola-504093322464-DR VIA UPI,269576599119,520.54,,329094.27
18/03/25,ATW-XXXXXX1955-NWH66774-PUNE 119959806477,473232646552,"3,000.00",,326094.27
20/03/25,UPI-ACT Fibernet-broadband@paytm-130092396323-DR VIA UPI,179088169280,849.00,,325245.27
20/03/25,POS BHARAT PETROLEUM PUNE,090891325241,950.37,,324294.90
20/03/25,UPI-Rapido-rapido@icici-674383253542-DR VIA UPI,158911093271,830.04,,323464.86
20/03/25,POS BIG BAZAAR PUNE,378579081772,"2,050.41",,321414.45
20/03/25,UPI-Flipkart-flipkart@ybl-391014587143-DR VIA UPI,056708695497,"1,430.73",,319983.72
20/03/25,UPI-Airtel Payments-airtel@axis-664053531267-DR VIA UPI,646433791446,229.00,,319754.72
20/03/25,ATW-XXXXXX8678-BZG30272-PUNE 187865288947,887651527599,"1,500.00",,318254.72
21/03/25,UPI-Rekha Chatterjee-rekha.chatterjee@okicici-403722146943-DR VIA UPI,559364175071,"18,700.47",,299554.25
21/03/25,POS MORE SUPER MARKET PUNE,209151917396,"1,800.00",,297754.25
22/03/25,UPI-Ramesh Tiwari-ramesh.tiwari@okicici-881247800780-DR VIA UPI,618206762383,"15,450.62",,282303.63
22/03/25,UPI-Amazon Pay-amazon@apl-967628949744-DR VIA UPI,623948119670,"3,050.56",,279253.07
23/03/25,UPI-BSNL Broadband-bsnlbroadband@upi-159256801227-DR VIA UPI,326915026627,"1,560.00",,277693.07
23/03/25,UPI-Gopal Srivastava-gopal.srivastava@ptsbi-813422513163-DR VIA UPI,069428829602,"17,400.71",,260292.36
23/03/25,UPI-Isha Bose-ishabose25@okhdfcbank-193440176228-DR VIA UPI,034695968669,"19,000.96",,241291.40
23/03/25,UPI-Nykaa-nykaa@razorpay-099805680590-DR VIA UPI,810663394506,"1,550.26",,239741.14
24/03/25,UPI-Airtel Payments-airtel@axis-437334283932-DR VIA UPI,096234354795,209.00,,239532.14
24/03/25,POS SHOPPERS STOP PUNE,030353359857,750.72,,238781.42
24/03/25,UPI-BSNL Broadband-bsnlbroadband@upi-600062225268-DR VIA UPI,111511775634,180.83,,238600.59
24/03/25,UPI-Meena Dubey-meena641@oksbi-873261824621-DR VIA UPI,662542838545,"21,250.08",,217350.51
24/03/25,UPI-Uber India-uber@paytm-085837510407-DR VIA UPI,946135373267,"2,290.72",,215059.79
24/03/25,UPI-Swiggy-swiggy@icici-622150842487-DR VIA UPI,588110268659,"2,320.35",,212739.44
25/03/25,UPI-Priya Bajaj-priya966@okicici-551150857719-DR VIA UPI,800659285577,"7,750.50",,204988.94
26/03/25,UPI-Naresh Kulkarni-nareshkulk53@ptyes-515358158980-DR VIA UPI,867042883372,"8,950.10",,196038.84
26/03/25,UPI-Amazon Pay-amazon@apl-157264337941-DR VIA UPI,373580183314,"2,270.78",,193768.06
27/03/25,UPI-Zepto-zepto@apl-323723561318-DR VIA UPI,365150781343,130.76,,193637.30
27/03/25,GST ON CHARGES,926913445747,32.40,,193604.90
27/03/25,POS V MART PUNE,603768402582,"7,400.77",,186204.13
27/03/25,MOBILE BANKING CHARGES,552099260069,180.00,,186024.13
28/03/25,UPI-PhonePe Merchant-phonepe@ybl-913083680082-DR VIA UPI,966318786964,810.66,,185213.47
28/03/25,INTEREST CREDIT,282805705978,,850.98,186064.45
29/03/25,UPI-Spotify-spotify@icici-158309418454-DR VIA UPI,502483153470,549.00,,185515.45
30/03/25,POS MORE SUPER MARKET PUNE,126655182400,"7,350.27",,178165.18
31/03/25,UPI-Deepa Tiwari-deepa.tiwari@paytm-474790088652-DR VIA UPI,220613014067,"10,100.27",,168064.91
31/03/25,UPI-Lalit Menon-8134495863@oksbi-037979170591-CR VIA UPI,214576047290,,"3,350.82",171415.73
31/03/25,ATW-XXXXXX4153-CSB50308-PUNE 828846552636,672492041445,"6,000.00",,165415.73
01/04/25,UPI-Flipkart-flipkart@ybl-016050703892-DR VIA UPI,029365112821,"1,470.87",,163944.86
01/04/25,POS STAR BAZAAR PUNE,534990733513,"3,300.68",,160644.18
01/04/25,UPI-Rani Chopra-ranichop85@pthdfc-907045822107-CR VIA UPI,509468665112,,"19,850.05",180494.23
03/04/25,UPI-Uber India-uber@paytm-585522608671-DR VIA UPI,888525610534,360.39,,180133.84
03/04/25,POS V MART PUNE,966801958617,"7,650.26",,172483.58
04/04/25,UPI-Jio Recharge-jio@paytm-243031113594-DR VIA UPI,711994695324,590.82,,171892.76
05/04/25,UPI-Rohit Saxena-rohit808@okaxis-798344630901-DR VIA UPI,452633871580,"9,350.97",,162541.79
05/04/25,POS INDIAN OIL PUNE,515859585078,"2,950.96",,159590.83
05/04/25,UPI-Flipkart-flipkart@ybl-749352032517-DR VIA UPI,881203338560,"3,050.40",,156540.43
06/04/25,UPI-ACT Fibernet-broadband@paytm-435739165155-DR VIA UPI,168921946276,449.00,,156091.43
06/04/25,SALARY-S2290676739721/NEFT/Tata Consultancy Service,089740452113,,"136,435.90",292527.33
06/04/25,UPI-Swiggy-swiggy@icici-736577862595-DR VIA UPI,607851432102,650.16,,291877.17
07/04/25,UPI-Swiggy-swiggy@icici-268693961327-DR VIA UPI,821275926175,"1,060.88",,290816.29
07/04/25,UPI-Blinkit-blinkit@kotak-564448700366-DR VIA UPI,008299720397,980.41,,289835.88
08/04/25,POS MORE SUPER MARKET PUNE,804331543342,"4,500.74",,285335.14
08/04/25,UPI-Dunzo-dunzo@razorpay-875810650636-DR VIA UPI,175651141500,360.14,,284975.00
09/04/25,UPI-Ola Cabs-olamoney@ola-920017036931-DR VIA UPI,656936230213,680.08,,284294.92
09/04/25,UPI-Sarita Chatterjee-sarita792@ybl-496789653244-CR VIA UPI,920657686727,,"6,400.31",290695.23
10/04/25,ECS-NACH-RNT9283832-RENT MANDATE,016616720649,"6,500.00",,284195.23
11/04/25,UPI-Aditya Birla Sun Life-licindia@licindia-002417144261-DR VIA UPI,194390569143,"5,500.00",,278695.23
11/04/25,UPI-Sunita Pandey-sunita.pandey@ptyes-116075253733-DR VIA UPI,059410047649,"18,250.37",,260444.86
11/04/25,UPI-Ola Cabs-olamoney@ola-448388469703-DR VIA UPI,300522169309,"2,270.79",,258174.07
11/04/25,UPI-Pallavi Mishra-pallavi.mishra@pthdfc-627084813176-DR VIA UPI,818693304455,"15,450.62",,242723.45
12/04/25,ECS-NACH-SIP1646616-Axis Mutual Fund,929618234886,"13,000.00",,229723.45
12/04/25,UPI-Indane Gas-indanegas@upi-856327080166-DR VIA UPI,936646435535,"1,350.50",,228372.95
14/04/25,UPI-BigBasket-bigbasket@ybl-576006535078-DR VIA UPI,626639364780,"1,310.51",,227062.44
14/04/25,ECS-NACH-LN742807355061-Muthoot Finance,875520806246,"18,500.00",,208562.44
15/04/25,UPI-Amazon Pay-amazon@apl-087201200404-DR VIA UPI,292802481399,"1,740.43",,206822.01
16/04/25,UPI-MSEDCL-msedclpayment@upi-301985134690-DR VIA UPI,899768550284,"2,450.01",,204372.00
16/04/25,ATW-XXXXXX5575-GFN18970-PUNE 782429310385,362395715578,"9,000.00",,195372.00
17/04/25,UPI-Meesho-meesho@ybl-220942241064-DR VIA UPI,481184078707,"5,100.90",,190271.10
18/04/25,POS CENTRAL MALL PUNE,058369565062,900.70,,189370.40
18/04/25,UPI-Amazon Pay-amazon@apl-625893223031-DR VIA UPI,606770227064,230.22,,189140.18
20/04/25,POS SHOPPERS STOP PUNE,051635797879,400.02,,188740.16
22/04/25,UPI-Airtel Payments-airtel@axis-052123255702-DR VIA UPI,543501533312,289.00,,188451.16
23/04/25,ATW-XXXXXX4075-BBK99845-PUNE 406860843369,792109468532,"6,000.00",,182451.16
24/04/25,UPI-Arjun Das-arjun.das@aubank-743264967930-CR VIA UPI,774921740549,,"5,150.16",187601.32
24/04/25,ATW-XXXXXX8914-LBU14135-PUNE 170626888609,679358047883,"5,500.00",,182101.32
24/04/25,UPI-Airtel Payments-airtel@axis-834196732059-DR VIA UPI,710381250169,879.00,,181222.32
25/04/25,UPI-Swati Naik-9004355548@upi-750420741321-DR VIA UPI,254541950945,"21,400.75",,159821.57
25/04/25,UPI-Practo-practo@paytm-304551364807-DR VIA UPI,864411006366,399.00,,159422.57
25/04/25,POS BHARAT PETROLEUM PUNE,953098785312,"3,250.39",,156172.18
26/04/25,UPI-Amit Dubey-9323437383@ybl-896647490721-DR VIA UPI,192281002635,"9,200.69",,146971.49
26/04/25,UPI-Uber India-uber@paytm-292055966559-DR VIA UPI,230521572998,340.99,,146630.50
27/04/25,MOBILE BANKING CHARGES,079021631925,590.00,,146040.50
27/04/25,UPI-Airtel Payments-airtel@axis-952271118303-DR VIA UPI,856856519294,179.00,,145861.50
27/04/25,ATW-XXXXXX3571-GNN19129-PUNE 744800823777,099806186506,"9,000.00",,136861.50
27/04/25,GST ON CHARGES,538277991835,106.20,,136755.30
29/04/25,UPI-Myntra-myntra@ybl-455359063440-DR VIA UPI,850094024778,"1,850.57",,134904.73
29/04/25,IMPS-811721326010-Gaurav Menon-SBIN-XXXXXXX4247-IMPSTXN,093127105214,"15,100.17",,119804.56
29/04/25,UPI-Usha Bajaj-ushabaja46@ptaxis-009425418661-CR VIA UPI,536303593977,,200.47,120005.03
29/04/25,UPI-Rajan Ahuja-rajanahuj68@paytm-063663233927-CR VIA UPI,889003194642,,"18,800.14",138805.17
29/04/25,UPI-Airtel Payments-airtel@axis-430068031024-DR VIA UPI,669054542442,289.00,,138516.17
30/04/25,POS BHARAT PETROLEUM PUNE,741502241006,"2,400.10",,136116.07
30/04/25,POS METRO CASH CARRY PUNE,011672426902,"5,300.05",,130816.02
30/04/25,UPI-Suresh Patil-suresh959@aubank-807693394551-CR VIA UPI,722535749263,,"4,500.24",135316.26
01/05/25,UPI-Ola Cabs-olamoney@ola-364627155316-DR VIA UPI,953784506325,230.44,,135085.82
01/05/25,UPI-Rapido-rapido@icici-123042154987-DR VIA UPI,153686203747,730.76,,134355.06
01/05/25,UPI-Brijesh Desai-brijesh.desai@paytm-077156058284-DR VIA UPI,323950533091,"2,700.79",,131654.27
02/05/25,UPI-Paytm Mall-paytm@paytm-905456611227-DR VIA UPI,382418846525,"2,250.20",,129404.07
02/05/25,UPI-Flipkart-flipkart@ybl-033075994569-DR VIA UPI,907931296235,"2,150.66",,127253.41
04/05/25,IMPS-990261851949-Rahul Agarwal-KKBK-XXXXXXX4155-IMPSTXN,252531999428,"6,700.20",,120553.21
04/05/25,UPI-Airtel Payments-airtel@axis-296531943349-DR VIA UPI,647234997312,309.00,,120244.21
04/05/25,UPI-Aditya Birla Sun Life-licindia@licindia-488361252889-DR VIA UPI,301618061390,"5,500.00",,114744.21
05/05/25,POS PANTALOONS PUNE,084748258777,"1,050.57",,113693.64
05/05/25,UPI-Vijay Saxena-6616800883@aubank-342960006125-CR VIA UPI,015637256346,,"5,200.90",118894.54
06/05/25,UPI-Airtel Payments-airtel@axis-429868608652-DR VIA UPI,495742858033,959.00,,117935.54
06/05/25,POS HP PETROL PUMP PUNE,727241188093,"2,400.14",,115535.40
07/05/25,UPI-Airtel Payments-airtel@axis-781276124828-DR VIA UPI,651241482762,189.00,,115346.40
07/05/25,SALARY-S1223571723031/NEFT/Tata Consultancy Service,729007797885,,"137,312.90",252659.30
09/05/25,UPI-Jio Recharge-jio@paytm-869079150494-DR VIA UPI,967304962765,"2,040.15",,250619.15
09/05/25,UPI-Rapido-rapido@icici-274773602971-DR VIA UPI,199187386247,530.65,,250088.50
09/05/25,ECS-NACH-RNT7220645-RENT MANDATE,543739703432,"6,500.00",,243588.50
10/05/25,UPI-Poonam Bajaj-poonam921@ptsbi-674996918059-CR VIA UPI,996941680903,,"12,550.18",256138.68
10/05/25,UPI-Sachin Sethi-sachin872@oksbi-868818594525-CR VIA UPI,502516490246,,"2,300.17",258438.85
10/05/25,ATW-XXXXXX7461-RLU08765-PUNE 955313463681,379822440358,"2,000.00",,256438.85
10/05/25,UPI-Dunzo-dunzo@razorpay-610824419278-DR VIA UPI,679690014245,"2,780.11",,253658.74
10/05/25,ECS-NACH-LN742807355061-Muthoot Finance,696748053267,"18,500.00",,235158.74
11/05/25,POS METRO CASH CARRY PUNE,847202922221,"8,400.54",,226758.20
11/05/25,ECS-NACH-SIP7485178-Axis Mutual Fund,025950015167,"13,000.00",,213758.20
12/05/25,UPI-Swiggy-swiggy@icici-112599152168-DR VIA UPI,687783313477,"2,530.07",,211228.13
13/05/25,UPI-Airtel Payments-airtel@axis-776337970910-DR VIA UPI,633616890749,789.00,,210439.13
13/05/25,POS MORE SUPER MARKET PUNE,828922887591,"2,100.01",,208339.12
14/05/25,UPI-MakeMyTrip-makemytrip@axisbank-190438563804-DR VIA UPI,800116025448,799.00,,207540.12
14/05/25,ATW-XXXXXX5636-HIP76665-PUNE 161002353339,358904425344,"4,500.00",,203040.12
15/05/25,UPI-BigBasket-bigbasket@ybl-216809311555-DR VIA UPI,334157342454,840.96,,202199.16
16/05/25,POS RELIANCE PETROLEUM PUNE,285948103486,"1,250.42",,200948.74
16/05/25,UPI-Nykaa-nykaa@razorpay-057054642341-DR VIA UPI,070014807125,"1,100.35",,199848.39
16/05/25,UPI-MSEDCL-msedclpayment@upi-473766317459-DR VIA UPI,397769286938,"2,800.85",,197047.54
16/05/25,UPI-Indane Gas-indanegas@upi-337179008925-DR VIA UPI,777785975225,"2,500.80",,194546.74
16/05/25,POS VISHAL MEGA MART PUNE,399074530707,800.04,,193746.70
16/05/25,UPI-Mohit Mehta-mohit.mehta@okhdfcbank-879634149449-DR VIA UPI,229002626995,"10,400.73",,183345.97
17/05/25,UPI-Rapido-rapido@icici-369167622085-DR VIA UPI,661604442442,850.14,,182495.83
18/05/25,UPI-Sunita Gupta-sunita.gupta@oksbi-167291701743-DR VIA UPI,465929496828,"5,850.66",,176645.17
18/05/25,UPI-Anil Bajaj-anilbaja95@ptsbi-085078770700-CR VIA UPI,463851874998,,"21,700.56",198345.73
18/05/25,UPI-Blinkit-blinkit@kotak-161206128793-DR VIA UPI,624956413992,"1,270.03",,197075.70
19/05/25,UPI-Vijay Yadav-vijayyada74@ybl-861262146627-DR VIA UPI,354324292160,"8,800.76",,188274.94
19/05/25,UPI-Geeta Mukherjee-geeta615@pthdfc-244414382900-CR VIA UPI,687260688761,,"7,750.28",196025.22
19/05/25,UPI-Airtel Payments-airtel@axis-647223235058-DR VIA UPI,949135427118,699.00,,195326.22
20/05/25,POS MORE SUPER MARKET PUNE,680705482689,750.68,,194575.54
20/05/25,UPI-BigBasket-bigbasket@ybl-466027303321-DR VIA UPI,137196601364,820.81,,193754.73
21/05/25,UPI-Rapido-rapido@icici-222750410919-DR VIA UPI,584915602063,300.14,,193454.59
22/05/25,POS LIFESTYLE STORES PUNE,949424984956,"3,500.74",,189953.85
22/05/25,UPI-BigBasket-bigbasket@ybl-231798915944-DR VIA UPI,746956530027,160.18,,189793.67
22/05/25,UPI-Kunal Dubey-kunal.dubey@upi-570882145558-CR VIA UPI,211971087446,,"6,950.79",196744.46
23/05/25,UPI-Swiggy-swiggy@icici-193988690908-DR VIA UPI,257040694364,"2,290.82",,194453.64
24/05/25,UPI-Flipkart-flipkart@ybl-129036455589-DR VIA UPI,919373557277,"4,500.10",,189953.54
25/05/25,UPI-Prashant Das-4717772479@aubank-463220825566-DR VIA UPI,852839354100,"5,900.80",,184052.74
26/05/25,UPI-BigBasket-bigbasket@ybl-733835325161-DR VIA UPI,088267523124,"1,560.37",,182492.37
26/05/25,UPI-Isha Shah-ishashah99@upi-538981462831-CR VIA UPI,435594925257,,"18,450.68",200943.05
26/05/25,UPI-Dunzo-dunzo@razorpay-528383350251-DR VIA UPI,067203680561,710.56,,200232.49
26/05/25,POS BRAND FACTORY PUNE,180289427234,"4,400.50",,195831.99
27/05/25,UPI-ACT Fibernet-broadband@paytm-814489577336-DR VIA UPI,614437682449,499.00,,195332.99
28/05/25,POS METRO CASH CARRY PUNE,256888500775,"3,750.07",,191582.92
28/05/25,ATW-XXXXXX8040-DJW38259-PUNE 552903716220,002675420265,"6,500.00",,185082.92
28/05/25,UPI-Ajay Kulkarni-ajay573@pthdfc-018654402520-DR VIA UPI,450388417257,"12,750.94",,172331.98
29/05/25,UPI-Anita Pillai-4878751988@ibl-339646317957-CR VIA UPI,549669623250,,"1,050.57",173382.55
29/05/25,UPI-Flipkart-flipkart@ybl-446131601403-DR VIA UPI,339997986055,"1,500.83",,171881.72
31/05/25,UPI-Asha Gupta-asha.gupta@ptsbi-192400685211-DR VIA UPI,366658509717,"20,350.85",,151530.87
31/05/25,UPI-Seema Pillai-seema612@okaxis-372848014493-CR VIA UPI,373522736313,,"19,250.31",170781.18
02/06/25,UPI-Shreya Yadav-shreya.yadav@okaxis-444490377974-DR VIA UPI,494164136519,"15,100.07",,155681.11
02/06/25,UPI-Ola Cabs-olamoney@ola-857066877580-DR VIA UPI,576633733616,"1,610.60",,154070.51
04/06/25,UPI-Ola Cabs-olamoney@ola-507833735949-DR VIA UPI,579408077591,110.86,,153959.65
05/06/25,UPI-Dunzo-dunzo@razorpay-929517767448-DR VIA UPI,332915564703,"2,480.28",,151479.37
05/06/25,UPI-Nykaa-nykaa@razorpay-302326227660-DR VIA UPI,647112579610,"5,800.10",,145679.27
05/06/25,UPI-Sumit Sethi-sumitseth78@paytm-233853370346-DR VIA UPI,531061230262,"4,200.04",,141479.23
06/06/25,UPI-Uber India-uber@paytm-720835396804-DR VIA UPI,971839286829,560.17,,140919.06
06/06/25,SALARY-S6434746532036/NEFT/Tata Consultancy Service,976671382137,,"137,689.90",278608.96
07/06/25,UPI-Uber India-uber@paytm-925538442065-DR VIA UPI,551136342147,990.37,,277618.59
07/06/25,UPI-Uber India-uber@paytm-176880945523-DR VIA UPI,908256927872,830.67,,276787.92
08/06/25,UPI-Dunzo-dunzo@razorpay-780769600254-DR VIA UPI,558749968547,"1,320.66",,275467.26
09/06/25,UPI-Aditya Birla Sun Life-licindia@licindia-152301954851-DR VIA UPI,687239927409,"5,500.00",,269967.26
10/06/25,POS CENTRAL MALL PUNE,569023986076,"6,000.12",,263967.14
10/06/25,ECS-NACH-RNT3494987-RENT MANDATE,034660130006,"6,500.00",,257467.14
10/06/25,UPI-Airtel Payments-airtel@axis-320587814787-DR VIA UPI,421627833373,879.00,,256588.14
11/06/25,POS RELIANCE MART PUNE,192162991883,"6,550.14",,250038.00
11/06/25,UPI-Blinkit-blinkit@kotak-635846516750-DR VIA UPI,862354525415,"1,520.07",,248517.93
11/06/25,POS HP PETROL PUMP PUNE,506106906527,"1,500.35",,247017.58
12/06/25,ECS-NACH-SIP5928427-Axis Mutual Fund,614218780687,"13,000.00",,234017.58
14/06/25,ECS-NACH-LN742807355061-Muthoot Finance,200893859781,"18,500.00",,215517.58
14/06/25,UPI-Shweta Menon-3124583339@okaxis-418182041327-DR VIA UPI,686511457288,"7,250.61",,208266.97
14/06/25,UPI-Zepto-zepto@apl-603297384118-DR VIA UPI,030692788505,280.45,,207986.52
15/06/25,ATW-XXXXXX3309-BQT45733-PUNE 404480292736,100481784253,"4,500.00",,203486.52
15/06/25,UPI-Airtel Payments-airtel@axis-503971551579-DR VIA UPI,796329460663,439.00,,203047.52
15/06/25,UPI-Pankaj Rao-7978229887@okaxis-283875765026-DR VIA UPI,815661860411,"9,700.10",,193347.42
15/06/25,POS STAR BAZAAR PUNE,696725271342,"3,200.00",,190147.42
16/06/25,UPI-Uber India-uber@paytm-803084123361-DR VIA UPI,718200021178,480.76,,189666.66
16/06/25,UPI-Sumit Reddy-sumit.reddy@upi-639717384997-CR VIA UPI,730229864760,,"11,600.80",201267.46
16/06/25,NEFT*N1765904671250/Max Healthcare Insti/CR,643855606954,,"40,500.13",241767.59
17/06/25,UPI-Babita Nair-babita.nair@aubank-448947550142-CR VIA UPI,190314905962,,"11,150.05",252917.64
18/06/25,UPI-Indane Gas-indanegas@upi-552852946023-DR VIA UPI,253373683137,"1,250.61",,251667.03
18/06/25,UPI-Apollo Pharmacy-apollopharmacy@ybl-423703028320-DR VIA UPI,735717061262,"1,030.69",,250636.34
18/06/25,ATW-XXXXXX2483-HWT80095-PUNE 696002048597,603069798103,"4,000.00",,246636.34
18/06/25,UPI-Asha Menon-5510102843@ptaxis-447014801897-CR VIA UPI,441177660439,,"2,600.15",249236.49
18/06/25,UPI-Airtel Payments-airtel@axis-861561428540-DR VIA UPI,118105271130,229.00,,249007.49
19/06/25,UPI-MSEDCL-msedclpayment@upi-446479729776-DR VIA UPI,701448736731,"2,350.64",,246656.85
20/06/25,UPI-Ola Cabs-olamoney@ola-815006658210-DR VIA UPI,019448103997,590.16,,246066.69
20/06/25,POS RELIANCE PETROLEUM PUNE,600379770069,950.03,,245116.66
20/06/25,UPI-Shweta Sharma-7873190579@ibl-706114065821-CR VIA UPI,563844043447,,"12,250.23",257366.89
20/06/25,UPI-Asha Shukla-ashashuk85@okicici-900589675090-CR VIA UPI,763195676224,,"2,150.77",259517.66
20/06/25,UPI-Rohit Bose-rohitbose62@oksbi-489265587513-CR VIA UPI,374350078738,,"3,400.24",262917.90
21/06/25,UPI-Meesho-meesho@ybl-570792916416-DR VIA UPI,707066281451,"3,250.74",,259667.16
24/06/25,UPI-Babita Mehta-babita.mehta@okicici-546996740971-CR VIA UPI,296636935864,,"18,500.71",278167.87
25/06/25,UPI-Girish Pandey-7477584887@ybl-039866571066-DR VIA UPI,915451514150,"5,950.03",,272217.84
25/06/25,UPI-Airtel Payments-airtel@axis-207186174523-DR VIA UPI,578664034120,289.00,,271928.84
25/06/25,UPI-Usha Roy-usha517@okaxis-807300147092-DR VIA UPI,365758032036,"15,400.83",,256528.01
26/06/25,ATW-XXXXXX5445-AIP37418-PUNE 869262625039,054094957214,"1,500.00",,255028.01
26/06/25,UPI-Ola Cabs-olamoney@ola-228833564513-DR VIA UPI,728222507118,740.03,,254287.98
26/06/25,ATW-XXXXXX7065-GFE66312-PUNE 697805425311,170608246761,"2,000.00",,252287.98
26/06/25,INTEREST CREDIT,903370011423,,940.40,253228.38
27/06/25,UPI-Sarita Gupta-8110584924@pthdfc-465368095543-DR VIA UPI,466280387137,"16,700.72",,236527.66
27/06/25,UPI-ACT Fibernet-broadband@paytm-452242958870-DR VIA UPI,808983161541,649.00,,235878.66
28/06/25,UPI-Babita Joshi-0912550946@upi-747993657250-CR VIA UPI,541435057694,,"9,850.56",245729.22
28/06/25,UPI-Tarun Mehta-tarun786@okaxis-996402989027-CR VIA UPI,712132650216,,700.82,246430.04
29/06/25,UPI-Airtel Payments-airtel@axis-016632904604-DR VIA UPI,459794484611,749.00,,245681.04
29/06/25,GST ON CHARGES,965569931021,39.60,,245641.44
29/06/25,MOBILE BANKING CHARGES,681345110915,220.00,,245421.44
29/06/25,UPI-Kiran Bajaj-kiranbaja50@okaxis-123579168636-DR VIA UPI,517388030922,"13,650.23",,231771.21
30/06/25,UPI-Dunzo-dunzo@razorpay-936042001159-DR VIA UPI,637621438568,"1,900.04",,229871.17
30/06/25,UPI-Pankaj Kapoor-pankaj.kapoor@okicici-874916574082-CR VIA UPI,033723340342,,"8,650.47",238521.64
01/07/25,UPI-Babita Patil-babita178@kotak-985304220819-CR VIA UPI,690677179149,,"12,150.62",250672.26
01/07/25,UPI-PhonePe Merchant-phonepe@ybl-541492011321-DR VIA UPI,730468717974,540.32,,250131.94
01/07/25,UPI-Jyoti Pillai-jyoti898@okaxis-085525934208-CR VIA UPI,364352216756,,"9,300.98",259432.92
01/07/25,ATW-XXXXXX7621-FCA95200-PUNE 492369335726,728713251813,"1,000.00",,258432.92
02/07/25,POS D MART PUNE,206447799075,"6,550.18",,251882.74
02/07/25,UPI-Swiggy-swiggy@icici-207321282564-DR VIA UPI,533781882180,"2,190.31",,249692.43
02/07/25,POS CENTRAL MALL PUNE,872507737357,750.08,,248942.35
03/07/25,UPI-Vandana Bajaj-vandana.bajaj@ptaxis-804540998981-CR VIA UPI,325135110679,,"3,900.33",252842.68
04/07/25,UPI-Sarita Patil-3485314404@ybl-716288853178-DR VIA UPI,325472399537,"11,200.87",,241641.81
04/07/25,ATW-XXXXXX7887-HBD01355-PUNE 486227092092,021189189179,"2,000.00",,239641.81
04/07/25,UPI-Sonia Mukherjee-sonia.mukherjee@upi-535176535275-CR VIA UPI,028286561017,,"17,350.66",256992.47
05/07/25,UPI-Ravi Dutta-ravi.dutta@axl-094552253984-DR VIA UPI,785185143969,"16,550.28",,240442.19
05/07/25,POS BRAND FACTORY PUNE,290827670362,"2,700.77",,237741.42
06/07/25,UPI-Jio Recharge-jio@paytm-756695509960-DR VIA UPI,828508582854,930.38,,236811.04
06/07/25,POS PANTALOONS PUNE,577470091246,"8,500.92",,228310.12
07/07/25,SALARY-S9233773721150/NEFT/Tata Consultancy Service,020370800736,,"137,471.90",365782.02
08/07/25,UPI-Aditya Birla Sun Life-licindia@licindia-609347094881-DR VIA UPI,118290255335,"5,500.00",,360282.02
08/07/25,UPI-Sneha Desai-snehadesa79@ptaxis-619347717724-CR VIA UPI,589524233392,,"15,150.71",375432.73
09/07/25,UPI-Hotstar-hotstar@hdfcbank-433315533031-DR VIA UPI,118938658359,249.00,,375183.73
09/07/25,UPI-Airtel Payments-airtel@axis-289160542587-DR VIA UPI,775101596678,549.00,,374634.73
10/07/25,UPI-BigBasket-bigbasket@ybl-269053072192-DR VIA UPI,656592314996,"1,180.73",,373454.00
10/07/25,POS INDIAN OIL PUNE,867165308579,"1,850.86",,371603.14
10/07/25,ATW-XXXXXX4562-OOI89241-PUNE 369878292479,467919869852,"4,500.00",,367103.14
11/07/25,UPI-Rapido-rapido@icici-802370089223-DR VIA UPI,442879200879,600.46,,366502.68
12/07/25,ECS-NACH-RNT6722594-RENT MANDATE,798559788658,"6,500.00",,360002.68
12/07/25,ECS-NACH-SIP3483595-Axis Mutual Fund,920980723632,"13,000.00",,347002.68
14/07/25,UPI-Apollo Pharmacy-apollopharmacy@ybl-455939562421-DR VIA UPI,716499275790,"2,280.89",,344721.79
15/07/25,ECS-NACH-LN742807355061-Muthoot Finance,428692821527,"18,500.00",,326221.79
15/07/25,UPI-Harish Bajaj-5236593859@okicici-852834754562-CR VIA UPI,609833020727,,"15,000.24",341222.03
15/07/25,UPI-Airtel Payments-airtel@axis-726209618922-DR VIA UPI,743241652926,929.00,,340293.03
15/07/25,UPI-Indane Gas-indanegas@upi-036058274021-DR VIA UPI,083705039572,"2,800.12",,337492.91
16/07/25,UPI-Kapil Mukherjee-kapil574@ibl-325847844691-CR VIA UPI,445488674870,,"11,850.05",349342.96
16/07/25,UPI-Ritu Saxena-ritu614@upi-689542241309-CR VIA UPI,586430335115,,"17,600.23",366943.19
17/07/25,UPI-Rapido-rapido@icici-016397999097-DR VIA UPI,556112718872,490.60,,366452.59
18/07/25,UPI-Brijesh Chatterjee-brijesh.chatterjee@kotak-608928158484-CR VIA UPI,866239965190,,"14,850.85",381303.44
18/07/25,UPI-Vikram Mehta-vikrammeht10@oksbi-289272590711-CR VIA UPI,669972938450,,"3,750.64",385054.08
18/07/25,UPI-Rahul Thapar-rahul705@kotak-617672413624-CR VIA UPI,884563398407,,"9,950.64",395004.72
18/07/25,POS BIG BAZAAR PUNE,529970078387,"7,750.08",,387254.64
18/07/25,UPI-Archana Tiwari-archana.tiwari@oksbi-340574024155-DR VIA UPI,682344693675,"5,000.96",,382253.68
19/07/25,UPI-Ola Cabs-olamoney@ola-533027324586-DR VIA UPI,676713820366,320.15,,381933.53
19/07/25,UPI-Suresh Kulkarni-sureshkulk95@apl-426808750543-DR VIA UPI,586765933085,"8,050.34",,373883.19
20/07/25,UPI-Dinesh Chopra-7606705315@aubank-031049413073-DR VIA UPI,136005287483,"11,550.47",,362332.72
21/07/25,UPI-Uber India-uber@paytm-999513841461-DR VIA UPI,278527287240,690.71,,361642.01
21/07/25,UPI-Krishna Shukla-0748277298@okicici-125385991100-DR VIA UPI,105835577389,"10,800.02",,350841.99
21/07/25,UPI-Myntra-myntra@ybl-925174741677-DR VIA UPI,504651338457,"2,400.18",,348441.81
21/07/25,UPI-Amit Dubey-amitdube16@ptsbi-193435608814-CR VIA UPI,675184231142,,650.50,349092.31
22/07/25,UPI-Jio Recharge-jio@paytm-626879706884-DR VIA UPI,221099910979,"2,010.19",,347082.12
23/07/25,UPI-MSEDCL-msedclpayment@upi-592911110186-DR VIA UPI,344502398916,"3,850.58",,343231.54
23/07/25,POS HP PETROL PUMP PUNE,401976764783,"2,600.54",,340631.00
23/07/25,UPI-Uber India-uber@paytm-640404545022-DR VIA UPI,174259657024,"1,900.68",,338730.32
23/07/25,UPI-Preeti Menon-preeti294@kotak-340402179227-CR VIA UPI,923722786535,,"3,500.93",342231.25
23/07/25,UPI-Blinkit-blinkit@kotak-125326859512-DR VIA UPI,629021774312,"2,580.04",,339651.21
23/07/25,UPI-Uber India-uber@paytm-551221224829-DR VIA UPI,584142526089,130.38,,339520.83
24/07/25,UPI-Krishna Mishra-krishna.mishra@ibl-110550470304-DR VIA UPI,663495730981,"11,750.07",,327770.76
24/07/25,UPI-Jio Recharge-jio@paytm-691801744180-DR VIA UPI,229424848877,720.18,,327050.58
25/07/25,POS MAX FASHION PUNE,142214619595,"7,550.30",,319500.28
25/07/25,ATW-XXXXXX9807-YPV56409-PUNE 541521948411,564066447836,"2,000.00",,317500.28
26/07/25,MOBILE BANKING CHARGES,265047007529,440.00,,317060.28
26/07/25,GST ON CHARGES,654507414043,79.20,,316981.08
29/07/25,POS VISHAL MEGA MART PUNE,163651198917,650.53,,316330.55
31/07/25,UPI-Uber India-uber@paytm-807649196669-DR VIA UPI,706401750714,"2,770.61",,313559.94
31/07/25,POS V MART PUNE,100277462693,"1,250.77",,312309.17
31/07/25,UPI-Rohit Pillai-rohit746@okaxis-444174611998-DR VIA UPI,537157299738,"19,900.37",,292408.80
01/08/25,UPI-Babita Banerjee-7611464415@okhdfcbank-172608088796-DR VIA UPI,356829951425,"18,300.47",,274108.33
01/08/25,POS D MART PUNE,028262620235,"3,150.15",,270958.18
01/08/25,UPI-Kiran Yadav-kiranyada95@upi-092078102419-CR VIA UPI,417511207246,,"7,100.95",278059.13
01/08/25,UPI-Ashish Patil-ashish230@ibl-689112866002-DR VIA UPI,512697077118,"21,650.53",,256408.60
01/08/25,POS HP PETROL PUMP PUNE,501641646361,"4,350.16",,252058.44
03/08/25,UPI-Meesho-meesho@ybl-143091185906-DR VIA UPI,523813724376,"2,200.45",,249857.99
03/08/25,UPI-Shivam Shah-shivamshah88@apl-288654144238-DR VIA UPI,318982404994,"17,300.60",,232557.39
04/08/25,POS STAR BAZAAR PUNE,375993748766,"2,550.59",,230006.80
05/08/25,UPI-Rapido-rapido@icici-674430859332-DR VIA UPI,746710890011,260.23,,229746.57
05/08/25,UPI-Poonam Tiwari-poonamtiwa67@okhdfcbank-774303170356-CR VIA UPI,603611928358,,"3,950.16",233696.73
06/08/25,UPI-Ola Cabs-olamoney@ola-690608166811-DR VIA UPI,525643857353,"2,420.50",,231276.23
06/08/25,UPI-Ola Cabs-olamoney@ola-104724038790-DR VIA UPI,994387347841,110.47,,231165.76
07/08/25,SALARY-S7780464413824/NEFT/Tata Consultancy Service,855956073408,,"135,693.90",366859.66
08/08/25,UPI-Aditya Birla Sun Life-licindia@licindia-128995932700-DR VIA UPI,733361517610,"5,500.00",,361359.66
08/08/25,UPI-Pankaj Sethi-pankaj.sethi@aubank-508218868046-DR VIA UPI,260193032108,"15,650.74",,345708.92
08/08/25,ECS-NACH-RNT5385448-RENT MANDATE,720135088150,"6,500.00",,339208.92
08/08/25,ATW-XXXXXX6562-WVD93060-PUNE 228487518205,569594280086,"4,500.00",,334708.92
08/08/25,UPI-Anita Sen-anitasen87@axl-215960907846-CR VIA UPI,565964866597,,"9,450.54",344159.46
08/08/25,UPI-Kapil Sethi-kapilseth42@axl-922515352788-CR VIA UPI,277198136782,,"16,500.41",360659.87
09/08/25,POS PANTALOONS PUNE,774653575506,"6,850.87",,353809.00
09/08/25,UPI-Uber India-uber@paytm-136861275452-DR VIA UPI,986481963914,"1,660.64",,352148.36
09/08/25,ATW-XXXXXX0444-SBD31539-PUNE 044980201786,630121622581,"2,000.00",,350148.36
09/08/25,UPI-Uber India-uber@paytm-930557740632-DR VIA UPI,129218103854,800.23,,349348.13
09/08/25,IMPS-I82260658072-GOPAL SRIVASTAVA-SBIN-XXXXXXX1132-IMPSTXN,I82260658072,,"284,358.16",633706.29
10/08/25,ECS-NACH-LN742807355061-Muthoot Finance,078263355489,"18,500.00",,615206.29
10/08/25,RTGS-R76603974582-MANOJ JOSHI/UCBA0230918,R76603974582,"276,578.67",,338627.62
10/08/25,UPI-Swiggy-swiggy@icici-986203447076-DR VIA UPI,645464494387,600.22,,338027.40
11/08/25,POS SHOPPERS STOP PUNE,760729680886,"4,500.94",,333526.46
11/08/25,UPI-MSEDCL-msedclpayment@upi-449817557425-DR VIA UPI,814542874327,"1,500.10",,332026.36
12/08/25,ECS-NACH-SIP2382126-Axis Mutual Fund,158751268263,"13,000.00",,319026.36
12/08/25,POS LIFESTYLE STORES PUNE,728280391269,"2,150.57",,316875.79
12/08/25,UPI-Vishal Menon-1439331470@aubank-419536291208-CR VIA UPI,336383202275,,"11,600.40",328476.19
13/08/25,UPI-Ola Cabs-olamoney@ola-157241612998-DR VIA UPI,845994725096,"1,170.90",,327305.29
14/08/25,UPI-Mahesh Naik-maheshnaik20@kotak-560022987815-DR VIA UPI,917197336028,"12,650.43",,314654.86
16/08/25,UPI-Ola Cabs-olamoney@ola-148747991226-DR VIA UPI,454943432975,530.26,,314124.60
16/08/25,ATW-XXXXXX0022-FZS22425-PUNE 284292163688,194035200785,"7,000.00",,307124.60
17/08/25,UPI-PhonePe Merchant-phonepe@ybl-385042159340-DR VIA UPI,168498914408,"1,310.30",,305814.30
17/08/25,UPI-Kamal Chopra-kamal.chopra@pthdfc-985059716178-DR VIA UPI,737017295219,"2,250.05",,303564.25
17/08/25,UPI-ACT Fibernet-broadband@paytm-876937255810-DR VIA UPI,714310277649,699.00,,302865.25
18/08/25,UPI-Himanshu Mishra-himanshu.mishra@ibl-167822364825-CR VIA UPI,270385865637,,"18,700.58",321565.83
19/08/25,UPI-Zomato-zomato@axisbank-853014722495-DR VIA UPI,124240576635,"1,250.91",,320314.92
19/08/25,UPI-Rahul Kapoor-6162356517@okhdfcbank-908271609696-DR VIA UPI,016132996679,"2,550.25",,317764.67
20/08/25,UPI-BigBasket-bigbasket@ybl-359244994120-DR VIA UPI,946675019471,"1,760.61",,316004.06
20/08/25,UPI-Rekha Naik-rekha697@aubank-173919028547-CR VIA UPI,597807648859,,"4,950.46",320954.52
20/08/25,ATW-XXXXXX6814-PSC48045-PUNE 112493336612,069033561417,"10,000.00",,310954.52
20/08/25,UPI-Isha Dutta-0175004348@paytm-571888984898-DR VIA UPI,941742593474,200.49,,310754.03
20/08/25,UPI-Nikhil Kapoor-nikhilkapo53@ybl-879844243364-DR VIA UPI,434848669080,"21,300.21",,289453.82
21/08/25,UPI-Himanshu Menon-8627662179@okicici-288268571175-DR VIA UPI,113969214380,"18,200.11",,271253.71
21/08/25,UPI-Airtel Payments-airtel@axis-034110829069-DR VIA UPI,778670816960,809.00,,270444.71
23/08/25,UPI-Airtel Payments-airtel@axis-457243122350-DR VIA UPI,653813407714,309.00,,270135.71
23/08/25,POS HP PETROL PUMP PUNE,876588392587,"2,050.93",,268084.78
23/08/25,UPI-Nykaa-nykaa@razorpay-227888480326-DR VIA UPI,268770975175,699.00,,267385.78
25/08/25,UPI-Indane Gas-indanegas@upi-053926979407-DR VIA UPI,697296371950,"2,650.81",,264734.97
26/08/25,UPI-Jio Recharge-jio@paytm-046380206083-DR VIA UPI,173329941696,710.95,,264024.02
27/08/25,UPI-Arjun Tiwari-arjuntiwa83@axl-920217246181-CR VIA UPI,982495885384,,"5,350.46",269374.48
28/08/25,UPI-Airtel Payments-airtel@axis-970440716029-DR VIA UPI,486973072581,429.00,,268945.48
28/08/25,ATW-XXXXXX7486-ATX50783-PUNE 781326208766,094860318708,"4,000.00",,264945.48
28/08/25,UPI-Lata Mukherjee-lata.mukherjee@ptaxis-798717179831-DR VIA UPI,918671689289,"20,250.00",,244695.48
28/08/25,POS INDIAN OIL PUNE,491404187026,"2,500.51",,242194.97
28/08/25,UPI-Netmeds-netmeds@paytm-271113443589-DR VIA UPI,864083679696,660.58,,241534.39
30/08/25,UPI-Saurabh Pillai-saurabh.pillai@okhdfcbank-954022783149-DR VIA UPI,432826080611,"9,350.76",,232183.63
31/08/25,UPI-Priya Patil-priya.patil@ptsbi-997562229775-CR VIA UPI,357555569732,,"10,600.72",242784.35
31/08/25,ATW-XXXXXX7890-FFN03980-PUNE 588785271348,424352152499,"9,500.00",,233284.35
31/08/25,UPI-Pankaj Iyer-pankaj392@okicici-910842639424-CR VIA UPI,473120706895,,"18,700.90",251985.25
01/09/25,UPI-Zepto-zepto@apl-163030763049-DR VIA UPI,100816863545,"1,830.97",,250154.28
02/09/25,POS LIFESTYLE STORES PUNE,601451057383,"8,000.62",,242153.66
02/09/25,UPI-Sarita Ahuja-sarita.ahuja@ptsbi-069466327448-DR VIA UPI,545475325970,"5,450.69",,236702.97
03/09/25,UPI-Isha Desai-ishadesa24@aubank-839707406000-DR VIA UPI,219347679907,"18,250.43",,218452.54
04/09/25,UPI-Aditya Birla Sun Life-licindia@licindia-262097004295-DR VIA UPI,615643742797,"5,500.00",,212952.54
04/09/25,ATW-XXXXXX9651-VJM94636-PUNE 366300634961,568468579001,"2,000.00",,210952.54
04/09/25,UPI-Dunzo-dunzo@razorpay-672492559696-DR VIA UPI,802326911151,"2,130.46",,208822.08
05/09/25,UPI-Sapna Roy-sapnaroy84@kotak-609278635574-DR VIA UPI,944789515551,"8,200.00",,200622.08
05/09/25,UPI-Uber India-uber@paytm-271027101981-DR VIA UPI,347635515233,530.83,,200091.25
07/09/25,SALARY-S2671112241499/NEFT/Tata Consultancy Service,576620448460,,"139,913.90",340005.15
08/09/25,UPI-Vishal Mehta-vishal123@upi-111720318220-CR VIA UPI,624965731822,,"17,750.70",357755.85
08/09/25,UPI-Jio Recharge-jio@paytm-645248402563-DR VIA UPI,468170006318,"2,000.00",,355755.85
08/09/25,UPI-Anil Mehta-anil455@aubank-719641139888-DR VIA UPI,266538039718,"15,250.26",,340505.59
08/09/25,UPI-Swiggy-swiggy@icici-065010643261-DR VIA UPI,429485030966,990.19,,339515.40
09/09/25,UPI-Kiran Shah-kiran657@kotak-911906169130-DR VIA UPI,606330348978,"13,950.70",,325564.70
09/09/25,UPI-Amazon Pay-amazon@apl-414454534609-DR VIA UPI,093883983458,"1,090.27",,324474.43
09/09/25,ECS-NACH-RNT0828657-RENT MANDATE,637275800345,"6,500.00",,317974.43
09/09/25,UPI-Ola Cabs-olamoney@ola-511492393140-DR VIA UPI,344095805197,440.83,,317533.60
10/09/25,UPI-Sapna Verma-sapnaverm59@axl-775999298638-CR VIA UPI,832667424420,,"1,550.50",319084.10
10/09/25,UPI-MSEDCL-msedclpayment@upi-176473185459-DR VIA UPI,759481501554,"1,900.10",,317184.00
11/09/25,ECS-NACH-SIP4625784-Axis Mutual Fund,743239760776,"13,000.00",,304184.00
11/09/25,UPI-Ola Cabs-olamoney@ola-434388053661-DR VIA UPI,372051572971,750.37,,303433.63
11/09/25,UPI-Airtel Payments-airtel@axis-697746260918-DR VIA UPI,831513738306,989.00,,302444.63
12/09/25,UPI-Isha Ghosh-1979528660@ptyes-684672639989-CR VIA UPI,059669713749,,"9,500.72",311945.35
13/09/25,UPI-Airtel Payments-airtel@axis-462398976588-DR VIA UPI,765597537324,909.00,,311036.35
13/09/25,UPI-Blinkit-blinkit@kotak-272408430667-DR VIA UPI,036004685189,"2,680.79",,308355.56
13/09/25,UPI-Vivek Rao-vivek921@axl-170699925597-CR VIA UPI,489944650427,,"17,000.80",325356.36
14/09/25,UPI-Rekha Mukherjee-rekhamukh45@axl-754895394688-DR VIA UPI,387511710945,"1,550.32",,323806.04
15/09/25,ECS-NACH-LN742807355061-Muthoot Finance,388028483028,"18,500.00",,305306.04
16/09/25,UPI-Zomato-zomato@axisbank-413007372551-DR VIA UPI,034839119653,"1,250.97",,304055.07
16/09/25,UPI-Girish Jain-5485930579@apl-791029656587-DR VIA UPI,810893264720,"6,150.66",,297904.41
17/09/25,POS BHARAT PETROLEUM PUNE,952745037542,"1,600.58",,296303.83
17/09/25,POS RELIANCE PETROLEUM PUNE,088405132212,800.12,,295503.71
17/09/25,UPI-Uber India-uber@paytm-678544134435-DR VIA UPI,076729770362,400.96,,295102.75
19/09/25,UPI-Ritu Mukherjee-ritu526@kotak-555809633273-DR VIA UPI,343939749559,"7,950.07",,287152.68
19/09/25,POS D MART PUNE,112969151813,"1,400.60",,285752.08
20/09/25,UPI-Dinesh Agarwal-dineshagar34@okaxis-956823777190-CR VIA UPI,917543433533,,"1,550.24",287302.32
20/09/25,UPI-Apollo Pharmacy-apollopharmacy@ybl-294823698482-DR VIA UPI,560773618055,499.00,,286803.32
20/09/25,UPI-Airtel Payments-airtel@axis-968333987550-DR VIA UPI,624436297553,439.00,,286364.32
20/09/25,UPI-Rapido-rapido@icici-605187555183-DR VIA UPI,371365264043,440.95,,285923.37
21/09/25,UPI-Mahesh Sethi-mahesh.sethi@aubank-173916540598-DR VIA UPI,662137953567,"12,050.81",,273872.56
22/09/25,UPI-Sangita Khanna-sangita885@oksbi-003375793378-DR VIA UPI,579053650427,"2,000.30",,271872.26
22/09/25,UPI-Deepa Mehta-3423369887@ibl-590243187070-DR VIA UPI,008776514853,"17,550.11",,254322.15
22/09/25,UPI-Ramesh Sharma-ramesh.sharma@upi-816659044527-DR VIA UPI,440082972678,"18,150.48",,236171.67
22/09/25,UPI-Rajan Agarwal-rajan799@ptaxis-633399635228-CR VIA UPI,893807835348,,"15,600.22",251771.89
22/09/25,UPI-Airtel Payments-airtel@axis-165156687851-DR VIA UPI,271647252379,469.00,,251302.89
23/09/25,UPI-Shivam Ahuja-0476750052@pthdfc-800338800600-CR VIA UPI,629668523517,,"14,700.43",266003.32
24/09/25,UPI-ACT Fibernet-broadband@paytm-692524809199-DR VIA UPI,972030712793,549.00,,265454.32
24/09/25,UPI-Dunzo-dunzo@razorpay-402710090894-DR VIA UPI,557055772223,"1,100.67",,264353.65
24/09/25,UPI-Meesho-meesho@ybl-438851711769-DR VIA UPI,157847835386,"5,750.64",,258603.01
24/09/25,ATW-XXXXXX5605-VUZ04845-PUNE 437919605968,269358826851,"7,500.00",,251103.01
25/09/25,UPI-Uber India-uber@paytm-220811789055-DR VIA UPI,817942263438,950.66,,250152.35
26/09/25,UPI-Indane Gas-indanegas@upi-662143187776-DR VIA UPI,956589662730,"1,350.37",,248801.98
26/09/25,UPI-Airtel Payments-airtel@axis-189913144262-DR VIA UPI,756957547288,389.00,,248412.98
27/09/25,POS METRO CASH CARRY PUNE,187391234745,"6,550.17",,241862.81
27/09/25,UPI-Flipkart-flipkart@ybl-793096409845-DR VIA UPI,730086084542,"1,450.20",,240412.61
27/09/25,INTEREST CREDIT,173511632856,,920.43,241333.04
28/09/25,UPI-Prashant Khanna-prashantkhan27@okhdfcbank-131551954183-DR VIA UPI,826667103332,"21,950.06",,219382.98
28/09/25,UPI-Radha Reddy-4938996115@okicici-885249398335-CR VIA UPI,802742761221,,"21,600.39",240983.37
29/09/25,UPI-Zomato-zomato@axisbank-617045340434-DR VIA UPI,129554616317,320.83,,240662.54
30/09/25,UPI-Uber India-uber@paytm-850172191225-DR VIA UPI,520821423752,"1,980.47",,238682.07
01/10/25,GST ON CHARGES,699995334348,46.80,,238635.27
01/10/25,UPI-Dunzo-dunzo@razorpay-749266916543-DR VIA UPI,053608994240,290.33,,238344.94
01/10/25,UPI-Paytm Mall-paytm@paytm-201955649148-DR VIA UPI,099153854125,"1,090.69",,237254.25
01/10/25,MOBILE BANKING CHARGES,768001997195,260.00,,236994.25
01/10/25,UPI-Manish Mishra-0721626980@ibl-678667587738-CR VIA UPI,665524223738,,800.79,237795.04
03/10/25,ATW-XXXXXX9103-TPR15118-PUNE 576667277968,955364818054,"2,000.00",,235795.04
03/10/25,UPI-Uber India-uber@paytm-517451397231-DR VIA UPI,621810604180,470.04,,235325.00
03/10/25,UPI-Airtel Payments-airtel@axis-000437252014-DR VIA UPI,273117393436,989.00,,234336.00
03/10/25,ATW-XXXXXX7221-MTR18749-PUNE 272482291414,128500983338,"8,500.00",,225836.00
03/10/25,UPI-Jio Recharge-jio@paytm-069500652347-DR VIA UPI,787238377404,"2,730.24",,223105.76
03/10/25,UPI-Ajay Chopra-ajaychop95@ibl-598883247467-DR VIA UPI,279117299665,"6,450.42",,216655.34
04/10/25,POS SHELL FUEL STATION PUNE,673389739185,"1,700.22",,214955.12
04/10/25,POS MAX FASHION PUNE,767084509849,"3,450.80",,211504.32
05/10/25,SALARY-S9145716503966/NEFT/Tata Consultancy Service,250950890204,,"136,975.90",348480.22
06/10/25,UPI-Airtel Payments-airtel@axis-243190495346-DR VIA UPI,938079812003,869.00,,347611.22
06/10/25,UPI-BigBasket-bigbasket@ybl-420940224805-DR VIA UPI,827303312586,"1,180.47",,346430.75
06/10/25,ATW-XXXXXX4262-SIF34128-PUNE 606807376905,953361586958,"2,500.00",,343930.75
06/10/25,UPI-Myntra-myntra@ybl-717747014287-DR VIA UPI,995896829138,399.00,,343531.75
07/10/25,POS SHELL FUEL STATION PUNE,521496346023,"1,450.72",,342081.03
08/10/25,UPI-Meesho-meesho@ybl-976314168065-DR VIA UPI,072486666656,"2,550.59",,339530.44
08/10/25,UPI-Aditya Birla Sun Life-licindia@licindia-267371821657-DR VIA UPI,204372492222,"5,500.00",,334030.44
08/10/25,IMPS-472860648482-Anil Thapar-UTIB-XXXXXXX8475-IMPSTXN,518277543122,"14,800.77",,319229.67
08/10/25,ECS-NACH-RNT4389883-RENT MANDATE,108559873740,"6,500.00",,312729.67
08/10/25,UPI-ACT Fibernet-broadband@paytm-029945146238-DR VIA UPI,412544283210,549.00,,312180.67
09/10/25,UPI-Rapido-rapido@icici-051793405113-DR VIA UPI,605528784022,90.33,,312090.34
09/10/25,UPI-BigBasket-bigbasket@ybl-718412378502-DR VIA UPI,361802653354,"2,660.70",,309429.64
10/10/25,UPI-Mohan Bajaj-mohanbaja18@aubank-555305457313-CR VIA UPI,207892136197,,"8,500.81",317930.45
11/10/25,UPI-Flipkart-flipkart@ybl-081296444092-DR VIA UPI,379960268521,"4,050.93",,313879.52
11/10/25,UPI-Seema Menon-seema156@apl-119815946368-CR VIA UPI,245831891884,,"18,150.45",332029.97
11/10/25,UPI-MedPlus Health-medplus@icici-088297010915-DR VIA UPI,659587527006,630.83,,331399.14
11/10/25,POS CENTRAL MALL PUNE,767719898103,300.44,,331098.70
12/10/25,POS PANTALOONS PUNE,534152418150,"4,250.23",,326848.47
12/10/25,UPI-BSNL Broadband-bsnlbroadband@upi-129334964708-DR VIA UPI,917573531585,"1,660.58",,325187.89
12/10/25,ATW-XXXXXX3644-JJK88278-PUNE 043546062104,046247622315,"8,500.00",,316687.89
13/10/25,UPI-MSEDCL-msedclpayment@upi-234474601275-DR VIA UPI,415653024221,"3,900.56",,312787.33
13/10/25,UPI-Ola Cabs-olamoney@ola-929312578461-DR VIA UPI,426566766177,"2,730.35",,310056.98
13/10/25,UPI-Sushma Pandey-sushma.pandey@aubank-222428113351-DR VIA UPI,151082409551,"6,050.73",,304006.25
13/10/25,ECS-NACH-LN742807355061-Muthoot Finance,441468223073,"18,500.00",,285506.25
13/10/25,UPI-Manoj Thapar-manoj857@ybl-440736504566-DR VIA UPI,413508004219,"3,750.11",,281756.14
14/10/25,UPI-Ola Cabs-olamoney@ola-355678784814-DR VIA UPI,158521430083,"1,020.80",,280735.34
14/10/25,UPI-Maya Chaudhary-maya.chaudhary@okhdfcbank-181197674312-CR VIA UPI,177068491801,,"14,250.69",294986.03
15/10/25,UPI-Swiggy-swiggy@icici-471350590957-DR VIA UPI,375626316877,"2,120.36",,292865.67
15/10/25,UPI-Indane Gas-indanegas@upi-060224631959-DR VIA UPI,739748746281,"1,000.04",,291865.63
15/10/25,UPI-Zomato-zomato@axisbank-157505027584-DR VIA UPI,816764785565,"2,170.47",,289695.16
15/10/25,UPI-Blinkit-blinkit@kotak-204770534339-DR VIA UPI,583791452574,"1,740.58",,287954.58
16/10/25,UPI-PhonePe Merchant-phonepe@ybl-367734495950-DR VIA UPI,920050996952,"2,020.20",,285934.38
17/10/25,UPI-Ola Cabs-olamoney@ola-241810779968-DR VIA UPI,508328916799,130.24,,285804.14
17/10/25,UPI-Airtel Payments-airtel@axis-097373584789-DR VIA UPI,505039322927,509.00,,285295.14
18/10/25,NEFT*N3209740211639/HDFC Life Insurance/CR,656114180494,,"32,500.74",317795.88
18/10/25,ECS-NACH-SIP7272323-Axis Mutual Fund,558693676970,"13,000.00",,304795.88
18/10/25,UPI-Shreya Ghosh-shreya.ghosh@oksbi-659495069546-CR VIA UPI,651157928188,,150.96,304946.84
19/10/25,UPI-Ashish Malhotra-2867624034@ptyes-368331171567-DR VIA UPI,440434749655,"18,800.24",,286146.60
22/10/25,UPI-Mina Nambiar-mina198@ptsbi-491934241646-CR VIA UPI,656518334941,,"17,700.32",303846.92
25/10/25,UPI-Flipkart-flipkart@ybl-055315711208-DR VIA UPI,415995977199,"1,350.00",,302496.92
26/10/25,UPI-Archana Gupta-archana.gupta@okicici-601825505358-DR VIA UPI,317404195248,"10,250.04",,292246.88
27/10/25,MOBILE BANKING CHARGES,958933416206,230.00,,292016.88
27/10/25,GST ON CHARGES,942263009849,41.40,,291975.48
28/10/25,UPI-Ajay Ghosh-ajayghos55@paytm-427907840073-CR VIA UPI,420086007553,,750.03,292725.51
28/10/25,UPI-Naveen Shah-naveen889@ibl-404598110430-DR VIA UPI,247520257229,"14,600.01",,278125.50
28/10/25,ATW-XXXXXX1033-SOW79816-PUNE 346512049246,840102133310,"1,500.00",,276625.50
29/10/25,UPI-Yogesh Tiwari-yogeshtiwa43@pthdfc-332184170925-DR VIA UPI,059464547431,"18,150.88",,258474.62
29/10/25,UPI-Amazon Pay-amazon@apl-394282130416-DR VIA UPI,602804159173,"1,760.83",,256713.79
30/10/25,UPI-Swiggy-swiggy@icici-366192942100-DR VIA UPI,826837383057,"1,750.92",,254962.87
30/10/25,ATW-XXXXXX4143-TNL86350-PUNE 887078185306,086626627837,"3,000.00",,251962.87
01/11/25,UPI-BSNL Broadband-bsnlbroadband@upi-150541111287-DR VIA UPI,280394666267,"2,160.69",,249802.18
01/11/25,UPI-Myntra-myntra@ybl-580464463956-DR VIA UPI,874750059190,"1,600.09",,248202.09
02/11/25,UPI-Blinkit-blinkit@kotak-655856868946-DR VIA UPI,367610616585,"1,750.76",,246451.33
02/11/25,POS RELIANCE MART PUNE,078101151858,"4,900.58",,241550.75
02/11/25,UPI-Myntra-myntra@ybl-926107583469-DR VIA UPI,269155107854,399.00,,241151.75
02/11/25,UPI-Zomato-zomato@axisbank-514036696128-DR VIA UPI,750795949317,"1,520.13",,239631.62
03/11/25,UPI-Airtel Payments-airtel@axis-357520359760-DR VIA UPI,147444288088,509.00,,239122.62
03/11/25,UPI-Rani Pandey-ranipand25@axl-672812111205-DR VIA UPI,495331039118,"9,350.61",,229772.01
04/11/25,UPI-Varsha Reddy-varsha796@ptsbi-142646655426-DR VIA UPI,971491045677,"8,750.98",,221021.03
04/11/25,UPI-Swati Dubey-swati917@pthdfc-452794491529-DR VIA UPI,080288849474,"15,200.43",,205820.60
04/11/25,UPI-Aditya Birla Sun Life-licindia@licindia-811561190242-DR VIA UPI,808115732870,"5,500.00",,200320.60
05/11/25,ATW-XXXXXX2588-DZT83965-PUNE 971389767803,750812264694,"2,500.00",,197820.60
05/11/25,UPI-Uber India-uber@paytm-933524092270-DR VIA UPI,187957694077,210.39,,197610.21
06/11/25,POS SHELL FUEL STATION PUNE,378249827026,"1,800.31",,195809.90
07/11/25,SALARY-S0328416852896/NEFT/Tata Consultancy Service,982111611360,,"138,886.90",334696.80
08/11/25,UPI-ACT Fibernet-broadband@paytm-205143399040-DR VIA UPI,089497464944,699.00,,333997.80
09/11/25,UPI-Himanshu Patil-himanshu.patil@apl-658097626255-DR VIA UPI,689969951417,"4,250.56",,329747.24
09/11/25,ATW-XXXXXX3513-HPM08616-PUNE 371434628650,863845321124,"3,000.00",,326747.24
09/11/25,UPI-Priya Naik-priyanaik83@upi-194247926958-DR VIA UPI,306471388036,"2,050.41",,324696.83
10/11/25,ECS-NACH-RNT0482919-RENT MANDATE,506470010519,"6,500.00",,318196.83
12/11/25,UPI-PhonePe Merchant-phonepe@ybl-312930808749-DR VIA UPI,693581647166,330.07,,317866.76
12/11/25,ECS-NACH-LN742807355061-Muthoot Finance,695197441796,"18,500.00",,299366.76
12/11/25,UPI-Rakesh Sen-rakesh.sen@okaxis-548034734620-DR VIA UPI,218182254461,"10,050.62",,289316.14
13/11/25,UPI-Nisha Nair-nisha118@ptaxis-289681330510-CR VIA UPI,618776851538,,"9,800.87",299117.01
14/11/25,UPI-PhonePe Merchant-phonepe@ybl-047444974952-DR VIA UPI,172629807169,760.60,,298356.41
14/11/25,UPI-Rajan Menon-3495715914@ibl-428598271005-CR VIA UPI,205861035779,,"9,900.39",308256.80
14/11/25,UPI-Rapido-rapido@icici-640453207942-DR VIA UPI,103411987510,860.07,,307396.73
14/11/25,UPI-Rahul Pillai-rahul.pillai@okhdfcbank-803436764850-CR VIA UPI,655025958583,,"11,150.44",318547.17
15/11/25,POS BRAND FACTORY PUNE,142141520127,"7,700.19",,310846.98
16/11/25,ECS-NACH-SIP1653401-Axis Mutual Fund,762072588168,"13,000.00",,297846.98
17/11/25,POS INDIAN OIL PUNE,870049824198,"2,400.49",,295446.49
17/11/25,UPI-Anjali Kulkarni-anjalikulk68@ptyes-502595086772-DR VIA UPI,023014213267,800.05,,294646.44
18/11/25,UPI-Yogesh Sharma-yogesh.sharma@oksbi-551076522616-CR VIA UPI,775482216148,,"7,900.87",302547.31
19/11/25,UPI-Radha Sen-radha.sen@okicici-039255786703-DR VIA UPI,429254631859,"2,000.50",,300546.81
20/11/25,UPI-Airtel Payments-airtel@axis-221978817793-DR VIA UPI,225356309707,409.00,,300137.81
20/11/25,UPI-Nisha Pillai-nisha.pillai@pthdfc-449540499480-DR VIA UPI,029839840117,"2,250.51",,297887.30
20/11/25,UPI-Indane Gas-indanegas@upi-347282755149-DR VIA UPI,381631465527,"1,600.24",,296287.06
20/11/25,UPI-Geeta Banerjee-geetabane68@upi-264881486960-DR VIA UPI,410878101962,"2,900.34",,293386.72
20/11/25,UPI-Amazon Pay-amazon@apl-366253958193-DR VIA UPI,884184487230,"1,310.46",,292076.26
20/11/25,ATW-XXXXXX2183-CSQ31232-PUNE 779570685060,333482089293,"6,000.00",,286076.26
21/11/25,UPI-Rapido-rapido@icici-202295601002-DR VIA UPI,938190451436,810.78,,285265.48
21/11/25,POS MORE SUPER MARKET PUNE,121796001187,800.20,,284465.28
22/11/25,UPI-MSEDCL-msedclpayment@upi-379169407743-DR VIA UPI,449299346597,"3,450.87",,281014.41
22/11/25,UPI-Divya Thapar-divya151@paytm-810733133609-DR VIA UPI,115871119628,"18,150.18",,262864.23
23/11/25,UPI-Flipkart-flipkart@ybl-330513631111-DR VIA UPI,225436055140,"1,850.18",,261014.05
23/11/25,UPI-Zomato-zomato@axisbank-204407402720-DR VIA UPI,239986261164,"1,410.09",,259603.96
23/11/25,ATW-XXXXXX6586-SNI09918-PUNE 690200544761,448759565151,"1,500.00",,258103.96
24/11/25,POS SHOPPERS STOP PUNE,707781567421,650.93,,257453.03
28/11/25,UPI-Ola Cabs-olamoney@ola-251526777705-DR VIA UPI,890694023413,"1,640.37",,255812.66
29/11/25,UPI-Uber India-uber@paytm-653447026384-DR VIA UPI,472848229366,740.95,,255071.71
30/11/25,UPI-Uber India-uber@paytm-016611444959-DR VIA UPI,190922316491,"1,760.80",,253310.91
30/11/25,POS RELIANCE MART PUNE,013227491897,"7,200.96",,246109.95
30/11/25,UPI-Ankit Chaudhary-7002159932@oksbi-077071655932-CR VIA UPI,929233810792,,"5,250.03",251359.98
30/11/25,UPI-Flipkart-flipkart@ybl-009373968281-DR VIA UPI,206790626577,530.45,,250829.53
01/12/25,ATW-XXXXXX5566-RCJ01999-PUNE 226577976482,558728965316,"5,000.00",,245829.53
01/12/25,UPI-Uber India-uber@paytm-074858674321-DR VIA UPI,362728230390,880.20,,244949.33
01/12/25,POS SHELL FUEL STATION PUNE,327429796186,"2,350.09",,242599.24
02/12/25,POS MORE SUPER MARKET PUNE,613599020345,550.74,,242048.50
02/12/25,UPI-PhonePe Merchant-phonepe@ybl-205509977736-DR VIA UPI,328297137651,"1,970.97",,240077.53
03/12/25,UPI-Flipkart-flipkart@ybl-180216104792-DR VIA UPI,903720879905,"5,350.73",,234726.80
04/12/25,UPI-Aditya Birla Sun Life-licindia@licindia-404648827524-DR VIA UPI,606328295124,"5,500.00",,229226.80
04/12/25,UPI-Flipkart-flipkart@ybl-725027557078-DR VIA UPI,631066090620,"2,390.67",,226836.13
05/12/25,UPI-Uber India-uber@paytm-164015761437-DR VIA UPI,785403972704,"2,660.93",,224175.20
05/12/25,UPI-Manish Bajaj-manish216@ybl-805038002226-CR VIA UPI,576720004027,,"18,150.10",242325.30
06/12/25,SALARY-S1850917800070/NEFT/Tata Consultancy Service,409332776702,,"135,806.90",378132.20
06/12/25,POS RELIANCE PETROLEUM PUNE,505806182977,"1,800.33",,376331.87
06/12/25,UPI-Flipkart-flipkart@ybl-241149840552-DR VIA UPI,443176225925,610.66,,375721.21
07/12/25,UPI-Rapido-rapido@icici-347496352017-DR VIA UPI,897617060153,470.96,,375250.25
07/12/25,ATW-XXXXXX5388-XDF30039-PUNE 633876576842,086656055981,"3,000.00",,372250.25
08/12/25,UPI-Sumit Verma-sumit250@ybl-171592584386-CR VIA UPI,647470878116,,"21,850.61",394100.86
08/12/25,UPI-Myntra-myntra@ybl-485342076334-DR VIA UPI,920136845344,649.00,,393451.86
10/12/25,UPI-Sushma Menon-sushmameno80@ptaxis-910379075552-DR VIA UPI,617115406706,"3,950.92",,389500.94
10/12/25,UPI-MSEDCL-msedclpayment@upi-873521031045-DR VIA UPI,247149881182,"2,650.94",,386850.00
11/12/25,UPI-Ola Cabs-olamoney@ola-163145640527-DR VIA UPI,545179262032,280.83,,386569.17
11/12/25,ECS-NACH-RNT5862334-RENT MANDATE,261633152510,"6,500.00",,380069.17
11/12/25,UPI-Paytm Mall-paytm@paytm-657607534506-DR VIA UPI,034991195013,"1,280.45",,378788.72
12/12/25,ECS-NACH-LN742807355061-Muthoot Finance,654366730890,"18,500.00",,360288.72
12/12/25,ECS-NACH-SIP2704880-Axis Mutual Fund,384308673569,"13,000.00",,347288.72
12/12/25,UPI-Nykaa-nykaa@razorpay-222512668385-DR VIA UPI,675462215170,"3,600.17",,343688.55
13/12/25,UPI-Pooja Gupta-pooja.gupta@ptaxis-083978313149-DR VIA UPI,705738104836,"2,850.57",,340837.98
13/12/25,POS INDIAN OIL PUNE,779511464501,"1,550.50",,339287.48
14/12/25,UPI-Ramesh Srivastava-ramesh.srivastava@ibl-021126585596-DR VIA UPI,858068381696,"11,650.71",,327636.77
14/12/25,POS INDIAN OIL PUNE,681383047416,"3,250.18",,324386.59
15/12/25,UPI-Zepto-zepto@apl-225134855795-DR VIA UPI,440930948204,"2,790.32",,321596.27
15/12/25,UPI-Swiggy-swiggy@icici-454466623243-DR VIA UPI,155569636829,"1,780.11",,319816.16
16/12/25,UPI-Airtel Payments-airtel@axis-901245870155-DR VIA UPI,711092136787,249.00,,319567.16
16/12/25,UPI-Mamta Chaudhary-mamtachau74@okicici-971853258381-DR VIA UPI,251795318059,"17,700.80",,301866.36
16/12/25,UPI-Zepto-zepto@apl-826642808517-DR VIA UPI,792414992494,"1,010.85",,300855.51
16/12/25,UPI-Dunzo-dunzo@razorpay-359066806639-DR VIA UPI,486009985112,370.57,,300484.94
16/12/25,UPI-Flipkart-flipkart@ybl-273588590503-DR VIA UPI,796908528137,940.00,,299544.94
17/12/25,IMPS-559711998202-Kavya Menon-FDRL-XXXXXXX9415-IMPSTXN,558442008749,"8,000.96",,291543.98
17/12/25,UPI-Uber India-uber@paytm-175572954892-DR VIA UPI,411344997888,350.49,,291193.49
17/12/25,UPI-Asha Dutta-ashadutt45@okaxis-543525805636-DR VIA UPI,598529416733,"2,800.21",,288393.28
19/12/25,ATW-XXXXXX3508-NCI06245-PUNE 008907757689,486969221975,"8,500.00",,279893.28
19/12/25,ATW-XXXXXX0802-DAH47375-PUNE 339622683951,032049440119,"4,000.00",,275893.28
19/12/25,POS V MART PUNE,951324426538,"1,100.91",,274792.37
20/12/25,UPI-Indane Gas-indanegas@upi-063708593562-DR VIA UPI,742285982163,"1,950.59",,272841.78
20/12/25,UPI-Airtel Payments-airtel@axis-754362452226-DR VIA UPI,569346241268,239.00,,272602.78
21/12/25,ATW-XXXXXX8932-CTS37572-PUNE 279850746503,964729808100,"3,000.00",,269602.78
21/12/25,UPI-Paytm Mall-paytm@paytm-173740332963-DR VIA UPI,629162368491,"1,150.06",,268452.72
21/12/25,POS RELIANCE MART PUNE,246898917963,850.59,,267602.13
22/12/25,POS MAX FASHION PUNE,687279500414,"3,100.05",,264502.08
23/12/25,UPI-Meena Das-meena187@okaxis-047522636240-DR VIA UPI,911818324907,"20,400.54",,244101.54
24/12/25,POS MORE SUPER MARKET PUNE,457244675608,"1,200.23",,242901.31
24/12/25,UPI-Swiggy-swiggy@icici-501881256212-DR VIA UPI,719666913903,"2,270.06",,240631.25
24/12/25,ATW-XXXXXX7801-EZA95176-PUNE 476504688086,601203692436,"2,000.00",,238631.25
25/12/25,UPI-Kavita Sharma-kavita.sharma@kotak-229620247497-CR VIA UPI,389096066681,,"22,000.01",260631.26
25/12/25,POS V MART PUNE,971593161902,"8,000.01",,252631.25
26/12/25,UPI-Sushma Rao-5652969963@ptyes-533567074267-DR VIA UPI,325899263501,"17,950.68",,234680.57
27/12/25,UPI-Swiggy-swiggy@icici-325008731509-DR VIA UPI,028953729776,520.15,,234160.42
27/12/25,UPI-Ola Cabs-olamoney@ola-622248245977-DR VIA UPI,428840484316,750.46,,233409.96
28/12/25,INTEREST CREDIT,681650711024,,210.43,233620.39
28/12/25,UPI-Dunzo-dunzo@razorpay-247239261195-DR VIA UPI,411028578574,190.41,,233429.98
28/12/25,UPI-Jio Recharge-jio@paytm-378691208919-DR VIA UPI,937127330619,"1,490.64",,231939.34
29/12/25,MOBILE BANKING CHARGES,290483846232,350.00,,231589.34
29/12/25,POS HP PETROL PUMP PUNE,625100185158,"1,350.27",,230239.07
29/12/25,GST ON CHARGES,768538700099,63.00,,230176.07
30/12/25,ATW-XXXXXX3581-JBE59589-PUNE 406389935179,244073609855,"10,000.00",,220176.07
01/01/26,UPI-Flipkart-flipkart@ybl-899160478712-DR VIA UPI,509067659340,390.52,,219785.55
01/01/26,UPI-Zomato-zomato@axisbank-692700285347-DR VIA UPI,575975180989,"2,040.21",,217745.34
03/01/26,UPI-Yogesh Saxena-yogesh.saxena@ptaxis-644643801595-DR VIA UPI,867722709352,650.84,,217094.50
04/01/26,UPI-Mukesh Singh-3224249982@apl-745041237482-DR VIA UPI,497763452057,"18,450.02",,198644.48
04/01/26,POS SHELL FUEL STATION PUNE,089676133832,"2,000.71",,196643.77
04/01/26,UPI-Asha Chaudhary-ashachau93@axl-740275220575-CR VIA UPI,349564845708,,"10,250.96",206894.73
04/01/26,UPI-Airtel Payments-airtel@axis-327994928023-DR VIA UPI,414124039965,439.00,,206455.73
04/01/26,UPI-Aditya Birla Sun Life-licindia@licindia-224722467299-DR VIA UPI,629828133461,"5,500.00",,200955.73
05/01/26,SALARY-S9400514809700/NEFT/Tata Consultancy Service,561788393970,,"139,114.90",340070.63
05/01/26,UPI-Rekha Das-5249165026@axl-793021783072-DR VIA UPI,498870419374,"8,900.46",,331170.17
06/01/26,UPI-Paytm Mall-paytm@paytm-338775232500-DR VIA UPI,344162583992,"2,630.13",,328540.04
06/01/26,UPI-Zepto-zepto@apl-042151032662-DR VIA UPI,903463159218,150.14,,328389.90
07/01/26,UPI-Apollo Pharmacy-apollopharmacy@ybl-542331907819-DR VIA UPI,338574083410,549.00,,327840.90
07/01/26,UPI-Swiggy-swiggy@icici-852681386601-DR VIA UPI,768393106502,300.53,,327540.37
08/01/26,UPI-Airtel Payments-airtel@axis-192312034340-DR VIA UPI,598028741956,509.00,,327031.37
08/01/26,UPI-Lata Roy-lataroy47@ybl-506892240214-DR VIA UPI,115596689299,"13,450.90",,313580.47
08/01/26,UPI-Saurabh Roy-saurabhroy67@oksbi-647955122814-DR VIA UPI,019950878772,"7,500.30",,306080.17
08/01/26,UPI-Myntra-myntra@ybl-189260981073-DR VIA UPI,278245337131,"4,150.87",,301929.30
09/01/26,POS CENTRAL MALL PUNE,336073691277,"5,350.09",,296579.21
09/01/26,UPI-Preeti Gupta-preetigupt54@pthdfc-175545164828-CR VIA UPI,036553970254,,"1,250.97",297830.18
10/01/26,UPI-Airtel Payments-airtel@axis-312062001639-DR VIA UPI,047271614793,289.00,,297541.18
10/01/26,ECS-NACH-RNT3312126-RENT MANDATE,660869246142,"6,500.00",,291041.18
11/01/26,UPI-Nykaa-nykaa@razorpay-745890485829-DR VIA UPI,438399432850,449.00,,290592.18
11/01/26,UPI-Ola Cabs-olamoney@ola-585225511257-DR VIA UPI,505384668354,"1,470.15",,289122.03
11/01/26,UPI-Sapna Bose-sapna.bose@ptyes-194262543665-DR VIA UPI,745445823444,"7,050.16",,282071.87
12/01/26,ECS-NACH-LN742807355061-Muthoot Finance,402682059191,"18,500.00",,263571.87
12/01/26,POS HP PETROL PUMP PUNE,512112278375,"3,700.41",,259871.46
13/01/26,POS PANTALOONS PUNE,259340842757,"2,000.24",,257871.22
13/01/26,UPI-Uber India-uber@paytm-100072771106-DR VIA UPI,101321914869,"2,350.59",,255520.63
14/01/26,UPI-PhonePe Merchant-phonepe@ybl-671604532074-DR VIA UPI,291441900027,"1,590.02",,253930.61
14/01/26,UPI-PhonePe Merchant-phonepe@ybl-697948486373-DR VIA UPI,477213325151,"1,000.01",,252930.60
15/01/26,ATW-XXXXXX5216-DDK66041-PUNE 966937835755,370841267149,"6,000.00",,246930.60
15/01/26,UPI-PhonePe Merchant-phonepe@ybl-258724686245-DR VIA UPI,689595189279,650.49,,246280.11
15/01/26,UPI-Myntra-myntra@ybl-787031724961-DR VIA UPI,994738238109,"4,500.60",,241779.51
16/01/26,ECS-NACH-SIP5181961-Axis Mutual Fund,965348001918,"13,000.00",,228779.51
16/01/26,UPI-Flipkart-flipkart@ybl-194780310719-DR VIA UPI,859155283000,"1,890.52",,226888.99
16/01/26,NEFT*N6258585621041/Arvind Ltd/CR,298010144219,,"51,500.03",278389.02
16/01/26,UPI-Zomato-zomato@axisbank-155215796883-DR VIA UPI,467620178352,"2,390.75",,275998.27
16/01/26,UPI-MSEDCL-msedclpayment@upi-022964560546-DR VIA UPI,639189822477,"2,850.39",,273147.88
17/01/26,UPI-Deepa Gupta-deepa.gupta@ibl-966030284231-CR VIA UPI,175716779322,,"3,700.04",276847.92
17/01/26,POS MORE SUPER MARKET PUNE,902272935728,"7,600.99",,269246.93
17/01/26,UPI-Sushma Pillai-sushma613@upi-406517644360-CR VIA UPI,661588174129,,"12,000.78",281247.71
18/01/26,UPI-Zomato-zomato@axisbank-416230155817-DR VIA UPI,172720072667,"1,240.25",,280007.46
19/01/26,UPI-Yogesh Mishra-4252393557@ptsbi-191786470095-CR VIA UPI,031857203109,,"11,900.20",291907.66
19/01/26,UPI-Indane Gas-indanegas@upi-384161859335-DR VIA UPI,081351020781,"1,650.31",,290257.35
22/01/26,UPI-Sonia Chatterjee-sonia.chatterjee@ibl-006987247925-CR VIA UPI,860997892988,,"13,800.01",304057.36
22/01/26,IMPS-956772251597-Rahul Yadav-BARB-XXXXXXX1051-IMPSTXN,695423591172,"16,300.02",,287757.34
23/01/26,ATW-XXXXXX7037-WFP85098-PUNE 591977379964,384655629397,"5,500.00",,282257.34
23/01/26,UPI-PhonePe Merchant-phonepe@ybl-222543747632-DR VIA UPI,744209755431,530.16,,281727.18
23/01/26,POS RELIANCE PETROLEUM PUNE,637720553740,"4,100.92",,277626.26
23/01/26,UPI-Sneha Banerjee-snehabane92@kotak-005026769335-DR VIA UPI,899187783921,"10,200.08",,267426.18
25/01/26,UPI-PhonePe Merchant-phonepe@ybl-424781712005-DR VIA UPI,104444202889,350.53,,267075.65
25/01/26,UPI-Uber India-uber@paytm-907547034828-DR VIA UPI,149917868598,510.24,,266565.41
25/01/26,UPI-Radha Kumar-radha.kumar@apl-065554251717-CR VIA UPI,864253523912,,"1,250.38",267815.79
25/01/26,UPI-ACT Fibernet-broadband@paytm-594722448211-DR VIA UPI,128958072025,"1,099.00",,266716.79
25/01/26,UPI-Dunzo-dunzo@razorpay-657308264739-DR VIA UPI,010180801789,670.69,,266046.10
25/01/26,UPI-Ola Cabs-olamoney@ola-707066310049-DR VIA UPI,601907522220,"2,720.96",,263325.14
25/01/26,UPI-Apollo Pharmacy-apollopharmacy@ybl-619345513189-DR VIA UPI,281450462251,"2,710.53",,260614.61
26/01/26,UPI-Vishal Chatterjee-vishal.chatterjee@pthdfc-357293068265-CR VIA UPI,684514368420,,"14,300.05",274914.66
27/01/26,UPI-Flipkart-flipkart@ybl-522308544280-DR VIA UPI,484785792787,"1,400.44",,273514.22
27/01/26,UPI-Uber India-uber@paytm-968510633087-DR VIA UPI,283447174734,100.27,,273413.95
28/01/26,POS STAR BAZAAR PUNE,348761397350,"2,300.60",,271113.35
28/01/26,UPI-BigBasket-bigbasket@ybl-592758973469-DR VIA UPI,635693070146,"2,430.15",,268683.20
28/01/26,POS HP PETROL PUMP PUNE,988778390146,"4,250.87",,264432.33
29/01/26,UPI-Ola Cabs-olamoney@ola-837974388926-DR VIA UPI,702883179889,660.27,,263772.06
01/02/26,UPI-PhonePe Merchant-phonepe@ybl-072656989661-DR VIA UPI,681794556162,"2,590.31",,261181.75
01/02/26,UPI-Rapido-rapido@icici-712793246187-DR VIA UPI,454259604580,590.22,,260591.53
01/02/26,UPI-Mohan Das-mohandas77@pthdfc-110098710363-CR VIA UPI,017260447624,,"1,450.16",262041.69
02/02/26,POS HP PETROL PUMP PUNE,130530146740,"2,000.74",,260040.95
03/02/26,POS MAX FASHION PUNE,821417116247,"6,550.64",,253490.31
03/02/26,UPI-Arjun Ahuja-arjunahuj11@apl-040514482887-DR VIA UPI,746488401628,"19,250.71",,234239.60
03/02/26,ATW-XXXXXX4898-DYC31937-PUNE 415153641752,514446227385,"9,000.00",,225239.60
03/02/26,POS MAX FASHION PUNE,221975577254,400.45,,224839.15
04/02/26,UPI-Vandana Chaudhary-vandanachau33@ibl-933276082424-DR VIA UPI,810310114259,"18,500.77",,206338.38
05/02/26,POS MAX FASHION PUNE,289271109782,"4,800.34",,201538.04
06/02/26,UPI-Paytm Mall-paytm@paytm-668530353605-DR VIA UPI,232609647445,"1,160.34",,200377.70
07/02/26,UPI-Myntra-myntra@ybl-709295217730-DR VIA UPI,551783563719,"1,200.57",,199177.13
07/02/26,SALARY-S0007972062752/NEFT/Tata Consultancy Service,069884609319,,"135,815.90",334993.03
08/02/26,ECS-NACH-RNT9014232-RENT MANDATE,845238025711,"6,500.00",,328493.03
08/02/26,UPI-Vikram Ahuja-5428631990@kotak-053688561561-DR VIA UPI,611589982340,"19,400.19",,309092.84
08/02/26,UPI-Ola Cabs-olamoney@ola-826347539377-DR VIA UPI,707995051770,740.92,,308351.92
09/02/26,POS BRAND FACTORY PUNE,704172895651,"8,100.43",,300251.49
10/02/26,UPI-Aditya Birla Sun Life-licindia@licindia-410770590616-DR VIA UPI,511543370347,"5,500.00",,294751.49
10/02/26,UPI-BSNL Broadband-bsnlbroadband@upi-557832188870-DR VIA UPI,216841820924,"1,890.88",,292860.61
10/02/26,UPI-Uber India-uber@paytm-480581525993-DR VIA UPI,700835244843,"1,480.56",,291380.05
11/02/26,ECS-NACH-LN742807355061-Muthoot Finance,725591246615,"18,500.00",,272880.05
12/02/26,UPI-Flipkart-flipkart@ybl-264056757660-DR VIA UPI,114900356900,650.32,,272229.73
13/02/26,POS RELIANCE PETROLEUM PUNE,576545607396,"3,550.37",,268679.36
13/02/26,ECS-NACH-SIP7381158-Axis Mutual Fund,151900027532,"13,000.00",,255679.36
14/02/26,UPI-Ola Cabs-olamoney@ola-576836991811-DR VIA UPI,346768209822,"2,320.74",,253358.62
16/02/26,UPI-Geeta Chaudhary-7288674599@ptsbi-456538048743-DR VIA UPI,011952520617,"20,150.83",,233207.79
16/02/26,POS BRAND FACTORY PUNE,840667417015,"7,000.31",,226207.48
17/02/26,UPI-Indane Gas-indanegas@upi-619489054839-DR VIA UPI,057175187684,"2,200.23",,224007.25
18/02/26,UPI-Paytm Mall-paytm@paytm-763256182495-DR VIA UPI,368720005956,460.46,,223546.79
18/02/26,UPI-Airtel Payments-airtel@axis-213636101394-DR VIA UPI,812138830812,579.00,,222967.79
18/02/26,ATW-XXXXXX0017-LTK77557-PUNE 382976338941,696895584419,"4,000.00",,218967.79
19/02/26,POS PANTALOONS PUNE,027491080857,"4,900.92",,214066.87
19/02/26,UPI-Airtel Payments-airtel@axis-320579149797-DR VIA UPI,533272276098,949.00,,213117.87
21/02/26,UPI-Blinkit-blinkit@kotak-739339028026-DR VIA UPI,485746534866,"1,720.43",,211397.44
21/02/26,UPI-Zomato-zomato@axisbank-773864891045-DR VIA UPI,466595484455,"2,330.12",,209067.32
21/02/26,UPI-Airtel Payments-airtel@axis-126770745219-DR VIA UPI,679678333304,669.00,,208398.32
21/02/26,POS METRO CASH CARRY PUNE,451390498311,"4,100.35",,204297.97
22/02/26,UPI-Vijay Naik-vijaynaik10@kotak-922787876502-CR VIA UPI,296808258776,,"6,300.41",210598.38
22/02/26,UPI-MSEDCL-msedclpayment@upi-654641023071-DR VIA UPI,977202327910,"1,500.17",,209098.21
22/02/26,UPI-Dinesh Thapar-dineshthap25@ptsbi-137375529749-CR VIA UPI,510829707595,,450.57,209548.78
24/02/26,UPI-Flipkart-flipkart@ybl-061437871425-DR VIA UPI,367762306035,"2,750.92",,206797.86
24/02/26,UPI-Airtel Payments-airtel@axis-774866649480-DR VIA UPI,272970650929,409.00,,206388.86
24/02/26,ATW-XXXXXX2327-ZXY94741-PUNE 111765058835,079809055826,"6,000.00",,200388.86
25/02/26,UPI-Ola Cabs-olamoney@ola-276068984404-DR VIA UPI,128228901484,870.41,,199518.45
25/02/26,POS STAR BAZAAR PUNE,876299425724,750.64,,198767.81
25/02/26,ATW-XXXXXX1824-LCA83090-PUNE 123986518158,103715572493,"3,000.00",,195767.81
25/02/26,NEFT*N9146202909084/L&T Infotech Ltd/CR,445869487008,,"6,500.74",202268.55
26/02/26,UPI-Kapil Ahuja-2635006168@ibl-634003524859-DR VIA UPI,513761357807,"17,100.11",,185168.44
26/02/26,UPI-ACT Fibernet-broadband@paytm-957311369110-DR VIA UPI,074897580082,449.00,,184719.44
28/02/26,UPI-Jio Recharge-jio@paytm-131420033095-DR VIA UPI,764344977894,"2,060.73",,182658.71
28/02/26,UPI-Uber India-uber@paytm-712955436214-DR VIA UPI,560207345130,"1,670.01",,180988.70
01/03/26,ATW-XXXXXX0407-DZD36501-PUNE 004333620329,068318025121,"5,500.00",,175488.70
02/03/26,UPI-Swiggy-swiggy@icici-973460906753-DR VIA UPI,321521676428,"2,690.76",,172797.94
02/03/26,UPI-Jio Recharge-jio@paytm-866288661075-DR VIA UPI,414859162738,"1,190.63",,171607.31
02/03/26,POS HP PETROL PUMP PUNE,649094075595,"2,150.26",,169457.05
02/03/26,UPI-Paytm Mall-paytm@paytm-393589016233-DR VIA UPI,699410820048,"2,330.68",,167126.37
02/03/26,ATW-XXXXXX2386-ISB51045-PUNE 781133820701,153316626380,"9,000.00",,158126.37
02/03/26,UPI-Varun Sen-2043916703@ptyes-502547081346-DR VIA UPI,396427629829,"3,900.50",,154225.87
03/03/26,UPI-Shivam Reddy-shivam.reddy@upi-886646040813-DR VIA UPI,681294490124,"3,550.36",,150675.51
03/03/26,UPI-PhonePe Merchant-phonepe@ybl-081542263850-DR VIA UPI,469471444428,870.93,,149804.58
03/03/26,UPI-Siddharth Dubey-siddharth826@ptsbi-119363001998-CR VIA UPI,268163669607,,"13,250.06",163054.64
04/03/26,UPI-Airtel Payments-airtel@axis-823523748347-DR VIA UPI,620997471481,469.00,,162585.64
04/03/26,UPI-Mina Chopra-mina.chopra@aubank-916112127241-DR VIA UPI,804590405874,"17,550.67",,145034.97
05/03/26,UPI-Rapido-rapido@icici-857894987249-DR VIA UPI,565578176390,250.06,,144784.91
05/03/26,POS HP PETROL PUMP PUNE,487619406650,"1,650.30",,143134.61
06/03/26,UPI-Rani Chopra-9255074984@oksbi-659789866815-DR VIA UPI,383390364338,"19,200.34",,123934.27
06/03/26,SALARY-S1777379495071/NEFT/Tata Consultancy Service,960014367157,,"135,574.90",259509.17
07/03/26,UPI-Uber India-uber@paytm-091419391590-DR VIA UPI,083051892412,590.36,,258918.81
08/03/26,UPI-Airtel Payments-airtel@axis-803485110129-DR VIA UPI,578475192252,279.00,,258639.81
08/03/26,UPI-Akash Thapar-akash.thapar@okhdfcbank-512806373431-CR VIA UPI,525662836375,,"17,450.45",276090.26
09/03/26,UPI-Meesho-meesho@ybl-366312863001-DR VIA UPI,806146529913,"4,550.54",,271539.72
09/03/26,ECS-NACH-RNT5710577-RENT MANDATE,116920253242,"6,500.00",,265039.72
10/03/26,UPI-Paytm Mall-paytm@paytm-689307882943-DR VIA UPI,588398599377,320.79,,264718.93
10/03/26,UPI-Airtel Payments-airtel@axis-443750176308-DR VIA UPI,144042744699,699.00,,264019.93
11/03/26,UPI-BSNL Broadband-bsnlbroadband@upi-361954283782-DR VIA UPI,421745247714,530.36,,263489.57
11/03/26,ECS-NACH-LN742807355061-Muthoot Finance,722768289031,"18,500.00",,244989.57
12/03/26,UPI-Aditya Birla Sun Life-licindia@licindia-463722073658-DR VIA UPI,821112222939,"5,500.00",,239489.57
12/03/26,UPI-Pallavi Jain-8824013601@oksbi-831508831655-DR VIA UPI,831375476373,"8,950.73",,230538.84
13/03/26,UPI-Ola Cabs-olamoney@ola-235517733428-DR VIA UPI,562623803867,"1,730.91",,228807.93
13/03/26,UPI-Uber India-uber@paytm-492945782812-DR VIA UPI,724487785434,280.83,,228527.10
14/03/26,UPI-MakeMyTrip-makemytrip@axisbank-079897291904-DR VIA UPI,967912856284,599.00,,227928.10
15/03/26,POS RELIANCE MART PUNE,386542131691,"3,950.73",,223977.37
16/03/26,UPI-Kiran Shukla-kiran202@okicici-311097964138-CR VIA UPI,110479384047,,"8,750.41",232727.78
17/03/26,UPI-Airtel Payments-airtel@axis-637296223948-DR VIA UPI,737753753628,629.00,,232098.78
17/03/26,UPI-Prashant Pillai-prashant632@axl-814006000469-CR VIA UPI,612371264812,,"11,550.06",243648.84
18/03/26,UPI-Zepto-zepto@apl-044861419162-DR VIA UPI,968890614413,"2,190.39",,241458.45
18/03/26,UPI-Saurabh Agarwal-saurabh.agarwal@aubank-636824106090-CR VIA UPI,229465147839,,"14,500.77",255959.22
18/03/26,ATW-XXXXXX3730-XNZ26858-PUNE 460631155453,912268132923,"8,000.00",,247959.22
18/03/26,ECS-NACH-SIP5604039-Axis Mutual Fund,417358757505,"13,000.00",,234959.22
19/03/26,UPI-Mina Patil-mina.patil@upi-356557054969-DR VIA UPI,602679283755,"2,200.88",,232758.34
19/03/26,UPI-Myntra-myntra@ybl-507910340339-DR VIA UPI,506182669206,"6,000.65",,226757.69
19/03/26,UPI-MSEDCL-msedclpayment@upi-243615255298-DR VIA UPI,998190705457,"2,300.74",,224456.95
20/03/26,UPI-Blinkit-blinkit@kotak-906412766621-DR VIA UPI,140474578201,910.33,,223546.62
21/03/26,UPI-Gopal Naik-gopalnaik24@axl-103708002812-DR VIA UPI,254897370788,"13,750.44",,209796.18
22/03/26,UPI-Uber India-uber@paytm-607476632010-DR VIA UPI,338062241832,510.18,,209286.00
22/03/26,UPI-Airtel Payments-airtel@axis-816871466749-DR VIA UPI,453737235876,319.00,,208967.00
23/03/26,UPI-Suresh Singh-6719650650@ptyes-757098184501-DR VIA UPI,724120733781,"9,500.68",,199466.32
23/03/26,POS BIG BAZAAR PUNE,099340323843,"8,100.20",,191366.12
24/03/26,UPI-Indane Gas-indanegas@upi-972255047190-DR VIA UPI,823534731966,"1,450.25",,189915.87
25/03/26,UPI-Ola Cabs-olamoney@ola-105305549747-DR VIA UPI,230310521406,"1,900.27",,188015.60
25/03/26,UPI-Shreya Naik-shreya657@ybl-870464025990-CR VIA UPI,961496389033,,350.98,188366.58
26/03/26,POS RELIANCE PETROLEUM PUNE,029242412301,"2,800.11",,185566.47
27/03/26,UPI-Blinkit-blinkit@kotak-909126621779-DR VIA UPI,804649388829,"1,210.96",,184355.51
27/03/26,UPI-Uber India-uber@paytm-115946303415-DR VIA UPI,439530217394,660.49,,183695.02
27/03/26,UPI-Rohit Mehta-5527755195@okaxis-007010650593-CR VIA UPI,156008611200,,"17,150.29",200845.31
27/03/26,UPI-Flipkart-flipkart@ybl-730003136350-DR VIA UPI,762786014148,280.36,,200564.95
28/03/26,INTEREST CREDIT,147053566311,,205.79,200770.74
30/03/26,ATW-XXXXXX0499-TXR13622-PUNE 305828632199,495101022886,"10,000.00",,190770.74
30/03/26,POS MORE SUPER MARKET PUNE,360045231548,"2,400.11",,188370.63
31/03/26,UPI-Ramesh Khanna-7659592711@okhdfcbank-563075059020-CR VIA UPI,705723690308,,"2,200.50",190571.13
31/03/26,UPI-Dunzo-dunzo@razorpay-852352805576-DR VIA UPI,921336504298,390.53,,190180.60
01/04/26,UPI-Isha Verma-isha832@okhdfcbank-868131877982-DR VIA UPI,723308118349,"17,100.37",,173080.23
01/04/26,UPI-Sonia Patil-1186265448@ybl-383409211841-DR VIA UPI,416917466241,250.19,,172830.04
02/04/26,UPI-Zomato-zomato@axisbank-072512235034-DR VIA UPI,629130366071,"1,260.94",,171569.10
02/04/26,UPI-Kamal Patil-kamalpati42@kotak-089122198634-DR VIA UPI,837319571961,"7,550.18",,164018.92
04/04/26,UPI-Girish Srivastava-girish.srivastava@ptsbi-531938301585-DR VIA UPI,497568048122,"11,200.30",,152818.62
05/04/26,POS PANTALOONS PUNE,477248918431,"4,050.32",,148768.30
05/04/26,UPI-Girish Nambiar-8265510323@axl-691307784468-DR VIA UPI,169101680203,"18,850.21",,129918.09
05/04/26,SALARY-S4313326540535/NEFT/Tata Consultancy Service,658831191213,,"137,605.90",267523.99
05/04/26,UPI-Airtel Payments-airtel@axis-797144959120-DR VIA UPI,053710525652,689.00,,266834.99
05/04/26,POS HP PETROL PUMP PUNE,661562304823,"1,200.38",,265634.61
06/04/26,ECS-NACH-RNT5739166-RENT MANDATE,853828313204,"6,500.00",,259134.61
06/04/26,ATW-XXXXXX6505-NVA29065-PUNE 328339547292,097928384972,"9,500.00",,249634.61
07/04/26,UPI-Airtel Payments-airtel@axis-834733727974-DR VIA UPI,368022809105,839.00,,248795.61
08/04/26,UPI-Aditya Birla Sun Life-licindia@licindia-977677557349-DR VIA UPI,890511745274,"5,500.00",,243295.61
09/04/26,UPI-Pankaj Mishra-pankaj227@okhdfcbank-814725811293-CR VIA UPI,796593920982,,"14,950.95",258246.56
09/04/26,UPI-BigBasket-bigbasket@ybl-694416392816-DR VIA UPI,654612353546,410.98,,257835.58
09/04/26,UPI-Girish Menon-girish.menon@axl-582287992629-DR VIA UPI,276619394419,"10,100.95",,247734.63
09/04/26,UPI-Rapido-rapido@icici-552831825102-DR VIA UPI,477921161837,80.55,,247654.08
09/04/26,UPI-Uber India-uber@paytm-148449415862-DR VIA UPI,499053785795,570.03,,247084.05
10/04/26,UPI-Vandana Chopra-7491167256@upi-176969308656-CR VIA UPI,036445402878,,800.10,247884.15
11/04/26,UPI-Ola Cabs-olamoney@ola-484229890009-DR VIA UPI,068672168431,350.85,,247533.30
11/04/26,UPI-Ola Cabs-olamoney@ola-401707467218-DR VIA UPI,758578162935,"1,250.25",,246283.05
11/04/26,UPI-Brijesh Roy-brijesh.roy@ptyes-227110737491-DR VIA UPI,224822247742,"11,250.56",,235032.49
12/04/26,NEFT*N5221725369512/Dr Reddys Laboratori/CR,484113710334,,"51,000.53",286033.02
12/04/26,ECS-NACH-LN742807355061-Muthoot Finance,290934590294,"18,500.00",,267533.02
13/04/26,ECS-NACH-SIP8195555-Axis Mutual Fund,239312310718,"13,000.00",,254533.02
13/04/26,POS V MART PUNE,767857905091,"4,100.36",,250432.66
13/04/26,UPI-Rapido-rapido@icici-281849918928-DR VIA UPI,451295013775,440.42,,249992.24
15/04/26,ATW-XXXXXX2969-JBP96521-PUNE 036898921221,684160379923,"6,000.00",,243992.24
15/04/26,UPI-MakeMyTrip-makemytrip@axisbank-284087937777-DR VIA UPI,026162450892,299.00,,243693.24
16/04/26,UPI-Vishal Joshi-2659679523@aubank-832646446398-DR VIA UPI,521359539918,"4,200.29",,239492.95
16/04/26,UPI-Kapil Gupta-kapil.gupta@apl-103812727762-CR VIA UPI,632754616896,,"8,650.03",248142.98
16/04/26,UPI-IRCTC-irctc@upi-378231833865-DR VIA UPI,556261891044,499.00,,247643.98
17/04/26,UPI-Zomato-zomato@axisbank-206849407316-DR VIA UPI,662895017029,950.44,,246693.54
17/04/26,UPI-Vivek Nambiar-vivek835@okhdfcbank-380407912157-DR VIA UPI,253418770015,"3,000.38",,243693.16
17/04/26,UPI-Gaurav Patil-3402960371@okhdfcbank-500309337174-DR VIA UPI,422479377009,"14,450.92",,229242.24
18/04/26,UPI-Anjali Malhotra-anjali.malhotra@kotak-669696840548-DR VIA UPI,324308255410,"3,650.23",,225592.01
19/04/26,UPI-Zepto-zepto@apl-804808411770-DR VIA UPI,116954788472,"2,070.48",,223521.53
19/04/26,UPI-BigBasket-bigbasket@ybl-360696814313-DR VIA UPI,291932229351,980.94,,222540.59
19/04/26,ATW-XXXXXX8588-JCJ77349-PUNE 803459201374,560343333899,"4,500.00",,218040.59
20/04/26,POS RELIANCE PETROLEUM PUNE,215287605400,"2,400.51",,215640.08
21/04/26,UPI-Flipkart-flipkart@ybl-196878074121-DR VIA UPI,890721705020,"2,550.85",,213089.23
21/04/26,UPI-Myntra-myntra@ybl-989934974124-DR VIA UPI,501953298543,"5,900.40",,207188.83
22/04/26,POS VISHAL MEGA MART PUNE,316730366353,"4,950.96",,202237.87
22/04/26,UPI-Uber India-uber@paytm-601569142726-DR VIA UPI,727386654182,890.57,,201347.30
23/04/26,UPI-MSEDCL-msedclpayment@upi-702109679704-DR VIA UPI,261291603656,"2,450.99",,198896.31
25/04/26,UPI-BigBasket-bigbasket@ybl-444617096490-DR VIA UPI,426309601528,"1,960.39",,196935.92
26/04/26,UPI-Pooja Sharma-0388370620@okaxis-720071871357-DR VIA UPI,633779818749,"19,500.26",,177435.66
26/04/26,UPI-Indane Gas-indanegas@upi-255008995208-DR VIA UPI,755695943570,"2,000.67",,175434.99
27/04/26,GST ON CHARGES,743430169129,84.60,,175350.39
27/04/26,UPI-Airtel Payments-airtel@axis-287228133864-DR VIA UPI,462288414329,859.00,,174491.39
27/04/26,MOBILE BANKING CHARGES,963413495653,470.00,,174021.39
28/04/26,UPI-Rani Nair-rani509@axl-689906042941-DR VIA UPI,783221206591,"11,750.36",,162271.03
28/04/26,UPI-Amazon Pay-amazon@apl-074362647044-DR VIA UPI,455397243876,"4,850.25",,157420.78
28/04/26,UPI-Sarita Yadav-saritayada45@axl-046624176694-CR VIA UPI,282651872947,,"5,300.08",162720.86
30/04/26,UPI-Uber India-uber@paytm-235744873009-DR VIA UPI,798748548839,"2,430.89",,160289.97
30/04/26,UPI-Flipkart-flipkart@ybl-435245525588-DR VIA UPI,357874233800,"1,830.69",,158459.28
30/04/26,UPI-Yogesh Shukla-yogesh.shukla@ptaxis-433684779863-CR VIA UPI,002524524917,,"14,900.08",173359.36
30/04/26,POS MORE SUPER MARKET PUNE,452532581754,"7,550.73",,165808.63
30/04/26,UPI-Swiggy-swiggy@icici-811722166037-DR VIA UPI,756049391194,"1,940.88",,163867.75
01/05/26,UPI-Radha Dutta-radhadutt75@ptyes-116216518755-CR VIA UPI,451172473822,,"6,100.57",169968.32
01/05/26,UPI-Varsha Yadav-varshayada53@aubank-132764448542-CR VIA UPI,966417274861,,"2,250.23",172218.55
02/05/26,UPI-Blinkit-blinkit@kotak-816850028588-DR VIA UPI,720429591223,260.32,,171958.23
02/05/26,UPI-Zomato-zomato@axisbank-608768723218-DR VIA UPI,518563564740,"1,190.81",,170767.42
02/05/26,UPI-Ola Cabs-olamoney@ola-900989611901-DR VIA UPI,101175968572,"2,580.82",,168186.60
03/05/26,UPI-Uber India-uber@paytm-760065658248-DR VIA UPI,592922175872,"1,870.87",,166315.73
03/05/26,UPI-Ola Cabs-olamoney@ola-020819331316-DR VIA UPI,189448394708,590.22,,165725.51
04/05/26,UPI-Kavya Naik-kavya.naik@kotak-339117081988-DR VIA UPI,732542843399,"8,500.88",,157224.63
04/05/26,UPI-BSNL Broadband-bsnlbroadband@upi-376680560292-DR VIA UPI,329889997673,810.24,,156414.39
04/05/26,POS VISHAL MEGA MART PUNE,788927471359,"3,550.53",,152863.86
04/05/26,UPI-BSNL Broadband-bsnlbroadband@upi-270224848279-DR VIA UPI,686422530286,"2,000.69",,150863.17
04/05/26,UPI-Amazon Pay-amazon@apl-262621950041-DR VIA UPI,287917135986,"2,480.59",,148382.58
05/05/26,POS HP PETROL PUMP PUNE,336204050065,"3,100.15",,145282.43
05/05/26,UPI-Uber India-uber@paytm-306426931120-DR VIA UPI,512380722157,"1,360.70",,143921.73
06/05/26,UPI-Myntra-myntra@ybl-953514527946-DR VIA UPI,116924607903,299.00,,143622.73
06/05/26,SALARY-S5387048406560/NEFT/Tata Consultancy Service,841958907480,,"138,999.90",282622.63
07/05/26,ATW-XXXXXX1528-HHS96224-PUNE 007690090913,626714615464,"4,500.00",,278122.63
07/05/26,POS BIG BAZAAR PUNE,450277745569,"2,500.58",,275622.05
08/05/26,UPI-Airtel Payments-airtel@axis-323782370515-DR VIA UPI,239483474974,379.00,,275243.05
08/05/26,UPI-Amazon Pay-amazon@apl-695816804570-DR VIA UPI,191582676592,"1,940.26",,273302.79
