Bank Name,BANK OF INDIA
Account Number,4118260700258613
Account Holder Name,ROHIT MEHTA
Branch,ALAMBAGH
IFSC Code,BKID0797849
Statement Period,01-12-2024 To 09-05-2026

Date,Description,Ref/ChequeNo,Debit,Credit,Balance
01-12-2024,UPI/DR/911558620104/Uber/PAYTM/uber@paytm/UPI,733316201672,770.39,,778737.73
02-12-2024,UPI/DR/543210789014/Dunzo/ICICI/dunzo@razorpay/UPI,566735227952,800.89,,777936.84
03-12-2024,UPI/CR/264069965542/Dinesh/BARB/dinesh903@oksbi/UPI,568488043319,,"1,400.66",779337.50
04-12-2024,UPI/CR/068769956147/Preeti/SBIN/preeti372@upi/UPI,555747933135,,"20,950.19",800287.69
04-12-2024,UPI/DR/757855398489/BSNL/ICICI/bsnlbroadband@upi/UPI,533540953381,"1,360.52",,798927.17
05-12-2024,UPI/DR/745697807487/BigBasket/ICICI/bigbasket@ybl/UPI,310260865275,"2,420.76",,796506.41
06-12-2024,UPI/DR/954513440773/Krishna/BARB/6910338309@okaxis/UPI,720185838628,"7,250.48",,789255.93
06-12-2024,UPI/CR/430995032039/Seema/KKBK/seema414@apl/UPI,856980920496,,"21,400.88",810656.81
06-12-2024,UPI/DR/439772694649/Ola/PAYTM/olamoney@ola/UPI,306763501643,290.55,,810366.26
06-12-2024,UPI/CR/397571976526/Pooja/FDRL/poojagupt56@kotak/UPI,527160127531,,"12,500.48",822866.74
06-12-2024,UPI/DR/797784094920/Flipkart/ICICI/flipkart@ybl/UPI,963634236292,310.81,,822555.93
06-12-2024,UPI/DR/385558676871/Gaurav/BDBL/2036210666@aubank/UPI,732190387371,"11,250.49",,811305.44
06-12-2024,SALARY CREDIT/S9636348989782/Cipla Limited,644563889417,,"123,617.68",934923.12
07-12-2024,NACH/MANDATE/RNT0027480/RENT MANDATE,558692194890,"12,500.00",,922423.12
07-12-2024,UPI/DR/802061373775/Vi/PAYTM/vi@airtelaxis/UPI,481103534075,739.00,,921684.12
07-12-2024,UPI/DR/479011531046/Reliance/LICI/licindia@licindia/UPI,451553583067,"3,800.00",,917884.12
07-12-2024,UPI/DR/570508321116/PhonePe/ICICI/phonepe@ybl/UPI,844276664159,"1,670.32",,916213.80
07-12-2024,POS SHELL FUEL STATION PATNA,349408216777,"3,800.11",,912413.69
08-12-2024,UPI/DR/342241501800/Flipkart/PAYTM/flipkart@ybl/UPI,547173876332,"3,250.46",,909163.23
09-12-2024,POS VISHAL MEGA MART PATNA,166922398260,"7,500.70",,901662.53
09-12-2024,UPI/DR/173868614720/Amazon/PAYTM/amazon@apl/UPI,587440504245,"3,600.00",,898062.53
09-12-2024,POS SHOPPERS STOP PATNA,529404944076,"3,150.14",,894912.39
10-12-2024,NEFT/N1663267446574/Mahindra Logistics L,048567517824,,"40,500.97",935413.36
11-12-2024,UPI/DR/647210961326/Zepto/ICICI/zepto@apl/UPI,724750462440,960.31,,934453.05
11-12-2024,POS BIG BAZAAR PATNA,531061386913,"2,200.32",,932252.73
11-12-2024,UPI/DR/322002015977/Zepto/ICICI/zepto@apl/UPI,830357245460,960.93,,931291.80
11-12-2024,UPI/DR/928817380906/Arun/FDRL/arun403@upi/UPI,959733360896,"8,650.83",,922640.97
12-12-2024,UPI/DR/812490468976/KSEB/UPIN/ksebpayment@upi/UPI,077756924229,"1,050.80",,921590.17
12-12-2024,UPI/CR/592267166292/Mina/UTIB/mina.mukherjee@kotak/UPI,043359572179,,"19,200.88",940791.05
12-12-2024,POS MORE SUPER MARKET PATNA,472588894079,"8,450.27",,932340.78
13-12-2024,NACH/MANDATE/LN677058223230/Tata Capital Finance,209522964055,"20,000.00",,912340.78
13-12-2024,UPI/DR/688739854189/Jio/ICICI/jio@paytm/UPI,865285216893,"2,310.15",,910030.63
14-12-2024,ATM CASH WITHDRAWAL/45477/PATNA,027625834912,"9,000.00",,901030.63
14-12-2024,UPI/DR/947085101861/Sachin/PUNB/sachinpill48@ptyes/UPI,816975852579,"12,000.64",,889029.99
15-12-2024,UPI/DR/004722933520/Vi/PAYTM/vi@airtelaxis/UPI,925390017226,579.00,,888450.99
15-12-2024,POS BHARAT PETROLEUM PATNA,783547376691,"3,400.65",,885050.34
15-12-2024,POS MAX FASHION PATNA,577520870839,"1,700.62",,883349.72
16-12-2024,UPI/DR/471836678712/Sushma/KKBK/7192110736@oksbi/UPI,964756829780,"15,250.29",,868099.43
16-12-2024,UPI/DR/752747508477/Ola/PAYTM/olamoney@ola/UPI,893286920947,220.93,,867878.50
16-12-2024,UPI/DR/114143668355/Indane/ICICI/indanegas@upi/UPI,724554096136,"1,800.25",,866078.25
16-12-2024,UPI/CR/009095612508/Varun/BKID/varunchop25@axl/UPI,377724114091,,"14,400.46",880478.71
17-12-2024,UPI/DR/531393204122/Vi/PAYTM/vi@airtelaxis/UPI,820440395144,209.00,,880269.71
17-12-2024,POS RELIANCE PETROLEUM PATNA,808200903577,"3,350.54",,876919.17
18-12-2024,UPI/DR/663712510561/Dunzo/ICICI/dunzo@razorpay/UPI,070244025859,930.38,,875988.79
19-12-2024,NACH/MANDATE/SIP5513408/Mirae Asset MF,411269318401,"4,500.00",,871488.79
20-12-2024,UPI/CR/494730067065/Sangita/BKID/sangita.sethi@paytm/UPI,798089039761,,"17,400.28",888889.07
20-12-2024,POS LIFESTYLE STORES PATNA,287376569337,"3,550.97",,885338.10
20-12-2024,UPI/DR/238257080672/Uber/PAYTM/uber@paytm/UPI,416961713302,530.39,,884807.71
21-12-2024,UPI/DR/226242450513/Hathway/RAZORPAY/broadband@paytm/UPI,320587914301,499.00,,884308.71
21-12-2024,UPI/DR/334985099678/Rapido/PAYTM/rapido@icici/UPI,221423543528,220.65,,884088.06
22-12-2024,UPI/DR/843534670868/Anjali/KKBK/8617094017@ybl/UPI,991554211200,"16,450.50",,867637.56
22-12-2024,UPI/CR/416051270793/Shweta/UTIB/1758812993@aubank/UPI,908790335114,,600.52,868238.08
22-12-2024,ATM CASH WITHDRAWAL/05864/PATNA,329962611719,"10,000.00",,858238.08
23-12-2024,UPI/DR/836597233398/Blinkit/ICICI/blinkit@kotak/UPI,091470664756,"2,290.86",,855947.22
23-12-2024,UPI/DR/986748391631/Swiggy/ICICI/swiggy@icici/UPI,638913252108,610.50,,855336.72
24-12-2024,UPI/DR/189440585211/Rapido/PAYTM/rapido@icici/UPI,525634508899,580.60,,854756.12
24-12-2024,UPI/DR/815477930514/Tarun/BDBL/7661433657@ptaxis/UPI,403788023897,"1,750.10",,853006.02
24-12-2024,UPI/DR/094747125515/Krishna/BDBL/1825355330@ybl/UPI,933667607803,"10,100.52",,842905.50
24-12-2024,UPI/DR/330946246373/Ola/ICICI/olamoney@ola/UPI,488519007729,"2,180.23",,840725.27
25-12-2024,POS HP PETROL PUMP PATNA,032635332313,"3,550.53",,837174.74
26-12-2024,UPI/CR/372560901307/Ashish/PUNB/ashish.patel@okhdfcbank/UPI,467458412640,,"5,700.13",842874.87
26-12-2024,UPI/DR/021221082034/Myntra/PAYTM/myntra@ybl/UPI,983682341153,"3,900.64",,838974.23
27-12-2024,POS SHOPPERS STOP PATNA,686378434141,"4,900.11",,834074.12
28-12-2024,UPI/CR/014091701020/Kamal/SBIN/kamal.chopra@axl/UPI,323060574575,,"10,400.81",844474.93
28-12-2024,UPI/DR/097654392626/Zepto/ICICI/zepto@apl/UPI,676815555876,"2,450.10",,842024.83
28-12-2024,INTEREST CREDIT,909926770347,,950.95,842975.78
29-12-2024,UPI/DR/290666032240/Vi/PAYTM/vi@airtelaxis/UPI,117950041242,179.00,,842796.78
29-12-2024,UPI/CR/565562501588/Ravi/KKBK/5834377773@ptsbi/UPI,152889624164,,"4,350.51",847147.29
30-12-2024,UPI/DR/894657552207/Zepto/ICICI/zepto@apl/UPI,814121814849,740.69,,846406.60
31-12-2024,UPI/CR/802403593235/Pooja/BARB/pooja.kulkarni@aubank/UPI,648956119323,,"2,800.12",849206.72
31-12-2024,UPI/DR/027651308660/Dunzo/ICICI/dunzo@razorpay/UPI,774604920046,860.61,,848346.11
01-01-2025,UPI/CR/900618158473/Ritu/BARB/riturao28@upi/UPI,165096712134,,"12,950.60",861296.71
02-01-2025,UPI/DR/581613225832/Harish/UCBA/harish.joshi@apl/UPI,306936152425,"10,450.59",,850846.12
03-01-2025,POS SHELL FUEL STATION PATNA,583436431288,"2,200.56",,848645.56
03-01-2025,UPI/DR/896884442114/PhonePe/ICICI/phonepe@ybl/UPI,641952599055,"1,890.08",,846755.48
03-01-2025,UPI/CR/699986447768/Ravi/UTIB/9705593838@ybl/UPI,089649001056,,"21,100.98",867856.46
04-01-2025,ATM CASH WITHDRAWAL/75887/PATNA,793981835783,"1,500.00",,866356.46
05-01-2025,UPI/CR/783511484123/Rajesh/FDRL/rajesh904@oksbi/UPI,833604379017,,"14,700.26",881056.72
05-01-2025,ATM CASH WITHDRAWAL/24391/PATNA,025989919362,"7,500.00",,873556.72
05-01-2025,UPI/DR/926807333919/Vi/PAYTM/vi@airtelaxis/UPI,540920636649,409.00,,873147.72
06-01-2025,SALARY CREDIT/S9096414941830/Cipla Limited,526110857384,,"124,134.68",997282.40
07-01-2025,UPI/DR/767644713916/Uber/ICICI/uber@paytm/UPI,226709711248,"1,770.62",,995511.78
07-01-2025,UPI/DR/774279886068/Paytm/ICICI/paytm@paytm/UPI,868006548531,440.40,,995071.38
08-01-2025,UPI/DR/501055017024/Hathway/RAZORPAY/broadband@paytm/UPI,268651847937,799.00,,994272.38
09-01-2025,POS METRO CASH CARRY PATNA,313165392354,"4,500.60",,989771.78
09-01-2025,NACH/MANDATE/RNT1286794/RENT MANDATE,270556844861,"12,500.00",,977271.78
10-01-2025,UPI/DR/824232179286/Zomato/ICICI/zomato@axisbank/UPI,803591916314,"1,800.16",,975471.62
10-01-2025,ATM CASH WITHDRAWAL/84707/PATNA,829674525354,"9,500.00",,965971.62
10-01-2025,NACH/MANDATE/LN677058223230/Tata Capital Finance,495848383528,"20,000.00",,945971.62
11-01-2025,UPI/DR/075347408595/Sachin/SBIN/sachin.ahuja@upi/UPI,603995745799,"20,450.19",,925521.43
11-01-2025,UPI/CR/023488351652/Vishal/HDFC/vishaldutt76@paytm/UPI,587482558734,,"6,000.72",931522.15
12-01-2025,ATM CASH WITHDRAWAL/65961/PATNA,518276189764,"10,000.00",,921522.15
12-01-2025,POS CENTRAL MALL PATNA,984839225451,"6,300.88",,915221.27
12-01-2025,UPI/DR/829863416010/Vi/PAYTM/vi@airtelaxis/UPI,862831563407,569.00,,914652.27
13-01-2025,NEFT/N6649483012455/Oracle Financial Ser,487980288171,,"48,000.32",962652.59
13-01-2025,UPI/DR/733272383152/BigBasket/ICICI/bigbasket@ybl/UPI,882101833168,"1,560.49",,961092.10
14-01-2025,UPI/DR/661776021842/Hotstar/ICICI/hotstar@hdfcbank/UPI,180933529009,199.00,,960893.10
14-01-2025,NACH/MANDATE/SIP2615900/Mirae Asset MF,294816001515,"4,500.00",,956393.10
15-01-2025,UPI/DR/099123398926/Zomato/ICICI/zomato@axisbank/UPI,702884591899,390.20,,956002.90
15-01-2025,UPI/DR/644899015422/Indane/ICICI/indanegas@upi/UPI,974692723405,"2,500.70",,953502.20
15-01-2025,UPI/DR/225588252380/Meesho/PAYTM/meesho@ybl/UPI,797171001651,"1,450.30",,952051.90
16-01-2025,IMPS-801056318440-Divya Yadav,713584448109,"23,800.75",,928251.15
17-01-2025,UPI/DR/652650053348/Ola/PAYTM/olamoney@ola/UPI,474456355371,630.37,,927620.78
17-01-2025,UPI/DR/842776456341/Ola/PAYTM/olamoney@ola/UPI,758489678239,220.15,,927400.63
18-01-2025,POS MORE SUPER MARKET PATNA,345867120047,"4,150.33",,923250.30
19-01-2025,UPI/CR/668420661210/Priya/BKID/priyapand58@ibl/UPI,472230594497,,"13,350.31",936600.61
19-01-2025,UPI/DR/131614900048/Ramesh/PUNB/5073423847@ptyes/UPI,247217599441,"11,900.24",,924700.37
19-01-2025,UPI/DR/137566367265/Nykaa/PAYTM/nykaa@razorpay/UPI,067443294245,"3,300.04",,921400.33
20-01-2025,UPI/DR/908838370082/Vi/PAYTM/vi@airtelaxis/UPI,697715714975,359.00,,921041.33
20-01-2025,POS LIFESTYLE STORES PATNA,134236744871,"2,300.79",,918740.54
20-01-2025,UPI/DR/570029323383/Tarun/BARB/3514624147@okicici/UPI,119632636819,"18,350.93",,900389.61
21-01-2025,UPI/CR/831964069945/Ajay/KKBK/ajaypand72@okaxis/UPI,165343672633,,"15,800.14",916189.75
21-01-2025,UPI/DR/503480107862/KSEB/UPIN/ksebpayment@upi/UPI,468571774433,650.05,,915539.70
21-01-2025,UPI/DR/717975115786/Rapido/PAYTM/rapido@icici/UPI,593443643447,140.97,,915398.73
21-01-2025,UPI/DR/893708106758/Rapido/PAYTM/rapido@icici/UPI,382445930079,650.62,,914748.11
22-01-2025,UPI/DR/515584591131/Swiggy/ICICI/swiggy@icici/UPI,567104065881,"2,090.48",,912657.63
23-01-2025,UPI/CR/615120680014/Swati/HDFC/swati812@okhdfcbank/UPI,704942229739,,"3,250.95",915908.58
23-01-2025,UPI/DR/691663879120/Ola/ICICI/olamoney@ola/UPI,111105436325,140.04,,915768.54
24-01-2025,POS HP PETROL PUMP PATNA,508435612329,"2,250.27",,913518.27
24-01-2025,UPI/DR/877028392674/Vi/PAYTM/vi@airtelaxis/UPI,014925227498,569.00,,912949.27
24-01-2025,POS SHELL FUEL STATION PATNA,364970630205,850.60,,912098.67
25-01-2025,POS D MART PATNA,271899820940,"4,050.71",,908047.96
25-01-2025,UPI/DR/643620923611/Arjun/BKID/arjun.das@ibl/UPI,541601141833,"5,550.47",,902497.49
26-01-2025,GST ON CHARGES,761447729649,75.60,,902421.89
26-01-2025,UPI/DR/693993643642/Paytm/ICICI/paytm@paytm/UPI,843018831892,"1,360.60",,901061.29
26-01-2025,SERVICE CHARGES,135571722655,420.00,,900641.29
26-01-2025,UPI/DR/002199077231/Blinkit/ICICI/blinkit@kotak/UPI,516059378934,"2,120.70",,898520.59
29-01-2025,UPI/DR/528401446505/Blinkit/ICICI/blinkit@kotak/UPI,512192265352,"2,800.54",,895720.05
30-01-2025,UPI/DR/367039429052/Flipkart/ICICI/flipkart@ybl/UPI,794633283899,720.92,,894999.13
31-01-2025,UPI/CR/223668435673/Preeti/BARB/1972793303@apl/UPI,375529972852,,"14,800.08",909799.21
01-02-2025,UPI/DR/923431605810/Pooja/KKBK/pooja.thapar@apl/UPI,464129344664,"14,950.48",,894848.73
02-02-2025,UPI/DR/004432267514/Swiggy/ICICI/swiggy@icici/UPI,679945573292,"2,250.00",,892598.73
02-02-2025,UPI/DR/558832722386/Ankit/FDRL/ankitseth25@axl/UPI,857073374232,"16,000.24",,876598.49
03-02-2025,UPI/DR/438848721018/Vi/PAYTM/vi@airtelaxis/UPI,057761746474,399.00,,876199.49
04-02-2025,UPI/CR/497884430301/Radha/FDRL/5875067193@ptyes/UPI,485797912671,,"3,150.25",879349.74
04-02-2025,SALARY CREDIT/S2158022845757/Cipla Limited,426152308760,,"124,198.68",1003548.42
04-02-2025,UPI/DR/230567926188/Swiggy/ICICI/swiggy@icici/UPI,454863585364,"2,780.82",,1000767.60
05-02-2025,UPI/CR/094288264293/Sarita/BDBL/sarita.jain@okaxis/UPI,898447523726,,"10,250.75",1011018.35
05-02-2025,UPI/DR/057673134016/Sneha/BARB/snehadesa90@apl/UPI,616120921190,"15,800.80",,995217.55
06-02-2025,NACH/MANDATE/RNT8051192/RENT MANDATE,354754681388,"12,500.00",,982717.55
06-02-2025,POS SHELL FUEL STATION PATNA,820248156140,"3,600.43",,979117.12
06-02-2025,ATM CASH WITHDRAWAL/64326/PATNA,954775580604,"8,000.00",,971117.12
07-02-2025,UPI/DR/724841790295/Vi/PAYTM/vi@airtelaxis/UPI,117905756523,189.00,,970928.12
07-02-2025,NACH/MANDATE/LN677058223230/Tata Capital Finance,441632610651,"20,000.00",,950928.12
07-02-2025,UPI/DR/446160832405/Kavita/BDBL/kavita255@upi/UPI,318804732425,"13,000.91",,937927.21
08-02-2025,UPI/DR/371669093978/BSNL/ICICI/bsnlbroadband@upi/UPI,748692579219,760.31,,937166.90
09-02-2025,UPI/DR/009758513842/Myntra/PAYTM/myntra@ybl/UPI,682267328917,"4,300.05",,932866.85
09-02-2025,ATM CASH WITHDRAWAL/09726/PATNA,153350436507,"4,500.00",,928366.85
09-02-2025,UPI/DR/228881583171/MakeMyTrip/ICICI/makemytrip@axisbank/UPI,466062772919,299.00,,928067.85
10-02-2025,UPI/DR/665957294314/Amazon/PAYTM/amazon@apl/UPI,971271684016,700.75,,927367.10
10-02-2025,POS D MART PATNA,075451406441,"2,600.20",,924766.90
10-02-2025,UPI/DR/750556184221/Sanjay/FDRL/sanjayagar55@ibl/UPI,441550106511,"8,750.55",,916016.35
11-02-2025,NACH/MANDATE/SIP5338973/Mirae Asset MF,284754767501,"4,500.00",,911516.35
13-02-2025,UPI/DR/742325042991/Dunzo/ICICI/dunzo@razorpay/UPI,173503641475,"2,370.57",,909145.78
14-02-2025,UPI/DR/810509869212/Santosh/BDBL/santoshdutt82@ptsbi/UPI,748457364091,"11,750.37",,897395.41
14-02-2025,UPI/DR/948250325096/Flipkart/ICICI/flipkart@ybl/UPI,860736296279,"2,040.59",,895354.82
14-02-2025,UPI/DR/207146293303/Uber/PAYTM/uber@paytm/UPI,406915766118,520.94,,894833.88
14-02-2025,POS SHELL FUEL STATION PATNA,855487834420,"3,650.19",,891183.69
14-02-2025,ATM CASH WITHDRAWAL/46488/PATNA,187889226556,"6,500.00",,884683.69
14-02-2025,UPI/CR/458764001625/Kapil/PUNB/0288985340@upi/UPI,309420551846,,"10,350.60",895034.29
15-02-2025,UPI/DR/152708091280/Jio/ICICI/jio@paytm/UPI,953106441715,"1,680.14",,893354.15
15-02-2025,UPI/DR/205932016038/Zomato/ICICI/zomato@axisbank/UPI,078217580724,"2,190.66",,891163.49
16-02-2025,UPI/DR/510701455510/Jyoti/FDRL/3351027759@okhdfcbank/UPI,312710730646,"9,900.07",,881263.42
17-02-2025,UPI/DR/654074263949/Mamta/HDFC/mamta158@apl/UPI,551014781400,"8,800.46",,872462.96
17-02-2025,NEFT/N2981991601865/Hero MotoCorp Ltd,306900798011,,"45,000.02",917462.98
17-02-2025,UPI/CR/396888303424/Kunal/HDFC/kunal.singh@okhdfcbank/UPI,779724834252,,"14,000.58",931463.56
17-02-2025,POS MORE SUPER MARKET PATNA,466145471263,"8,200.99",,923262.57
18-02-2025,UPI/DR/507934477054/Indane/ICICI/indanegas@upi/UPI,972828338792,"2,400.51",,920862.06
18-02-2025,UPI/DR/680452747870/Dunzo/ICICI/dunzo@razorpay/UPI,065390260815,600.94,,920261.12
19-02-2025,UPI/DR/166998013688/BSNL/ICICI/bsnlbroadband@upi/UPI,165394245036,"1,280.12",,918981.00
20-02-2025,UPI/DR/969910617017/KSEB/UPIN/ksebpayment@upi/UPI,176994709105,650.60,,918330.40
20-02-2025,UPI/DR/464152544191/Naveen/UCBA/naveen.shah@oksbi/UPI,791330097565,"13,300.75",,905029.65
20-02-2025,UPI/DR/214996577584/PhonePe/ICICI/phonepe@ybl/UPI,359114977347,"1,960.99",,903068.66
21-02-2025,UPI/DR/049142304658/Vivek/SBIN/vivek103@ptsbi/UPI,026579870246,"21,750.56",,881318.10
22-02-2025,UPI/DR/428051130231/Apollo/ICICI/apollopharmacy@ybl/UPI,488653510211,"2,150.81",,879167.29
22-02-2025,ATM CASH WITHDRAWAL/41942/PATNA,000771711095,"6,000.00",,873167.29
22-02-2025,UPI/DR/946417599361/Sanjay/BDBL/sanjaykulk17@upi/UPI,729785558344,"21,350.03",,851817.26
23-02-2025,ATM CASH WITHDRAWAL/87981/PATNA,218852493507,"5,000.00",,846817.26
24-02-2025,UPI/DR/741698330499/Neha/KKBK/neha372@ptsbi/UPI,295343136734,"9,100.61",,837716.65
25-02-2025,UPI/CR/965456835283/Jyoti/SBIN/1364605959@kotak/UPI,930838924639,,"3,550.18",841266.83
25-02-2025,UPI/DR/702289728885/Ola/ICICI/olamoney@ola/UPI,087845319874,560.55,,840706.28
26-02-2025,POS BHARAT PETROLEUM PATNA,340073487993,"1,850.20",,838856.08
26-02-2025,UPI/DR/773560675184/Rapido/PAYTM/rapido@icici/UPI,266527235532,370.25,,838485.83
27-02-2025,POS HP PETROL PUMP PATNA,883776926685,"3,350.07",,835135.76
27-02-2025,UPI/DR/507312077870/Uber/ICICI/uber@paytm/UPI,131972574259,"1,020.47",,834115.29
28-02-2025,UPI/DR/687783843649/Rapido/PAYTM/rapido@icici/UPI,504452403530,800.10,,833315.19
28-02-2025,UPI/DR/691635509122/Harish/HDFC/8200014640@okhdfcbank/UPI,546949011991,"16,500.22",,816814.97
28-02-2025,UPI/DR/921116550584/Zepto/ICICI/zepto@apl/UPI,831322243618,440.24,,816374.73
01-03-2025,UPI/CR/114197202349/Rohit/BKID/rohitpill94@pthdfc/UPI,378391490912,,"3,700.33",820075.06
01-03-2025,UPI/DR/754289251641/Mahesh/FDRL/1941354107@pthdfc/UPI,502637874039,"20,900.44",,799174.62
01-03-2025,UPI/CR/858701825680/Deepak/BDBL/deepak426@kotak/UPI,463672943530,,150.88,799325.50
01-03-2025,ATM CASH WITHDRAWAL/70132/PATNA,594352900119,"2,000.00",,797325.50
01-03-2025,UPI/DR/926533447593/PhonePe/ICICI/phonepe@ybl/UPI,628554730347,810.95,,796514.55
01-03-2025,UPI/DR/671272230445/Amazon/ICICI/amazon@apl/UPI,226381496879,200.14,,796314.41
01-03-2025,ATM CASH WITHDRAWAL/26804/PATNA,034039551542,"2,500.00",,793814.41
02-03-2025,UPI/DR/445677775620/Suresh/PUNB/suresh.rao@okaxis/UPI,793144546597,"5,150.66",,788663.75
02-03-2025,UPI/DR/991162606977/Sushma/HDFC/sushma.pillai@okhdfcbank/UPI,060018828101,"3,000.89",,785662.86
02-03-2025,POS LIFESTYLE STORES PATNA,320277404654,"2,250.81",,783412.05
03-03-2025,UPI/DR/030584964589/Sunita/UCBA/sunita.ghosh@upi/UPI,549873799362,"21,500.66",,761911.39
04-03-2025,UPI/CR/445666638935/Amit/BARB/amit640@apl/UPI,075221063687,,"8,000.36",769911.75
04-03-2025,UPI/DR/074437529127/Nykaa/PAYTM/nykaa@razorpay/UPI,856218104910,"2,950.72",,766961.03
05-03-2025,POS CENTRAL MALL PATNA,476187388258,"5,800.17",,761160.86
05-03-2025,POS D MART PATNA,867359474870,"6,200.56",,754960.30
05-03-2025,UPI/DR/124032140536/Nykaa/PAYTM/nykaa@razorpay/UPI,179161706300,"2,100.06",,752860.24
05-03-2025,UPI/DR/493452270916/Ola/ICICI/olamoney@ola/UPI,012620432691,"2,070.45",,750789.79
06-03-2025,SALARY CREDIT/S0665935994578/Cipla Limited,824447001947,,"121,687.68",872477.47
06-03-2025,POS PANTALOONS PATNA,741057172983,"4,150.50",,868326.97
06-03-2025,UPI/CR/623447883630/Rohit/BDBL/rohit.mehta@okaxis/UPI,230552965323,,"4,750.76",873077.73
07-03-2025,UPI/DR/793332316297/Vi/PAYTM/vi@airtelaxis/UPI,644876575650,649.00,,872428.73
07-03-2025,POS RELIANCE PETROLEUM PATNA,796965449913,"3,700.50",,868728.23
07-03-2025,UPI/CR/488298770483/Naveen/UTIB/1617081880@paytm/UPI,974017154675,,"13,600.40",882328.63
07-03-2025,ATM CASH WITHDRAWAL/17399/PATNA,171389367366,"4,500.00",,877828.63
08-03-2025,POS MORE SUPER MARKET PATNA,542704138061,"8,150.21",,869678.42
09-03-2025,UPI/DR/395545538029/Ankit/HDFC/3986483841@ptsbi/UPI,248830100138,"1,050.02",,868628.40
09-03-2025,UPI/DR/830190073202/Rapido/PAYTM/rapido@icici/UPI,841607349592,620.68,,868007.72
09-03-2025,UPI/DR/337766058565/Vi/PAYTM/vi@airtelaxis/UPI,820809167927,399.00,,867608.72
10-03-2025,NACH/MANDATE/LN677058223230/Tata Capital Finance,552028253276,"20,000.00",,847608.72
10-03-2025,NACH/MANDATE/RNT4950721/RENT MANDATE,612736295777,"12,500.00",,835108.72
11-03-2025,UPI/DR/068810642516/Spotify/ICICI/spotify@icici/UPI,075030794366,949.00,,834159.72
11-03-2025,UPI/DR/747303208893/BSNL/ICICI/bsnlbroadband@upi/UPI,639690517942,260.44,,833899.28
11-03-2025,UPI/DR/359340877225/Reliance/LICI/licindia@licindia/UPI,379353088259,"3,800.00",,830099.28
11-03-2025,UPI/DR/088389834448/1mg/ICICI/tatahealth@icici/UPI,274294555531,"3,490.43",,826608.85
12-03-2025,UPI/DR/865277826982/Swiggy/ICICI/swiggy@icici/UPI,102476240562,"2,160.47",,824448.38
12-03-2025,UPI/DR/407026545867/Indane/ICICI/indanegas@upi/UPI,421545569985,"1,250.95",,823197.43
13-03-2025,UPI/DR/763999364973/Ola/PAYTM/olamoney@ola/UPI,174115966158,730.40,,822467.03
13-03-2025,UPI/DR/404957303880/Flipkart/PAYTM/flipkart@ybl/UPI,954539111242,"1,700.87",,820766.16
13-03-2025,UPI/DR/783375390743/Ola/PAYTM/olamoney@ola/UPI,831992158713,370.59,,820395.57
13-03-2025,UPI/DR/525056262241/Rapido/PAYTM/rapido@icici/UPI,737683160512,560.11,,819835.46
14-03-2025,UPI/DR/819495700122/Vi/PAYTM/vi@airtelaxis/UPI,196513236131,859.00,,818976.46
14-03-2025,IMPS-704627884773-Naveen Mehta,702771947249,"5,800.18",,813176.28
14-03-2025,ATM CASH WITHDRAWAL/06382/PATNA,202666658566,"7,500.00",,805676.28
16-03-2025,NACH/MANDATE/SIP9012065/Mirae Asset MF,331646797436,"4,500.00",,801176.28
16-03-2025,UPI/CR/751033171263/Naresh/PUNB/1655711047@paytm/UPI,210813757765,,"2,950.49",804126.77
17-03-2025,UPI/DR/533802769048/Sneha/UCBA/sneha.shah@ybl/UPI,724369453967,"20,600.68",,783526.09
17-03-2025,UPI/DR/743459376417/BSNL/ICICI/bsnlbroadband@upi/UPI,961187473507,"1,040.05",,782486.04
18-03-2025,POS BRAND FACTORY PATNA,278462930841,"5,100.49",,777385.55
18-03-2025,POS SHELL FUEL STATION PATNA,082495550463,"4,050.65",,773334.90
20-03-2025,POS METRO CASH CARRY PATNA,174135201368,"1,750.05",,771584.85
21-03-2025,UPI/DR/919670977383/Jio/ICICI/jio@paytm/UPI,564282390339,"1,130.30",,770454.55
21-03-2025,UPI/DR/955575474211/KSEB/UPIN/ksebpayment@upi/UPI,325687655386,"3,850.33",,766604.22
22-03-2025,ATM CASH WITHDRAWAL/52922/PATNA,809570479557,"3,500.00",,763104.22
22-03-2025,ATM CASH WITHDRAWAL/79816/PATNA,380414877278,"7,000.00",,756104.22
23-03-2025,NEFT/N6240628678365/Madura Garments Pvt ,741174604146,,"11,500.90",767605.12
24-03-2025,UPI/DR/488635905278/PhonePe/ICICI/phonepe@ybl/UPI,648390324571,"1,520.13",,766084.99
24-03-2025,UPI/DR/664754746412/Vi/PAYTM/vi@airtelaxis/UPI,491027650359,589.00,,765495.99
24-03-2025,UPI/DR/677469565553/Vi/PAYTM/vi@airtelaxis/UPI,808281251595,439.00,,765056.99
25-03-2025,UPI/DR/321405443208/Jio/ICICI/jio@paytm/UPI,470401901085,720.62,,764336.37
25-03-2025,UPI/DR/464904925882/Ola/PAYTM/olamoney@ola/UPI,532386552664,500.90,,763835.47
26-03-2025,UPI/DR/179922723554/Jio/ICICI/jio@paytm/UPI,058856001872,"1,360.50",,762474.97
28-03-2025,INTEREST CREDIT,672271579518,,620.92,763095.89
28-03-2025,UPI/DR/834344818330/Tarun/UTIB/5450594933@apl/UPI,519578268272,"6,250.56",,756845.33
29-03-2025,UPI/DR/711855311478/Varun/UTIB/varungupt87@kotak/UPI,305275055319,"18,650.26",,738195.07
29-03-2025,GST ON CHARGES,712007537950,95.40,,738099.67
29-03-2025,SERVICE CHARGES,037231541849,530.00,,737569.67
30-03-2025,UPI/CR/240351765677/Vishal/BKID/4995586876@kotak/UPI,425157473118,,"11,350.24",748919.91
31-03-2025,UPI/DR/757275469833/Krishna/UCBA/krishna951@ybl/UPI,767140736834,"12,000.56",,736919.35
31-03-2025,UPI/DR/905288985783/PhonePe/ICICI/phonepe@ybl/UPI,829740851969,"1,370.61",,735548.74
31-03-2025,POS LIFESTYLE STORES PATNA,728590164233,750.34,,734798.40
31-03-2025,POS V MART PATNA,269753217421,"8,200.94",,726597.46
01-04-2025,UPI/DR/375542473650/Ola/ICICI/olamoney@ola/UPI,157320398146,"2,400.27",,724197.19
02-04-2025,UPI/DR/678510474682/Nykaa/PAYTM/nykaa@razorpay/UPI,210861956006,"2,300.06",,721897.13
02-04-2025,UPI/DR/453755527784/Siddharth/BKID/siddharth.naik@ptsbi/UPI,537193657770,"20,800.44",,701096.69
02-04-2025,ATM CASH WITHDRAWAL/59829/PATNA,650974801840,"3,500.00",,697596.69
02-04-2025,POS LIFESTYLE STORES PATNA,659131016722,"7,150.85",,690445.84
02-04-2025,UPI/CR/600450753573/Vandana/BKID/vandana444@okaxis/UPI,030347081271,,"11,700.39",702146.23
02-04-2025,UPI/DR/925772572324/Shreya/UCBA/shreya507@paytm/UPI,900157992799,"16,600.68",,685545.55
04-04-2025,SALARY CREDIT/S0424289956612/Cipla Limited,578149323933,,"124,777.68",810323.23
05-04-2025,UPI/DR/135171166314/Vi/PAYTM/vi@airtelaxis/UPI,058112036237,239.00,,810084.23
06-04-2025,NACH/MANDATE/LN677058223230/Tata Capital Finance,138877506982,"20,000.00",,790084.23
06-04-2025,UPI/DR/637227097751/Blinkit/ICICI/blinkit@kotak/UPI,129562616257,"1,760.38",,788323.85
06-04-2025,UPI/CR/863027555993/Vishal/SBIN/3536875461@apl/UPI,684897224451,,"8,400.20",796724.05
07-04-2025,UPI/DR/635453060590/Nykaa/PAYTM/nykaa@razorpay/UPI,582388158461,"1,400.76",,795323.29
07-04-2025,UPI/DR/541694816141/Saurabh/HDFC/saurabhmeno26@oksbi/UPI,282608933369,"14,800.58",,780522.71
07-04-2025,UPI/DR/514653990717/Sunil/KKBK/5717006415@apl/UPI,938987858160,"18,150.76",,762371.95
08-04-2025,UPI/DR/991059068767/Amazon/ICICI/amazon@apl/UPI,727735006914,"2,790.55",,759581.40
08-04-2025,POS BHARAT PETROLEUM PATNA,370933704043,"3,300.95",,756280.45
08-04-2025,UPI/DR/086224565731/Krishna/KKBK/krishnathap91@ibl/UPI,657273277770,"2,350.37",,753930.08
09-04-2025,UPI/DR/291818521363/PhonePe/ICICI/phonepe@ybl/UPI,375568287881,"1,900.08",,752030.00
09-04-2025,UPI/DR/167466849534/Naresh/UCBA/naresh636@ptsbi/UPI,692269667330,"14,900.66",,737129.34
09-04-2025,NACH/MANDATE/RNT5409815/RENT MANDATE,824401675209,"12,500.00",,724629.34
09-04-2025,UPI/DR/986468824415/Zomato/ICICI/zomato@axisbank/UPI,218877584437,520.62,,724108.72
10-04-2025,UPI/CR/889498124091/Dinesh/BDBL/9339577826@ybl/UPI,644088237784,,"5,700.09",729808.81
10-04-2025,UPI/DR/724358219794/Swiggy/ICICI/swiggy@icici/UPI,537472297905,"2,800.81",,727008.00
10-04-2025,UPI/CR/409477429627/Deepa/KKBK/deepa.kapoor@ptsbi/UPI,519381780085,,"5,700.75",732708.75
10-04-2025,UPI/DR/170375801212/Kunal/BARB/kunal707@ptsbi/UPI,268205718807,"15,400.73",,717308.02
11-04-2025,ATM CASH WITHDRAWAL/05203/PATNA,128162302287,"1,500.00",,715808.02
11-04-2025,UPI/DR/406774074026/Rapido/PAYTM/rapido@icici/UPI,939718645543,660.35,,715147.67
13-04-2025,UPI/DR/990514268384/Shreya/HDFC/shreyasen88@okaxis/UPI,772378753319,"21,450.77",,693696.90
13-04-2025,POS PANTALOONS PATNA,750423437619,"1,950.36",,691746.54
13-04-2025,NACH/MANDATE/SIP7168777/Mirae Asset MF,276462250694,"4,500.00",,687246.54
13-04-2025,UPI/DR/610095947372/Netmeds/ICICI/netmeds@paytm/UPI,069878054965,"2,660.06",,684586.48
14-04-2025,POS MAX FASHION PATNA,331228949602,"1,950.35",,682636.13
14-04-2025,UPI/DR/578739350699/Vi/PAYTM/vi@airtelaxis/UPI,951410894150,829.00,,681807.13
14-04-2025,UPI/DR/878669281754/Uber/PAYTM/uber@paytm/UPI,947224389352,780.62,,681026.51
15-04-2025,UPI/DR/542062457927/Indane/ICICI/indanegas@upi/UPI,601669681882,"2,600.27",,678426.24
16-04-2025,UPI/DR/524993819725/Hathway/RAZORPAY/broadband@paytm/UPI,451994857047,799.00,,677627.24
17-04-2025,UPI/DR/158117408174/KSEB/UPIN/ksebpayment@upi/UPI,410387506277,"4,200.97",,673426.27
17-04-2025,UPI/DR/620947931397/Myntra/ICICI/myntra@ybl/UPI,953559865630,599.00,,672827.27
17-04-2025,ATM CASH WITHDRAWAL/09448/PATNA,052456034008,"9,500.00",,663327.27
17-04-2025,UPI/DR/766970258509/Dunzo/ICICI/dunzo@razorpay/UPI,923067918733,"1,550.30",,661776.97
18-04-2025,UPI/DR/353166994332/Zepto/ICICI/zepto@apl/UPI,850983575275,480.65,,661296.32
18-04-2025,UPI/DR/127864253630/Paytm/ICICI/paytm@paytm/UPI,418298613927,710.52,,660585.80
18-04-2025,POS V MART PATNA,234227683903,"8,400.87",,652184.93
19-04-2025,NEFT/N7693065496051/ICICI Lombard GIC,685102250931,,"11,000.62",663185.55
21-04-2025,UPI/DR/080604680123/Uber/PAYTM/uber@paytm/UPI,429091683922,780.21,,662405.34
21-04-2025,UPI/DR/495854867867/Rani/UCBA/5500017021@okicici/UPI,892990026074,"13,500.90",,648904.44
21-04-2025,UPI/CR/603056354511/Manish/UCBA/manishnamb67@kotak/UPI,773909605991,,"17,550.56",666455.00
21-04-2025,POS PANTALOONS PATNA,250978888701,"7,150.84",,659304.16
21-04-2025,UPI/DR/723008612470/Gaurav/KKBK/gaurav567@paytm/UPI,881937243632,"4,750.62",,654553.54
21-04-2025,UPI/DR/385753566689/Blinkit/ICICI/blinkit@kotak/UPI,191013881662,"1,270.46",,653283.08
22-04-2025,UPI/DR/632550045617/Flipkart/PAYTM/flipkart@ybl/UPI,255842542058,"2,350.87",,650932.21
22-04-2025,POS V MART PATNA,131128741158,700.47,,650231.74
24-04-2025,UPI/DR/787701671575/Mohan/SBIN/mohan664@ptaxis/UPI,992569314212,"10,500.04",,639731.70
24-04-2025,UPI/DR/072698017877/BSNL/ICICI/bsnlbroadband@upi/UPI,182588125279,"1,460.50",,638271.20
24-04-2025,UPI/CR/126737428893/Rohit/KKBK/rohit.mishra@oksbi/UPI,288921183084,,"14,600.95",652872.15
25-04-2025,ATM CASH WITHDRAWAL/71030/PATNA,981191435390,"3,000.00",,649872.15
25-04-2025,POS HP PETROL PUMP PATNA,482616746160,"2,950.08",,646922.07
27-04-2025,UPI/CR/442035590208/Usha/PUNB/ushaseth50@kotak/UPI,760332318200,,"8,350.40",655272.47
27-04-2025,UPI/DR/062925427175/Flipkart/ICICI/flipkart@ybl/UPI,378598988236,460.68,,654811.79
27-04-2025,ATM CASH WITHDRAWAL/29034/PATNA,074748844715,"6,000.00",,648811.79
27-04-2025,IMPS-957844704507-Mohan Srivastava,918304615321,"39,100.61",,609711.18
27-04-2025,POS BIG BAZAAR PATNA,570777524073,"1,950.28",,607760.90
28-04-2025,UPI/DR/174308222576/Amazon/ICICI/amazon@apl/UPI,877819562730,"1,030.41",,606730.49
28-04-2025,ATM CASH WITHDRAWAL/94652/PATNA,180246346169,"9,500.00",,597230.49
28-04-2025,UPI/DR/973716604995/Mina/UCBA/mina570@ibl/UPI,107027273274,"13,750.02",,583480.47
28-04-2025,UPI/DR/513440953910/Blinkit/ICICI/blinkit@kotak/UPI,762525887730,"2,590.16",,580890.31
29-04-2025,UPI/DR/690617215589/Dunzo/ICICI/dunzo@razorpay/UPI,596535592526,"1,190.45",,579699.86
30-04-2025,POS HP PETROL PUMP PATNA,729462188100,"4,000.51",,575699.35
01-05-2025,POS SHELL FUEL STATION PATNA,374381252107,"2,500.08",,573199.27
01-05-2025,UPI/CR/574317551442/Amit/UCBA/amit385@ybl/UPI,434977229453,,"1,000.65",574199.92
01-05-2025,ATM CASH WITHDRAWAL/63411/PATNA,928881239006,"9,000.00",,565199.92
01-05-2025,POS BRAND FACTORY PATNA,681501442176,"2,950.74",,562249.18
01-05-2025,UPI/DR/901987406718/Zepto/ICICI/zepto@apl/UPI,887943761913,"2,510.91",,559738.27
02-05-2025,UPI/DR/998333413614/Saurabh/HDFC/saurabhkuma47@oksbi/UPI,117171663746,"7,600.32",,552137.95
02-05-2025,ATM CASH WITHDRAWAL/48459/PATNA,561074605596,"4,500.00",,547637.95
02-05-2025,UPI/DR/113026331819/Uber/PAYTM/uber@paytm/UPI,963953121444,820.83,,546817.12
02-05-2025,UPI/DR/016998963164/Flipkart/ICICI/flipkart@ybl/UPI,488735526825,"1,820.77",,544996.35
02-05-2025,UPI/DR/948522644566/Vi/PAYTM/vi@airtelaxis/UPI,948810065455,779.00,,544217.35
03-05-2025,ATM CASH WITHDRAWAL/62721/PATNA,245083884467,"6,000.00",,538217.35
03-05-2025,UPI/DR/217406759270/Amazon/PAYTM/amazon@apl/UPI,245682091081,"3,550.34",,534667.01
03-05-2025,UPI/DR/627772253825/Zomato/ICICI/zomato@axisbank/UPI,075286005511,"2,760.32",,531906.69
04-05-2025,UPI/DR/779977332629/Swiggy/ICICI/swiggy@icici/UPI,665073243728,450.73,,531455.96
04-05-2025,SALARY CREDIT/S8124891765855/Cipla Limited,355112069668,,"124,988.68",656444.64
06-05-2025,NACH/MANDATE/RNT9747181/RENT MANDATE,544764560035,"12,500.00",,643944.64
06-05-2025,UPI/DR/865093257306/Rahul/BDBL/rahul311@ptaxis/UPI,048663938850,"14,750.95",,629193.69
07-05-2025,UPI/DR/853129177388/Amazon/ICICI/amazon@apl/UPI,227541719498,590.80,,628602.89
09-05-2025,POS LIFESTYLE STORES PATNA,817829820364,"3,150.09",,625452.80
09-05-2025,UPI/CR/506953470068/Sarita/BDBL/saritachat23@okicici/UPI,075978938648,,"6,800.89",632253.69
10-05-2025,POS MAX FASHION PATNA,945489860699,"2,800.90",,629452.79
10-05-2025,UPI/DR/310139086180/Hathway/RAZORPAY/broadband@paytm/UPI,021769821199,"1,299.00",,628153.79
12-05-2025,NACH/MANDATE/LN677058223230/Tata Capital Finance,568471215487,"20,000.00",,608153.79
12-05-2025,POS MORE SUPER MARKET PATNA,025167866185,"4,550.96",,603602.83
13-05-2025,UPI/DR/322239362217/Blinkit/ICICI/blinkit@kotak/UPI,767753790197,470.45,,603132.38
13-05-2025,NACH/MANDATE/SIP3528581/Mirae Asset MF,931587436811,"4,500.00",,598632.38
13-05-2025,UPI/DR/177637241158/Blinkit/ICICI/blinkit@kotak/UPI,477888501674,"1,170.57",,597461.81
14-05-2025,POS BIG BAZAAR PATNA,420180900834,"8,100.32",,589361.49
14-05-2025,UPI/CR/974394437503/Sapna/KKBK/5294661018@ptsbi/UPI,689833284146,,"13,500.23",602861.72
15-05-2025,UPI/DR/692285927993/Paytm/ICICI/paytm@paytm/UPI,755825415524,"2,120.09",,600741.63
16-05-2025,POS HP PETROL PUMP PATNA,019643643288,"3,450.42",,597291.21
17-05-2025,UPI/DR/272817320477/KSEB/UPIN/ksebpayment@upi/UPI,605846418393,"1,500.48",,595790.73
18-05-2025,UPI/DR/709436081199/Geeta/BKID/4634819884@oksbi/UPI,652000274918,"14,300.67",,581490.06
20-05-2025,UPI/DR/128028976964/Vi/PAYTM/vi@airtelaxis/UPI,888386810959,519.00,,580971.06
20-05-2025,UPI/DR/558268615087/Nykaa/PAYTM/nykaa@razorpay/UPI,882918902924,"1,500.78",,579470.28
20-05-2025,ATM CASH WITHDRAWAL/39382/PATNA,188032182072,"2,500.00",,576970.28
22-05-2025,UPI/DR/770360378752/Vi/PAYTM/vi@airtelaxis/UPI,731646156303,529.00,,576441.28
22-05-2025,UPI/DR/441886318179/Ola/PAYTM/olamoney@ola/UPI,964590818300,870.82,,575570.46
23-05-2025,UPI/DR/298066233705/Indane/ICICI/indanegas@upi/UPI,889672512539,"2,450.54",,573119.92
23-05-2025,UPI/DR/139237627644/Dunzo/ICICI/dunzo@razorpay/UPI,116113534379,170.02,,572949.90
24-05-2025,UPI/DR/926213905363/Ola/PAYTM/olamoney@ola/UPI,655109203671,590.72,,572359.18
25-05-2025,UPI/CR/277311996242/Ravi/HDFC/9867795357@okhdfcbank/UPI,276907324162,,"7,900.05",580259.23
27-05-2025,UPI/DR/463720848145/Vikram/UCBA/3151308194@ptsbi/UPI,973876817917,"18,200.61",,562058.62
28-05-2025,UPI/DR/765819432502/Uber/PAYTM/uber@paytm/UPI,079759501945,210.47,,561848.15
28-05-2025,POS D MART PATNA,266862274838,450.42,,561397.73
28-05-2025,UPI/DR/829206707357/Uber/PAYTM/uber@paytm/UPI,657852347274,230.72,,561167.01
29-05-2025,POS HP PETROL PUMP PATNA,175315779280,"3,150.86",,558016.15
30-05-2025,UPI/DR/718194391168/Geeta/BARB/0724441797@kotak/UPI,832115325576,"20,600.01",,537416.14
30-05-2025,UPI/DR/989435124371/Nisha/UTIB/9549558295@okicici/UPI,883133280078,"21,450.91",,515965.23
30-05-2025,UPI/DR/263862140719/Swiggy/ICICI/swiggy@icici/UPI,761432701779,240.86,,515724.37
31-05-2025,ATM CASH WITHDRAWAL/31554/PATNA,890935387582,"5,000.00",,510724.37
01-06-2025,POS HP PETROL PUMP PATNA,473491255937,"1,400.69",,509323.68
02-06-2025,POS STAR BAZAAR PATNA,838840386733,"2,500.59",,506823.09
02-06-2025,UPI/DR/767516141938/Myntra/PAYTM/myntra@ybl/UPI,133742396380,"2,950.96",,503872.13
03-06-2025,UPI/DR/251616244213/Myntra/PAYTM/myntra@ybl/UPI,210653531039,"2,950.64",,500921.49
03-06-2025,UPI/CR/004049420298/Siddharth/BARB/siddharth531@oksbi/UPI,312464268020,,"18,800.79",519722.28
04-06-2025,UPI/DR/013369069808/Vi/PAYTM/vi@airtelaxis/UPI,383244241353,599.00,,519123.28
04-06-2025,IMPS-854028926909-Mohit Thapar,517214161830,"6,500.16",,512623.12
05-06-2025,UPI/DR/565940658940/Pooja/BDBL/pooja719@ptaxis/UPI,146494720389,"8,050.48",,504572.64
05-06-2025,SALARY CREDIT/S2991197993029/Cipla Limited,784249784080,,"126,044.68",630617.32
05-06-2025,UPI/DR/813251843664/Dunzo/ICICI/dunzo@razorpay/UPI,004411890743,"2,710.26",,627907.06
05-06-2025,UPI/DR/808810110441/Flipkart/ICICI/flipkart@ybl/UPI,299112528243,"2,430.06",,625477.00
07-06-2025,ATM CASH WITHDRAWAL/57629/PATNA,219193564398,"1,000.00",,624477.00
07-06-2025,POS BRAND FACTORY PATNA,982646286893,"2,950.10",,621526.90
07-06-2025,UPI/DR/894625933843/Reliance/LICI/licindia@licindia/UPI,953160229154,"3,800.00",,617726.90
07-06-2025,UPI/CR/919817899933/Vishal/HDFC/9053123309@ibl/UPI,388468798027,,"10,600.46",628327.36
08-06-2025,UPI/DR/920553878364/Zepto/ICICI/zepto@apl/UPI,225660486011,"2,420.23",,625907.13
08-06-2025,NACH/MANDATE/LN677058223230/Tata Capital Finance,856620766667,"20,000.00",,605907.13
08-06-2025,NACH/MANDATE/RNT5043708/RENT MANDATE,087909767151,"12,500.00",,593407.13
08-06-2025,UPI/DR/142726874071/Dunzo/ICICI/dunzo@razorpay/UPI,461849752179,430.37,,592976.76
08-06-2025,UPI/DR/028867059047/Dunzo/ICICI/dunzo@razorpay/UPI,835339655603,"2,260.56",,590716.20
10-06-2025,ATM CASH WITHDRAWAL/38482/PATNA,556903185813,"4,000.00",,586716.20
10-06-2025,UPI/DR/485516333625/Uber/ICICI/uber@paytm/UPI,545320700466,440.17,,586276.03
11-06-2025,UPI/DR/211674034503/Zomato/ICICI/zomato@axisbank/UPI,248722301776,520.75,,585755.28
11-06-2025,UPI/DR/541043060214/BigBasket/ICICI/bigbasket@ybl/UPI,904555392990,"1,540.73",,584214.55
11-06-2025,POS BIG BAZAAR PATNA,802793616232,"6,100.52",,578114.03
12-06-2025,POS RELIANCE PETROLEUM PATNA,418331305987,850.59,,577263.44
13-06-2025,UPI/DR/673803232321/Girish/BKID/girish.dubey@oksbi/UPI,216652993040,"5,350.33",,571913.11
13-06-2025,POS PANTALOONS PATNA,242452331831,"7,400.83",,564512.28
13-06-2025,UPI/DR/167811744521/1mg/ICICI/tatahealth@icici/UPI,394665645305,"2,450.84",,562061.44
14-06-2025,UPI/DR/360200083577/Dunzo/ICICI/dunzo@razorpay/UPI,141294114561,"1,520.76",,560540.68
14-06-2025,UPI/DR/075040647570/Indane/ICICI/indanegas@upi/UPI,194144050812,"1,700.56",,558840.12
14-06-2025,UPI/DR/034789882915/Paytm/ICICI/paytm@paytm/UPI,795219593909,"2,120.69",,556719.43
14-06-2025,POS RELIANCE MART PATNA,836882894515,"7,400.10",,549319.33
16-06-2025,POS MAX FASHION PATNA,510585193681,"1,950.21",,547369.12
16-06-2025,UPI/DR/650514792051/Sangita/SBIN/5995318803@ibl/UPI,221153505653,"16,200.26",,531168.86
16-06-2025,POS V MART PATNA,821467189732,"1,050.94",,530117.92
16-06-2025,ATM CASH WITHDRAWAL/35261/PATNA,749410849271,"1,500.00",,528617.92
17-06-2025,NACH/MANDATE/SIP8856991/Mirae Asset MF,149973087672,"4,500.00",,524117.92
18-06-2025,UPI/DR/511123436859/Ola/PAYTM/olamoney@ola/UPI,544237487580,900.02,,523217.90
18-06-2025,UPI/DR/283110228723/Rapido/PAYTM/rapido@icici/UPI,122737676777,120.82,,523097.08
18-06-2025,UPI/DR/120890737412/PhonePe/ICICI/phonepe@ybl/UPI,409581976062,380.38,,522716.70
19-06-2025,UPI/CR/873451162195/Kamal/BDBL/kamaljosh15@upi/UPI,859546234669,,"13,200.97",535917.67
19-06-2025,UPI/DR/199354380012/Flipkart/ICICI/flipkart@ybl/UPI,244208942969,420.84,,535496.83
19-06-2025,UPI/CR/189154748503/Vijay/FDRL/vijay282@paytm/UPI,874041306764,,"8,950.01",544446.84
20-06-2025,UPI/DR/597352514151/Vikram/BDBL/vikram.bose@ybl/UPI,789400601433,"4,950.64",,539496.20
20-06-2025,UPI/DR/897163732992/Rapido/PAYTM/rapido@icici/UPI,315007929600,850.20,,538646.00
20-06-2025,UPI/DR/116273995900/KSEB/UPIN/ksebpayment@upi/UPI,190826715147,"3,150.39",,535495.61
21-06-2025,UPI/DR/010457730426/Uber/ICICI/uber@paytm/UPI,799261853588,170.43,,535325.18
21-06-2025,UPI/DR/520728918722/Girish/BDBL/girish770@pthdfc/UPI,734784060831,"13,650.92",,521674.26
22-06-2025,UPI/DR/704596923093/Myntra/PAYTM/myntra@ybl/UPI,599332376260,"5,600.23",,516074.03
23-06-2025,ATM CASH WITHDRAWAL/31818/PATNA,570943321405,"7,000.00",,509074.03
23-06-2025,UPI/DR/247440856229/Mamta/UTIB/mamta691@ptaxis/UPI,190056252359,"11,650.84",,497423.19
24-06-2025,ATM CASH WITHDRAWAL/55367/PATNA,464219847847,"4,000.00",,493423.19
25-06-2025,UPI/CR/219711321657/Radha/UTIB/radharedd81@ptaxis/UPI,592526616315,,"9,600.57",503023.76
25-06-2025,UPI/DR/936912211298/Rapido/PAYTM/rapido@icici/UPI,820075990775,410.98,,502612.78
26-06-2025,POS RELIANCE PETROLEUM PATNA,944868291440,"2,500.12",,500112.66
26-06-2025,UPI/CR/882943591093/Girish/BDBL/girish.jain@apl/UPI,567107990302,,"7,600.64",507713.30
26-06-2025,SERVICE CHARGES,082690656900,130.00,,507583.30
26-06-2025,GST ON CHARGES,265211980059,23.40,,507559.90
26-06-2025,INTEREST CREDIT,148581704811,,"1,140.49",508700.39
27-06-2025,UPI/DR/707494009142/Hathway/RAZORPAY/broadband@paytm/UPI,203208553011,999.00,,507701.39
27-06-2025,UPI/DR/277512284699/Vi/PAYTM/vi@airtelaxis/UPI,639669357001,989.00,,506712.39
28-06-2025,ATM CASH WITHDRAWAL/95903/PATNA,093652991343,"4,500.00",,502212.39
28-06-2025,IMPS-313600261150-Archana Tiwari,246948373114,"40,400.64",,461811.75
28-06-2025,UPI/DR/038817248087/Kapil/UTIB/2372211175@okhdfcbank/UPI,237632660301,"13,600.47",,448211.28
28-06-2025,UPI/DR/747586793724/Vi/PAYTM/vi@airtelaxis/UPI,135213876615,289.00,,447922.28
28-06-2025,UPI/DR/350316549435/Ola/PAYTM/olamoney@ola/UPI,113459159275,660.82,,447261.46
28-06-2025,UPI/DR/661113190173/Ola/ICICI/olamoney@ola/UPI,107180849190,"2,390.76",,444870.70
30-06-2025,UPI/DR/543482411475/Gopal/SBIN/gopal105@ibl/UPI,913900707711,"2,600.18",,442270.52
01-07-2025,POS SHOPPERS STOP PATNA,379195443224,"6,000.71",,436269.81
02-07-2025,UPI/CR/073359528663/Kavya/HDFC/1543275935@ibl/UPI,711302237826,,"8,150.59",444420.40
03-07-2025,ATM CASH WITHDRAWAL/22750/PATNA,212328076384,"9,000.00",,435420.40
03-07-2025,UPI/DR/501684175430/Vi/PAYTM/vi@airtelaxis/UPI,674804508119,329.00,,435091.40
03-07-2025,SALARY CREDIT/S0208596459473/Cipla Limited,217708446055,,"122,312.68",557404.08
04-07-2025,UPI/DR/563919235837/Paytm/ICICI/paytm@paytm/UPI,562440886837,"1,330.20",,556073.88
04-07-2025,UPI/DR/480135850668/Deepak/FDRL/deepak.ghosh@ptaxis/UPI,505602147706,"14,700.76",,541373.12
04-07-2025,UPI/CR/946224703612/Sanjay/BDBL/sanjaynaik79@ptsbi/UPI,860927615287,,"21,750.04",563123.16
05-07-2025,UPI/DR/504105152702/BSNL/ICICI/bsnlbroadband@upi/UPI,560793572208,"1,170.10",,561953.06
05-07-2025,UPI/DR/542504158028/Amazon/PAYTM/amazon@apl/UPI,784831561961,"3,200.20",,558752.86
05-07-2025,UPI/DR/287090902730/Flipkart/ICICI/flipkart@ybl/UPI,855040430292,660.16,,558092.70
05-07-2025,ATM CASH WITHDRAWAL/16688/PATNA,823220165780,"9,500.00",,548592.70
06-07-2025,UPI/DR/539344517491/Ola/ICICI/olamoney@ola/UPI,454408617256,"1,930.61",,546662.09
07-07-2025,UPI/DR/801596630168/Sarita/UTIB/7302422217@ptsbi/UPI,074783174283,"17,650.80",,529011.29
07-07-2025,POS SHELL FUEL STATION PATNA,071933020572,"1,150.78",,527860.51
07-07-2025,NACH/MANDATE/RNT4267692/RENT MANDATE,465694913349,"12,500.00",,515360.51
08-07-2025,IMPS-100175958381-Divya Naik,739765607559,"31,400.23",,483960.28
08-07-2025,POS BHARAT PETROLEUM PATNA,399800747753,"3,400.58",,480559.70
09-07-2025,NACH/MANDATE/LN677058223230/Tata Capital Finance,199997270054,"20,000.00",,460559.70
09-07-2025,UPI/DR/470779187515/KSEB/UPIN/ksebpayment@upi/UPI,644684733824,"1,950.12",,458609.58
10-07-2025,UPI/DR/670666024940/1mg/ICICI/tatahealth@icici/UPI,139637041603,"1,050.17",,457559.41
11-07-2025,POS SHELL FUEL STATION PATNA,224089216322,"4,250.04",,453309.37
11-07-2025,UPI/DR/933025789880/PhonePe/ICICI/phonepe@ybl/UPI,082875409584,"1,610.59",,451698.78
12-07-2025,UPI/DR/176048347159/BSNL/ICICI/bsnlbroadband@upi/UPI,647912645444,890.35,,450808.43
12-07-2025,UPI/DR/335722526529/Jio/ICICI/jio@paytm/UPI,787041988365,"1,750.43",,449058.00
12-07-2025,NACH/MANDATE/SIP5579074/Mirae Asset MF,308178594534,"4,500.00",,444558.00
12-07-2025,UPI/DR/353060516957/Divya/BKID/divya.mehta@kotak/UPI,169998232689,"10,400.21",,434157.79
12-07-2025,UPI/DR/798235149708/Uber/ICICI/uber@paytm/UPI,550899138205,"2,330.67",,431827.12
14-07-2025,UPI/DR/497697061482/Mohan/UTIB/mohan.chatterjee@ybl/UPI,072722955921,"4,050.94",,427776.18
14-07-2025,UPI/DR/830740570961/Varun/BARB/varunpill65@ibl/UPI,357709308116,"7,600.26",,420175.92
15-07-2025,UPI/DR/407465792781/BigBasket/ICICI/bigbasket@ybl/UPI,114853807349,490.70,,419685.22
15-07-2025,UPI/DR/869182829809/Rapido/PAYTM/rapido@icici/UPI,512179297192,840.95,,418844.27
15-07-2025,UPI/DR/875939425805/Vi/PAYTM/vi@airtelaxis/UPI,896231988021,859.00,,417985.27
15-07-2025,UPI/DR/350064311172/Sapna/KKBK/sapna471@ptyes/UPI,944745601294,200.79,,417784.48
15-07-2025,UPI/DR/247471620967/Indane/ICICI/indanegas@upi/UPI,734685008625,"1,850.70",,415933.78
15-07-2025,ATM CASH WITHDRAWAL/98452/PATNA,450982658904,"7,000.00",,408933.78
16-07-2025,UPI/DR/243969046536/Blinkit/ICICI/blinkit@kotak/UPI,733108810268,470.28,,408463.50
16-07-2025,POS BRAND FACTORY PATNA,787208472323,"1,900.66",,406562.84
16-07-2025,UPI/DR/310023956422/BigBasket/ICICI/bigbasket@ybl/UPI,854204228653,"1,650.35",,404912.49
17-07-2025,POS VISHAL MEGA MART PATNA,636081334140,"6,350.96",,398561.53
18-07-2025,UPI/DR/970151229992/PhonePe/ICICI/phonepe@ybl/UPI,294054284735,"2,740.52",,395821.01
19-07-2025,POS CENTRAL MALL PATNA,313311471560,"3,900.75",,391920.26
20-07-2025,UPI/DR/751934939851/Swiggy/ICICI/swiggy@icici/UPI,917591985375,"1,610.92",,390309.34
21-07-2025,UPI/DR/321186228435/Asha/UCBA/6616878995@oksbi/UPI,976524440843,"2,100.08",,388209.26
21-07-2025,UPI/DR/363489378951/Vi/PAYTM/vi@airtelaxis/UPI,950979099753,529.00,,387680.26
21-07-2025,POS PANTALOONS PATNA,893401145686,"6,050.37",,381629.89
21-07-2025,POS V MART PATNA,260762629944,"4,900.64",,376729.25
22-07-2025,UPI/DR/744534722676/Uber/PAYTM/uber@paytm/UPI,907881685184,190.43,,376538.82
22-07-2025,UPI/CR/629394580359/Kiran/FDRL/kiran849@upi/UPI,710499125784,,"5,450.28",381989.10
23-07-2025,UPI/DR/260731610458/Kiran/UCBA/kiran747@ibl/UPI,634732737814,"7,350.44",,374638.66
24-07-2025,UPI/DR/418694563813/Flipkart/ICICI/flipkart@ybl/UPI,595386375341,"2,390.16",,372248.50
24-07-2025,ATM CASH WITHDRAWAL/68753/PATNA,147106592557,"1,000.00",,371248.50
24-07-2025,UPI/DR/004173033287/Amazon/ICICI/amazon@apl/UPI,263140741156,"1,320.99",,369927.51
25-07-2025,NEFT/N3569891393647/L&T Infotech Ltd,179638772509,,"24,500.41",394427.92
26-07-2025,ATM CASH WITHDRAWAL/16468/PATNA,735187232719,"3,000.00",,391427.92
26-07-2025,UPI/DR/675543471316/BigBasket/ICICI/bigbasket@ybl/UPI,245068682139,920.21,,390507.71
27-07-2025,UPI/DR/011468806899/Hotstar/ICICI/hotstar@hdfcbank/UPI,214226502271,699.00,,389808.71
27-07-2025,ATM CASH WITHDRAWAL/85139/PATNA,675435585533,"5,500.00",,384308.71
27-07-2025,UPI/DR/160928957016/Ola/PAYTM/olamoney@ola/UPI,439043572614,630.83,,383677.88
27-07-2025,UPI/CR/577377739172/Dinesh/UCBA/dineshdube34@ptaxis/UPI,388592322670,,"2,900.84",386578.72
28-07-2025,UPI/DR/792028987720/Vi/PAYTM/vi@airtelaxis/UPI,077813041154,639.00,,385939.72
28-07-2025,UPI/DR/242736018406/Vi/PAYTM/vi@airtelaxis/UPI,467263206799,589.00,,385350.72
29-07-2025,UPI/DR/455182124702/Amazon/ICICI/amazon@apl/UPI,661960766067,450.80,,384899.92
29-07-2025,UPI/DR/650160911992/Uber/PAYTM/uber@paytm/UPI,870716957473,640.96,,384258.96
31-07-2025,UPI/DR/257692937382/Paytm/ICICI/paytm@paytm/UPI,278171314266,870.18,,383388.78
02-08-2025,UPI/DR/279519394898/Blinkit/ICICI/blinkit@kotak/UPI,573394128245,490.75,,382898.03
02-08-2025,UPI/DR/279914441604/Dunzo/ICICI/dunzo@razorpay/UPI,322712106953,"2,760.12",,380137.91
03-08-2025,UPI/DR/397978491426/Ola/PAYTM/olamoney@ola/UPI,331641363116,740.23,,379397.68
03-08-2025,SALARY CREDIT/S6584034806841/Cipla Limited,907185154426,,"125,397.68",504795.36
04-08-2025,POS HP PETROL PUMP PATNA,837745534043,"1,050.24",,503745.12
04-08-2025,POS MAX FASHION PATNA,520020311372,"8,050.44",,495694.68
04-08-2025,IMPS-094682238877-Santosh Sethi,796660688020,"26,500.14",,469194.54
05-08-2025,UPI/CR/994257560382/Gopal/UTIB/gopal446@ybl/UPI,308351283622,,"8,200.39",477394.93
05-08-2025,UPI/CR/616724445837/Archana/HDFC/archana.mukherjee@ptaxis/UPI,104977428607,,"2,000.60",479395.53
05-08-2025,NACH/MANDATE/RNT9352798/RENT MANDATE,758308635688,"12,500.00",,466895.53
05-08-2025,UPI/CR/265835145340/Deepa/BDBL/deepa653@kotak/UPI,089441194282,,"18,250.50",485146.03
05-08-2025,NACH/MANDATE/LN677058223230/Tata Capital Finance,922885770085,"20,000.00",,465146.03
06-08-2025,POS V MART PATNA,404299976730,"3,450.21",,461695.82
06-08-2025,UPI/DR/458081068633/Vi/PAYTM/vi@airtelaxis/UPI,321973350255,229.00,,461466.82
07-08-2025,UPI/DR/438354539890/Flipkart/ICICI/flipkart@ybl/UPI,015311795352,"2,790.68",,458676.14
08-08-2025,UPI/DR/388967608412/Ankit/FDRL/ankitdas87@ybl/UPI,894739444249,"2,550.05",,456126.09
08-08-2025,UPI/DR/052095941551/Anil/FDRL/anil.shah@axl/UPI,875259495833,"7,500.19",,448625.90
09-08-2025,ATM CASH WITHDRAWAL/27206/PATNA,281949960276,"1,500.00",,447125.90
10-08-2025,UPI/DR/792329981795/Geeta/KKBK/geeta.das@okhdfcbank/UPI,885076039550,"8,150.82",,438975.08
10-08-2025,POS HP PETROL PUMP PATNA,422986839254,"3,150.49",,435824.59
12-08-2025,UPI/CR/948648181942/Mamta/UTIB/mamtaverm55@okicici/UPI,809682297575,,"6,200.10",442024.69
12-08-2025,UPI/DR/580927847578/Vi/PAYTM/vi@airtelaxis/UPI,615707768385,969.00,,441055.69
13-08-2025,ATM CASH WITHDRAWAL/80612/PATNA,689214167873,"3,500.00",,437555.69
14-08-2025,UPI/CR/039845489628/Swati/UTIB/2621357799@kotak/UPI,896945214378,,"21,650.10",459205.79
14-08-2025,UPI/DR/636283485999/Hathway/RAZORPAY/broadband@paytm/UPI,723073903100,999.00,,458206.79
14-08-2025,NACH/MANDATE/SIP4254253/Mirae Asset MF,094610523177,"4,500.00",,453706.79
14-08-2025,UPI/DR/789206634088/Indane/ICICI/indanegas@upi/UPI,374070635761,"2,200.86",,451505.93
14-08-2025,UPI/DR/076279841119/Uber/PAYTM/uber@paytm/UPI,474596274639,830.69,,450675.24
15-08-2025,UPI/DR/505495788724/BSNL/ICICI/bsnlbroadband@upi/UPI,724012678035,840.71,,449834.53
15-08-2025,UPI/DR/792733318018/Uber/ICICI/uber@paytm/UPI,891128262350,"2,070.19",,447764.34
16-08-2025,POS BRAND FACTORY PATNA,308680285981,"5,850.25",,441914.09
17-08-2025,UPI/DR/862215247019/Uber/PAYTM/uber@paytm/UPI,092113565994,330.16,,441583.93
17-08-2025,UPI/CR/154465722249/Varun/BDBL/6631980086@oksbi/UPI,884822600664,,"6,400.07",447984.00
18-08-2025,UPI/CR/303131850667/Vijay/HDFC/2623065397@upi/UPI,903205453978,,"11,950.70",459934.70
18-08-2025,UPI/DR/315262579696/Vi/PAYTM/vi@airtelaxis/UPI,230714341017,989.00,,458945.70
18-08-2025,UPI/DR/671657082453/Jio/ICICI/jio@paytm/UPI,363517516729,"2,710.09",,456235.61
19-08-2025,UPI/DR/847897796642/Seema/KKBK/seemasen24@aubank/UPI,195268060433,"3,000.41",,453235.20
19-08-2025,UPI/DR/859595559419/KSEB/UPIN/ksebpayment@upi/UPI,819303006160,"2,400.98",,450834.22
19-08-2025,UPI/DR/642809238830/Jio/ICICI/jio@paytm/UPI,327080755963,950.07,,449884.15
20-08-2025,UPI/CR/684590800535/Arjun/BDBL/arjunseth78@kotak/UPI,892163671417,,"11,000.77",460884.92
21-08-2025,UPI/DR/734371894782/Ola/PAYTM/olamoney@ola/UPI,900035751163,100.99,,460783.93
22-08-2025,UPI/DR/140776298216/Mohan/FDRL/2633053960@ibl/UPI,289379775297,"20,900.80",,439883.13
23-08-2025,UPI/DR/505878756717/Rekha/BKID/rekha481@oksbi/UPI,644125012434,"5,300.75",,434582.38
23-08-2025,UPI/DR/920353213114/Jio/ICICI/jio@paytm/UPI,000456836702,"1,570.05",,433012.33
23-08-2025,UPI/DR/368106799963/Vijay/SBIN/vijaydube79@aubank/UPI,692166887146,"11,700.96",,421311.37
23-08-2025,ATM CASH WITHDRAWAL/02885/PATNA,113705260493,"9,000.00",,412311.37
23-08-2025,ATM CASH WITHDRAWAL/14014/PATNA,046535326651,"9,500.00",,402811.37
24-08-2025,UPI/DR/189697678655/Zomato/ICICI/zomato@axisbank/UPI,864147698873,"2,330.26",,400481.11
24-08-2025,UPI/DR/553917041787/Myntra/PAYTM/myntra@ybl/UPI,839164229577,"5,350.86",,395130.25
24-08-2025,UPI/DR/482052103803/Abhishek/UTIB/abhishekjosh29@axl/UPI,690637600121,"10,250.90",,384879.35
24-08-2025,UPI/CR/746163859350/Rekha/UCBA/rekhaverm30@ybl/UPI,175941659029,,"21,200.98",406080.33
26-08-2025,UPI/DR/039143645910/Vi/PAYTM/vi@airtelaxis/UPI,695768281976,699.00,,405381.33
27-08-2025,UPI/CR/797022197447/Preeti/SBIN/preeti.kapoor@oksbi/UPI,117487777258,,"13,300.06",418681.39
28-08-2025,UPI/DR/771770930275/Uber/PAYTM/uber@paytm/UPI,030210441332,340.65,,418340.74
29-08-2025,UPI/DR/623973931537/Rekha/BDBL/rekhameht59@ptaxis/UPI,831181624273,"18,350.03",,399990.71
29-08-2025,UPI/CR/512505284510/Sapna/BKID/sapna281@aubank/UPI,954136988509,,"1,850.09",401840.80
30-08-2025,UPI/DR/727932905850/Amazon/ICICI/amazon@apl/UPI,006390750885,"2,410.63",,399430.17
01-09-2025,UPI/CR/844308441723/Lata/BDBL/latachop27@axl/UPI,072179136137,,700.34,400130.51
01-09-2025,ATM CASH WITHDRAWAL/06490/PATNA,402106297639,"5,000.00",,395130.51
01-09-2025,UPI/DR/894543803366/Meena/HDFC/meenamukh74@upi/UPI,287117347608,"9,000.24",,386130.27
01-09-2025,UPI/DR/528206423922/Blinkit/ICICI/blinkit@kotak/UPI,375619571953,"1,370.79",,384759.48
01-09-2025,ATM CASH WITHDRAWAL/22777/PATNA,678560210349,"2,500.00",,382259.48
02-09-2025,UPI/DR/824082697803/Ajay/BKID/ajayshar43@okhdfcbank/UPI,231579456982,"15,000.96",,367258.52
03-09-2025,UPI/DR/608262854824/Lata/FDRL/lata.menon@okicici/UPI,201151368996,450.43,,366808.09
03-09-2025,UPI/DR/108214711563/Vi/PAYTM/vi@airtelaxis/UPI,234991491130,909.00,,365899.09
04-09-2025,SALARY CREDIT/S5756459005738/Cipla Limited,838100368002,,"125,308.68",491207.77
04-09-2025,POS INDIAN OIL PATNA,687548544501,"1,800.71",,489407.06
05-09-2025,UPI/DR/558726444822/Ashish/UCBA/ashish292@ptyes/UPI,896624060106,"4,150.02",,485257.04
05-09-2025,UPI/DR/426665911197/Uber/PAYTM/uber@paytm/UPI,881593816666,450.50,,484806.54
06-09-2025,UPI/DR/471073399822/Hathway/RAZORPAY/broadband@paytm/UPI,862914413444,549.00,,484257.54
06-09-2025,POS BHARAT PETROLEUM PATNA,268576638377,"2,800.75",,481456.79
07-09-2025,NACH/MANDATE/RNT7509630/RENT MANDATE,570874155102,"12,500.00",,468956.79
07-09-2025,UPI/DR/102491465646/Jio/ICICI/jio@paytm/UPI,060358974818,"1,940.93",,467015.86
08-09-2025,UPI/DR/215999039203/Reliance/LICI/licindia@licindia/UPI,617987916225,"3,800.00",,463215.86
08-09-2025,UPI/DR/609179199684/Kiran/UTIB/kirantiwa54@ptsbi/UPI,513270726399,"9,350.54",,453865.32
08-09-2025,UPI/DR/140909679883/Asha/BDBL/asha964@okaxis/UPI,446630587143,"11,300.05",,442565.27
09-09-2025,UPI/DR/701445407800/Vivek/FDRL/8121262865@kotak/UPI,856298429101,"16,100.41",,426464.86
10-09-2025,POS BHARAT PETROLEUM PATNA,623798367047,"2,200.01",,424264.85
10-09-2025,UPI/DR/234230793878/Amazon/ICICI/amazon@apl/UPI,006071858340,"1,160.21",,423104.64
11-09-2025,UPI/DR/691851898059/Zepto/ICICI/zepto@apl/UPI,997812269208,"1,960.31",,421144.33
11-09-2025,NACH/MANDATE/LN677058223230/Tata Capital Finance,994058205940,"20,000.00",,401144.33
11-09-2025,UPI/DR/888194759561/Amazon/PAYTM/amazon@apl/UPI,822741420673,"1,450.22",,399694.11
13-09-2025,UPI/DR/067619613739/Rapido/PAYTM/rapido@icici/UPI,338448709522,870.05,,398824.06
13-09-2025,ATM CASH WITHDRAWAL/76941/PATNA,774181896625,"10,000.00",,388824.06
14-09-2025,UPI/DR/205782961021/Practo/ICICI/practo@paytm/UPI,634116649161,999.00,,387825.06
14-09-2025,UPI/DR/446223857594/Ola/ICICI/olamoney@ola/UPI,711866369098,"2,520.58",,385304.48
14-09-2025,NEFT/N0742958591514/Hexaware Technologie,693071535471,,"29,000.23",414304.71
14-09-2025,UPI/DR/811505784837/Dinesh/BKID/dinesh844@ptsbi/UPI,076822723219,"20,850.89",,393453.82
14-09-2025,UPI/CR/886598672075/Ajay/BARB/ajay341@okhdfcbank/UPI,824101689144,,"10,800.57",404254.39
14-09-2025,POS VISHAL MEGA MART PATNA,353263563352,"3,050.66",,401203.73
15-09-2025,UPI/DR/795755798091/Rani/SBIN/6324754868@ibl/UPI,662579451906,"9,100.98",,392102.75
15-09-2025,UPI/CR/549409360742/Brijesh/SBIN/brijeshpate39@aubank/UPI,872574426122,,"8,850.28",400953.03
16-09-2025,UPI/DR/748196529873/Indane/ICICI/indanegas@upi/UPI,504679938874,950.93,,400002.10
17-09-2025,UPI/DR/888741719520/Amazon/ICICI/amazon@apl/UPI,277669499102,"1,780.60",,398221.50
17-09-2025,UPI/DR/145633594107/Vi/PAYTM/vi@airtelaxis/UPI,925345896652,469.00,,397752.50
17-09-2025,ATM CASH WITHDRAWAL/60335/PATNA,815003303837,"4,500.00",,393252.50
17-09-2025,UPI/CR/909805105766/Preeti/BKID/preeti.chopra@okhdfcbank/UPI,029439007842,,"13,500.53",406753.03
17-09-2025,UPI/DR/339619302945/Amazon/ICICI/amazon@apl/UPI,549602081353,"2,720.80",,404032.23
17-09-2025,UPI/CR/790469992528/Kavita/KKBK/5824571368@ibl/UPI,524791346717,,"20,300.01",424332.24
18-09-2025,UPI/CR/788854027997/Kapil/BDBL/8614955360@pthdfc/UPI,429163315577,,"6,800.42",431132.66
18-09-2025,UPI/DR/308852506827/Ola/PAYTM/olamoney@ola/UPI,605315057648,620.85,,430511.81
18-09-2025,UPI/CR/088386295682/Akash/UTIB/akash618@ptyes/UPI,986010390436,,"1,100.08",431611.89
18-09-2025,UPI/DR/600720104470/Uber/PAYTM/uber@paytm/UPI,811800014631,530.29,,431081.60
18-09-2025,UPI/DR/942008805780/Dunzo/ICICI/dunzo@razorpay/UPI,571102787519,"1,870.32",,429211.28
19-09-2025,NACH/MANDATE/SIP2964771/Mirae Asset MF,808572837536,"4,500.00",,424711.28
19-09-2025,UPI/DR/423755997960/KSEB/UPIN/ksebpayment@upi/UPI,862694085277,"3,900.12",,420811.16
20-09-2025,UPI/CR/419463854799/Sarita/BARB/saritaghos93@ptaxis/UPI,967110079689,,"10,600.82",431411.98
20-09-2025,UPI/DR/535209516739/BSNL/ICICI/bsnlbroadband@upi/UPI,083472382926,"2,670.02",,428741.96
21-09-2025,UPI/DR/004413227878/Apollo/ICICI/apollopharmacy@ybl/UPI,807970736908,"1,430.30",,427311.66
22-09-2025,UPI/DR/931566884739/Nykaa/PAYTM/nykaa@razorpay/UPI,098634676680,"1,000.36",,426311.30
22-09-2025,UPI/DR/616883212798/Deepa/BARB/deepa136@ibl/UPI,560913087747,"9,250.54",,417060.76
22-09-2025,UPI/DR/517912772937/Amazon/PAYTM/amazon@apl/UPI,958516118464,"5,750.56",,411310.20
23-09-2025,UPI/DR/161333302513/Ola/ICICI/olamoney@ola/UPI,295159759155,"2,000.29",,409309.91
23-09-2025,POS SHOPPERS STOP PATNA,993544221467,"6,150.24",,403159.67
24-09-2025,UPI/DR/084131486388/Kavita/BKID/kavita.thapar@pthdfc/UPI,780959117722,"13,700.61",,389459.06
24-09-2025,UPI/CR/843827079117/Vandana/UTIB/2313127572@ptaxis/UPI,102322637785,,"14,700.10",404159.16
25-09-2025,INTEREST CREDIT,328591755007,,480.38,404639.54
25-09-2025,UPI/DR/073881648643/Deepak/BDBL/deepak.nambiar@aubank/UPI,851471586675,"12,150.97",,392488.57
25-09-2025,IMPS-429594114059-Ajay Singh,738396516826,"31,000.07",,361488.50
26-09-2025,UPI/DR/813470608075/Vi/PAYTM/vi@airtelaxis/UPI,471779915424,809.00,,360679.50
27-09-2025,ATM CASH WITHDRAWAL/80231/PATNA,632066631572,"10,000.00",,350679.50
27-09-2025,UPI/DR/298929306729/Uber/PAYTM/uber@paytm/UPI,085655611073,700.45,,349979.05
27-09-2025,UPI/CR/822537525792/Prashant/BDBL/prashantchau38@oksbi/UPI,604179587372,,"19,650.80",369629.85
28-09-2025,POS SHELL FUEL STATION PATNA,583590472292,"2,750.88",,366878.97
29-09-2025,POS PANTALOONS PATNA,560382826722,"6,700.26",,360178.71
30-09-2025,UPI/DR/166882827969/Swiggy/ICICI/swiggy@icici/UPI,372254110150,410.47,,359768.24
01-10-2025,POS LIFESTYLE STORES PATNA,957473722590,"4,250.00",,355518.24
01-10-2025,UPI/DR/748156354480/Deepak/FDRL/deepak.kumar@okaxis/UPI,295194652477,"17,700.80",,337817.44
01-10-2025,UPI/CR/196987597870/Vivek/KKBK/vivek.roy@okhdfcbank/UPI,928492356533,,"1,750.19",339567.63
02-10-2025,IMPS-941454092610-Vivek Khanna,329220292882,"21,600.51",,317967.12
02-10-2025,POS BHARAT PETROLEUM PATNA,282403008708,"2,900.00",,315067.12
02-10-2025,UPI/CR/602212921791/Rani/BARB/raniroy92@ybl/UPI,840297426187,,"4,750.07",319817.19
04-10-2025,ATM CASH WITHDRAWAL/74125/PATNA,950209669578,"10,000.00",,309817.19
05-10-2025,SALARY CREDIT/S5843586963498/Cipla Limited,487456141291,,"121,736.68",431553.87
06-10-2025,ATM CASH WITHDRAWAL/00716/PATNA,751419819014,"9,500.00",,422053.87
06-10-2025,UPI/DR/798263184245/Zepto/ICICI/zepto@apl/UPI,751923837987,770.28,,421283.59
06-10-2025,UPI/DR/323903038298/Mina/HDFC/minaredd51@aubank/UPI,927233196108,"16,300.61",,404982.98
07-10-2025,UPI/DR/302141461420/Vi/PAYTM/vi@airtelaxis/UPI,819477394506,379.00,,404603.98
07-10-2025,UPI/DR/783705780348/Amazon/PAYTM/amazon@apl/UPI,724957163145,"2,150.88",,402453.10
07-10-2025,NACH/MANDATE/LN677058223230/Tata Capital Finance,260535547972,"20,000.00",,382453.10
07-10-2025,UPI/DR/969319295963/Nykaa/PAYTM/nykaa@razorpay/UPI,078109264148,"1,450.54",,381002.56
08-10-2025,UPI/DR/622181925277/Rahul/UTIB/rahulshar65@ibl/UPI,893050323337,"3,000.76",,378001.80
08-10-2025,NACH/MANDATE/RNT0580266/RENT MANDATE,728273591077,"12,500.00",,365501.80
09-10-2025,UPI/DR/671229434357/Anil/KKBK/aniljain62@aubank/UPI,614500216627,"16,150.69",,349351.11
11-10-2025,UPI/DR/992478397969/Rapido/PAYTM/rapido@icici/UPI,746386135234,820.47,,348530.64
11-10-2025,UPI/DR/702349976854/Jio/ICICI/jio@paytm/UPI,512410828729,850.65,,347679.99
11-10-2025,UPI/DR/613084535888/Blinkit/ICICI/blinkit@kotak/UPI,011238243804,790.16,,346889.83
12-10-2025,UPI/DR/096788889496/KSEB/UPIN/ksebpayment@upi/UPI,392516575492,"1,100.72",,345789.11
12-10-2025,UPI/DR/425033694834/Ola/PAYTM/olamoney@ola/UPI,468888961779,180.88,,345608.23
12-10-2025,UPI/DR/544758769119/Flipkart/ICICI/flipkart@ybl/UPI,845654798357,460.29,,345147.94
14-10-2025,ATM CASH WITHDRAWAL/09238/PATNA,608354307230,"3,000.00",,342147.94
14-10-2025,UPI/DR/238343012005/Jio/ICICI/jio@paytm/UPI,781188595565,710.99,,341436.95
14-10-2025,POS INDIAN OIL PATNA,073772914482,"1,050.59",,340386.36
14-10-2025,ATM CASH WITHDRAWAL/53462/PATNA,039298222222,"8,500.00",,331886.36
14-10-2025,NACH/MANDATE/SIP5759376/Mirae Asset MF,736913704857,"4,500.00",,327386.36
14-10-2025,UPI/DR/998792882180/IRCTC/ICICI/irctc@upi/UPI,575533585771,649.00,,326737.36
15-10-2025,UPI/CR/728572129378/Manoj/UCBA/manoj646@ptaxis/UPI,360551665439,,"3,650.36",330387.72
15-10-2025,UPI/DR/144341352012/Uber/PAYTM/uber@paytm/UPI,072815073062,140.54,,330247.18
15-10-2025,UPI/CR/584123967469/Sumit/BDBL/sumit.shah@oksbi/UPI,462529312271,,"19,850.04",350097.22
16-10-2025,UPI/DR/158199365366/Seema/SBIN/seemasriv53@pthdfc/UPI,349310771845,"11,650.43",,338446.79
16-10-2025,POS MORE SUPER MARKET PATNA,682583908915,"7,750.98",,330695.81
16-10-2025,POS VISHAL MEGA MART PATNA,459239959040,"7,000.35",,323695.46
17-10-2025,UPI/DR/850353949304/Dunzo/ICICI/dunzo@razorpay/UPI,648225641967,490.51,,323204.95
17-10-2025,UPI/DR/780405811569/Vi/PAYTM/vi@airtelaxis/UPI,889429019955,759.00,,322445.95
17-10-2025,UPI/CR/999242430178/Sarita/PUNB/sarita825@ybl/UPI,216031859842,,"9,150.90",331596.85
17-10-2025,ATM CASH WITHDRAWAL/95537/PATNA,774735268701,"2,000.00",,329596.85
17-10-2025,UPI/DR/943520775379/Dunzo/ICICI/dunzo@razorpay/UPI,219274966971,"1,780.00",,327816.85
18-10-2025,UPI/CR/865434274042/Rakesh/UCBA/rakeshroy44@paytm/UPI,422648649326,,"18,950.22",346767.07
18-10-2025,UPI/DR/078642931165/Rapido/PAYTM/rapido@icici/UPI,318114760634,640.79,,346126.28
18-10-2025,UPI/DR/984246379449/Vivek/PUNB/vivekkulk11@kotak/UPI,315613997509,"20,700.08",,325426.20
18-10-2025,UPI/DR/843079725180/Meena/SBIN/0466838891@paytm/UPI,467180816597,"6,900.86",,318525.34
19-10-2025,UPI/DR/373742896855/Rahul/UCBA/0439918043@ptyes/UPI,771195910023,250.51,,318274.83
19-10-2025,POS RELIANCE PETROLEUM PATNA,387628026152,"2,300.74",,315974.09
19-10-2025,UPI/DR/716149745692/Indane/ICICI/indanegas@upi/UPI,212981975383,"1,300.37",,314673.72
20-10-2025,UPI/DR/935111585108/Hathway/RAZORPAY/broadband@paytm/UPI,641324630620,749.00,,313924.72
20-10-2025,UPI/DR/528352280888/Rani/BKID/rani.khanna@paytm/UPI,948606470956,"14,000.38",,299924.34
21-10-2025,POS METRO CASH CARRY PATNA,463389609925,"1,100.41",,298823.93
21-10-2025,UPI/DR/640565459448/Rapido/PAYTM/rapido@icici/UPI,972577839003,890.64,,297933.29
22-10-2025,POS STAR BAZAAR PATNA,946230878318,850.16,,297083.13
23-10-2025,POS VISHAL MEGA MART PATNA,425921965230,"2,000.90",,295082.23
23-10-2025,UPI/DR/194829423097/BigBasket/ICICI/bigbasket@ybl/UPI,306901707525,"1,540.81",,293541.42
24-10-2025,POS SHELL FUEL STATION PATNA,490746907509,"1,000.61",,292540.81
25-10-2025,UPI/CR/029203593034/Mohit/PUNB/mohitthap18@ptyes/UPI,273144448141,,"13,900.11",306440.92
25-10-2025,POS BRAND FACTORY PATNA,063597980424,"5,500.10",,300940.82
25-10-2025,UPI/DR/605675952153/Prashant/HDFC/prashantiyer15@ptsbi/UPI,974063644675,"15,050.07",,285890.75
26-10-2025,UPI/DR/914753930080/Babita/BKID/8957966856@okicici/UPI,292275751399,"4,100.38",,281790.37
28-10-2025,IMPS-976655373296-Asha Saxena,825063203573,"13,200.21",,268590.16
29-10-2025,UPI/DR/726026480750/Apollo/ICICI/apollopharmacy@ybl/UPI,673910126227,"1,450.75",,267139.41
31-10-2025,UPI/CR/030726054487/Vishal/FDRL/vishal212@oksbi/UPI,252387081408,,"21,300.68",288440.09
31-10-2025,ATM CASH WITHDRAWAL/97718/PATNA,576532220100,"4,500.00",,283940.09
01-11-2025,POS SHELL FUEL STATION PATNA,420820782307,"2,150.55",,281789.54
01-11-2025,ATM CASH WITHDRAWAL/93209/PATNA,068565065808,"5,000.00",,276789.54
02-11-2025,POS INDIAN OIL PATNA,904772674106,"1,750.04",,275039.50
02-11-2025,UPI/DR/869611582650/Mina/UTIB/mina123@apl/UPI,068471413586,"1,050.33",,273989.17
02-11-2025,UPI/DR/398600724063/Shivam/KKBK/shivam127@ybl/UPI,728136661495,"18,050.20",,255938.97
03-11-2025,UPI/DR/168402995461/Usha/PUNB/usha.agarwal@okhdfcbank/UPI,518099401351,"17,750.01",,238188.96
03-11-2025,UPI/CR/338511709192/Anjali/FDRL/anjali.banerjee@pthdfc/UPI,504234343858,,"18,350.21",256539.17
03-11-2025,POS SHELL FUEL STATION PATNA,518896501916,"3,800.63",,252738.54
04-11-2025,UPI/DR/676071161007/Dunzo/ICICI/dunzo@razorpay/UPI,619972525100,"2,720.95",,250017.59
05-11-2025,UPI/CR/936066601663/Radha/UCBA/radha.dubey@upi/UPI,746107300112,,"8,900.57",258918.16
05-11-2025,UPI/DR/235484783287/Meesho/PAYTM/meesho@ybl/UPI,100748542773,"1,150.32",,257767.84
06-11-2025,SALARY CREDIT/S1046316854927/Cipla Limited,922641977476,,"124,144.68",381912.52
06-11-2025,UPI/DR/970400531741/Rapido/PAYTM/rapido@icici/UPI,811988974615,820.06,,381092.46
06-11-2025,UPI/DR/351781729146/Swati/KKBK/swatirao15@ptaxis/UPI,619647839605,"8,700.23",,372392.23
07-11-2025,UPI/DR/754304663611/Nikhil/UCBA/9090583641@pthdfc/UPI,579507956619,"13,700.09",,358692.14
07-11-2025,UPI/DR/526273670234/Paytm/ICICI/paytm@paytm/UPI,022041621566,190.47,,358501.67
07-11-2025,UPI/CR/293064731107/Lata/KKBK/latajain12@paytm/UPI,497962900527,,"8,350.24",366851.91
07-11-2025,UPI/CR/785444920795/Renu/BARB/8570789194@pthdfc/UPI,554460060285,,"17,600.13",384452.04
09-11-2025,UPI/DR/534482977177/Naveen/SBIN/naveen.verma@ptsbi/UPI,383524959857,"9,150.93",,375301.11
10-11-2025,NACH/MANDATE/RNT1213637/RENT MANDATE,192573041274,"12,500.00",,362801.11
10-11-2025,UPI/DR/537534972967/Vi/PAYTM/vi@airtelaxis/UPI,932723712943,269.00,,362532.11
10-11-2025,UPI/DR/323767974033/Dunzo/ICICI/dunzo@razorpay/UPI,177105725845,"2,510.23",,360021.88
11-11-2025,UPI/DR/321937032599/Rapido/PAYTM/rapido@icici/UPI,036640995614,890.98,,359130.90
11-11-2025,UPI/DR/288156116917/Vi/PAYTM/vi@airtelaxis/UPI,718231037654,459.00,,358671.90
11-11-2025,UPI/DR/632416488595/MakeMyTrip/ICICI/makemytrip@axisbank/UPI,808094203414,149.00,,358522.90
12-11-2025,ATM CASH WITHDRAWAL/46312/PATNA,373550507701,"6,000.00",,352522.90
12-11-2025,UPI/DR/745434217012/PhonePe/ICICI/phonepe@ybl/UPI,350498624649,"1,570.04",,350952.86
13-11-2025,POS STAR BAZAAR PATNA,614770112578,"1,500.17",,349452.69
13-11-2025,UPI/DR/078111658924/Zomato/ICICI/zomato@axisbank/UPI,250352931494,"1,890.69",,347562.00
13-11-2025,IMPS-995129957317-Ravi Mishra,593322732251,"41,100.20",,306461.80
13-11-2025,POS METRO CASH CARRY PATNA,717944251487,"8,400.61",,298061.19
13-11-2025,UPI/DR/106964112868/Amit/FDRL/amit166@ibl/UPI,527073618207,"2,350.08",,295711.11
13-11-2025,UPI/DR/535953616914/Babita/KKBK/babita138@apl/UPI,032691410469,"8,300.82",,287410.29
13-11-2025,UPI/DR/548161240608/Ola/ICICI/olamoney@ola/UPI,600728850490,320.21,,287090.08
14-11-2025,NACH/MANDATE/LN677058223230/Tata Capital Finance,890604373185,"20,000.00",,267090.08
15-11-2025,UPI/CR/064774991963/Santosh/BARB/3866572596@ibl/UPI,778488801031,,"15,950.16",283040.24
15-11-2025,UPI/DR/778305458341/Hathway/RAZORPAY/broadband@paytm/UPI,713796972489,799.00,,282241.24
16-11-2025,NACH/MANDATE/SIP1793905/Mirae Asset MF,636314083388,"4,500.00",,277741.24
17-11-2025,UPI/DR/207488122118/KSEB/UPIN/ksebpayment@upi/UPI,434714281333,"1,200.67",,276540.57
17-11-2025,POS SHOPPERS STOP PATNA,417596632646,"4,300.19",,272240.38
19-11-2025,POS RELIANCE MART PATNA,436015879449,"2,000.27",,270240.11
20-11-2025,UPI/DR/995556757268/Divya/FDRL/divya.ghosh@kotak/UPI,063716627880,"14,250.87",,255989.24
20-11-2025,ATM CASH WITHDRAWAL/54309/PATNA,226155331206,"2,000.00",,253989.24
21-11-2025,UPI/DR/265922701774/Zepto/ICICI/zepto@apl/UPI,365824274736,"1,610.09",,252379.15
22-11-2025,UPI/DR/423117485386/Amazon/ICICI/amazon@apl/UPI,303511955059,"1,860.89",,250518.26
22-11-2025,UPI/DR/684597746764/Vi/PAYTM/vi@airtelaxis/UPI,436208479888,659.00,,249859.26
23-11-2025,UPI/CR/772064467547/Jyoti/BDBL/jyotighos74@aubank/UPI,706701013347,,"21,200.37",271059.63
23-11-2025,UPI/DR/838627620001/1mg/ICICI/tatahealth@icici/UPI,643918819833,"2,590.24",,268469.39
23-11-2025,ATM CASH WITHDRAWAL/47181/PATNA,509065515117,"5,500.00",,262969.39
23-11-2025,POS D MART PATNA,002767900496,"1,750.21",,261219.18
23-11-2025,UPI/CR/524734268217/Mohit/FDRL/mohitkulk62@okaxis/UPI,379261808991,,"9,100.14",270319.32
23-11-2025,UPI/DR/265722800016/Uber/PAYTM/uber@paytm/UPI,912707609288,570.24,,269749.08
24-11-2025,UPI/DR/624925848716/Vi/PAYTM/vi@airtelaxis/UPI,887093307214,649.00,,269100.08
25-11-2025,UPI/CR/316998102675/Divya/UTIB/divya.bose@ibl/UPI,027094659208,,"8,250.61",277350.69
25-11-2025,UPI/DR/063260681921/Indane/ICICI/indanegas@upi/UPI,256059981334,"2,200.51",,275150.18
26-11-2025,UPI/DR/910829113883/Vi/PAYTM/vi@airtelaxis/UPI,205925189845,909.00,,274241.18
26-11-2025,UPI/DR/528970791709/Hotstar/ICICI/hotstar@hdfcbank/UPI,825698858365,799.00,,273442.18
27-11-2025,UPI/DR/581947705313/Ola/ICICI/olamoney@ola/UPI,055649391575,"1,610.66",,271831.52
27-11-2025,ATM CASH WITHDRAWAL/52966/PATNA,342005527545,"9,500.00",,262331.52
27-11-2025,UPI/DR/910579012912/Uber/ICICI/uber@paytm/UPI,511688927048,"2,350.41",,259981.11
28-11-2025,POS MAX FASHION PATNA,493003938477,"6,350.24",,253630.87
28-11-2025,POS PANTALOONS PATNA,463977605167,"6,550.21",,247080.66
29-11-2025,UPI/DR/252579735657/Ola/PAYTM/olamoney@ola/UPI,657573321615,180.73,,246899.93
29-11-2025,UPI/DR/217465671339/BSNL/ICICI/bsnlbroadband@upi/UPI,711028899567,550.51,,246349.42
29-11-2025,UPI/DR/406349867517/Sachin/KKBK/sachin525@oksbi/UPI,655019084621,"9,850.07",,236499.35
29-11-2025,UPI/DR/138965640480/Flipkart/ICICI/flipkart@ybl/UPI,763114506210,"1,970.99",,234528.36
30-11-2025,UPI/DR/808004355407/Ola/ICICI/olamoney@ola/UPI,544278968241,"1,880.31",,232648.05
30-11-2025,POS SHELL FUEL STATION PATNA,738664588832,"2,050.37",,230597.68
30-11-2025,ATM CASH WITHDRAWAL/70145/PATNA,535654463715,"8,000.00",,222597.68
30-11-2025,UPI/DR/104342158181/Jio/ICICI/jio@paytm/UPI,590855338517,400.65,,222197.03
02-12-2025,UPI/DR/010303874317/PhonePe/ICICI/phonepe@ybl/UPI,440136098435,"1,810.28",,220386.75
02-12-2025,UPI/DR/475546059255/Amazon/PAYTM/amazon@apl/UPI,012738987687,"5,350.92",,215035.83
03-12-2025,UPI/CR/263957890708/Yogesh/KKBK/yogeshverm54@okicici/UPI,412443758135,,"4,650.65",219686.48
03-12-2025,UPI/DR/539044017226/Gopal/BARB/gopalghos96@okaxis/UPI,574040290719,"4,200.94",,215485.54
03-12-2025,UPI/DR/617025579493/Gopal/BKID/gopal316@upi/UPI,189651031104,"9,150.36",,206335.18
04-12-2025,SALARY CREDIT/S0614531677466/Cipla Limited,528512063785,,"123,820.68",330155.86
04-12-2025,POS BHARAT PETROLEUM PATNA,094458007359,"2,000.43",,328155.43
04-12-2025,UPI/DR/477742578341/Nykaa/PAYTM/nykaa@razorpay/UPI,504446118364,"3,500.19",,324655.24
04-12-2025,POS PANTALOONS PATNA,942177424836,"6,650.62",,318004.62
04-12-2025,UPI/DR/568425916678/PhonePe/ICICI/phonepe@ybl/UPI,464816815186,"2,540.99",,315463.63
05-12-2025,UPI/DR/197929008708/Vi/PAYTM/vi@airtelaxis/UPI,182075330575,219.00,,315244.63
06-12-2025,UPI/DR/176478097640/Vi/PAYTM/vi@airtelaxis/UPI,545697563411,459.00,,314785.63
06-12-2025,POS HP PETROL PUMP PATNA,262436662367,"3,900.06",,310885.57
06-12-2025,UPI/CR/849024572869/Neha/PUNB/1537397695@ybl/UPI,473479392948,,"5,800.82",316686.39
06-12-2025,POS VISHAL MEGA MART PATNA,661490542329,"7,750.05",,308936.34
07-12-2025,UPI/DR/840186234105/Vi/PAYTM/vi@airtelaxis/UPI,267368106872,959.00,,307977.34
07-12-2025,UPI/DR/622646913174/Blinkit/ICICI/blinkit@kotak/UPI,367069563146,"1,980.94",,305996.40
07-12-2025,NACH/MANDATE/RNT6662133/RENT MANDATE,652057276489,"12,500.00",,293496.40
08-12-2025,NACH/MANDATE/LN677058223230/Tata Capital Finance,120681336884,"20,000.00",,273496.40
08-12-2025,UPI/DR/676827045156/Jio/ICICI/jio@paytm/UPI,998588462094,920.69,,272575.71
09-12-2025,ATM CASH WITHDRAWAL/89478/PATNA,077905660123,"5,000.00",,267575.71
09-12-2025,UPI/DR/346628215961/PhonePe/ICICI/phonepe@ybl/UPI,706050260002,"2,000.68",,265575.03
09-12-2025,UPI/CR/727496975227/Renu/HDFC/renudube70@axl/UPI,881272514074,,"10,400.63",275975.66
10-12-2025,UPI/DR/096505773467/KSEB/UPIN/ksebpayment@upi/UPI,610620829588,"1,700.24",,274275.42
10-12-2025,UPI/CR/332430701207/Ashish/UTIB/ashishmeno41@upi/UPI,537125142652,,"3,250.55",277525.97
11-12-2025,UPI/DR/975629943543/Vijay/BDBL/vijay467@ptsbi/UPI,847904597584,"4,000.24",,273525.73
11-12-2025,UPI/DR/053893635600/Rahul/UCBA/rahul.pillai@okaxis/UPI,330638458810,"11,950.96",,261574.77
11-12-2025,UPI/DR/807264885816/Blinkit/ICICI/blinkit@kotak/UPI,941124339153,900.68,,260674.09
12-12-2025,UPI/DR/853911466652/Ola/PAYTM/olamoney@ola/UPI,443923121033,500.69,,260173.40
12-12-2025,UPI/DR/850210484721/Reliance/LICI/licindia@licindia/UPI,188874618042,"3,800.00",,256373.40
12-12-2025,UPI/DR/861438490212/Ashish/SBIN/ashish239@paytm/UPI,212111725848,"10,850.27",,245523.13
12-12-2025,IMPS-507425849781-Anjali Dubey,436985452352,"31,500.16",,214022.97
12-12-2025,UPI/DR/686352564071/Blinkit/ICICI/blinkit@kotak/UPI,828721975495,"1,530.65",,212492.32
12-12-2025,UPI/DR/261886081271/BSNL/ICICI/bsnlbroadband@upi/UPI,919810895603,"2,320.97",,210171.35
14-12-2025,UPI/DR/836012431977/Kavita/HDFC/kavitakhan70@okaxis/UPI,387576185209,"21,550.84",,188620.51
14-12-2025,UPI/DR/014690720022/Mukesh/PUNB/mukeshjosh88@kotak/UPI,071009971245,"19,900.11",,168720.40
14-12-2025,UPI/CR/112023624507/Sunil/HDFC/3400266116@aubank/UPI,899741345684,,"21,000.97",189721.37
14-12-2025,UPI/DR/443655941370/BigBasket/ICICI/bigbasket@ybl/UPI,463181317625,"1,140.21",,188581.16
15-12-2025,UPI/DR/794158762924/Ola/PAYTM/olamoney@ola/UPI,373175418336,170.24,,188410.92
16-12-2025,NACH/MANDATE/SIP4245069/Mirae Asset MF,256874019910,"4,500.00",,183910.92
16-12-2025,UPI/DR/091123267262/Siddharth/BDBL/siddharthahuj66@ptsbi/UPI,195973242429,750.34,,183160.58
16-12-2025,UPI/DR/853510613105/Dunzo/ICICI/dunzo@razorpay/UPI,465233397130,"2,170.50",,180990.08
17-12-2025,UPI/DR/180975555200/Manish/KKBK/manishbose67@axl/UPI,018981764429,"14,300.58",,166689.50
17-12-2025,UPI/DR/430420270595/Dunzo/ICICI/dunzo@razorpay/UPI,133103611948,170.50,,166519.00
17-12-2025,ATM CASH WITHDRAWAL/63177/PATNA,364897421572,"3,000.00",,163519.00
18-12-2025,UPI/CR/956061481701/Sachin/BKID/sachinbane35@ybl/UPI,954430983205,,"1,050.18",164569.18
18-12-2025,POS D MART PATNA,923861382236,"8,350.15",,156219.03
18-12-2025,UPI/DR/420923261801/Practo/ICICI/practo@paytm/UPI,735148586136,349.00,,155870.03
20-12-2025,UPI/DR/383937319138/Vi/PAYTM/vi@airtelaxis/UPI,212932517518,299.00,,155571.03
20-12-2025,UPI/DR/113325112152/Zepto/ICICI/zepto@apl/UPI,411458971229,950.61,,154620.42
20-12-2025,UPI/DR/090916125190/Vi/PAYTM/vi@airtelaxis/UPI,362255525708,519.00,,154101.42
20-12-2025,ATM CASH WITHDRAWAL/45452/PATNA,761533295114,"6,500.00",,147601.42
21-12-2025,UPI/DR/409225094439/Gopal/UTIB/gopal.mishra@okhdfcbank/UPI,185939940761,"12,200.11",,135401.31
21-12-2025,UPI/DR/218949380342/Meesho/PAYTM/meesho@ybl/UPI,001025650710,"2,250.31",,133151.00
21-12-2025,POS SHELL FUEL STATION PATNA,623282165298,"4,150.99",,129000.01
22-12-2025,UPI/DR/138482885235/Uber/ICICI/uber@paytm/UPI,726204004858,"1,700.75",,127299.26
22-12-2025,UPI/DR/952392869517/PhonePe/ICICI/phonepe@ybl/UPI,343783161122,950.00,,126349.26
24-12-2025,UPI/DR/080917237495/Uber/PAYTM/uber@paytm/UPI,164099986667,700.57,,125648.69
24-12-2025,POS HP PETROL PUMP PATNA,334440700996,"2,850.37",,122798.32
25-12-2025,UPI/DR/896876706652/Netmeds/ICICI/netmeds@paytm/UPI,994846793137,510.16,,122288.16
25-12-2025,INTEREST CREDIT,511744861113,,115.39,122403.55
25-12-2025,UPI/DR/793038024308/Sneha/PUNB/sneha.thapar@oksbi/UPI,028881332893,"10,900.18",,111503.37
25-12-2025,UPI/DR/115479881732/Indane/ICICI/indanegas@upi/UPI,923834198230,"1,050.99",,110452.38
26-12-2025,UPI/DR/844798504817/Ola/PAYTM/olamoney@ola/UPI,004036238221,520.40,,109931.98
27-12-2025,UPI/DR/429740626193/Sapna/BKID/sapnasen79@pthdfc/UPI,724548245140,"12,850.58",,97081.40
27-12-2025,UPI/DR/379368076259/Rapido/PAYTM/rapido@icici/UPI,920505654557,370.03,,96711.37
28-12-2025,UPI/DR/320728657800/Amazon/ICICI/amazon@apl/UPI,272522670763,"1,360.63",,95350.74
28-12-2025,UPI/DR/767721349846/Blinkit/ICICI/blinkit@kotak/UPI,567138662199,"1,480.85",,93869.89
28-12-2025,UPI/DR/455305286454/Hathway/RAZORPAY/broadband@paytm/UPI,918078316233,399.00,,93470.89
29-12-2025,UPI/CR/751924588076/Sanjay/UCBA/sanjay719@okaxis/UPI,308932754671,,400.49,93871.38
29-12-2025,UPI/CR/522144867598/Vijay/BDBL/vijaymeht70@ptaxis/UPI,439083899829,,"19,800.11",113671.49
29-12-2025,UPI/CR/176124663208/Brijesh/SBIN/brijeshmeno71@okicici/UPI,131446425292,,"22,000.05",135671.54
30-12-2025,UPI/CR/761971009629/Prashant/BKID/prashant340@ptyes/UPI,840474747713,,"17,500.98",153172.52
30-12-2025,POS METRO CASH CARRY PATNA,857868922394,"5,500.04",,147672.48
02-01-2026,POS LIFESTYLE STORES PATNA,684819805421,700.99,,146971.49
03-01-2026,UPI/DR/894626427181/Swiggy/ICICI/swiggy@icici/UPI,907024911374,"1,560.60",,145410.89
03-01-2026,SALARY CREDIT/S4223713315996/Cipla Limited,970623117103,,"122,395.68",267806.57
03-01-2026,UPI/DR/203719996016/Jio/ICICI/jio@paytm/UPI,361572628710,"2,310.94",,265495.63
04-01-2026,UPI/CR/404912267228/Himanshu/KKBK/himanshusaxe43@ptyes/UPI,807525392636,,600.93,266096.56
04-01-2026,POS METRO CASH CARRY PATNA,534736666609,"5,350.47",,260746.09
04-01-2026,UPI/DR/766975052909/Amazon/PAYTM/amazon@apl/UPI,124491193391,"5,050.50",,255695.59
05-01-2026,UPI/DR/725473388498/Zomato/ICICI/zomato@axisbank/UPI,413392163100,960.58,,254735.01
05-01-2026,UPI/CR/292496400328/Seema/BARB/seemaiyer11@okhdfcbank/UPI,619616003370,,"5,550.73",260285.74
07-01-2026,UPI/DR/451301645368/Ola/PAYTM/olamoney@ola/UPI,191208718199,730.79,,259554.95
07-01-2026,UPI/DR/387472596876/Apollo/ICICI/apollopharmacy@ybl/UPI,005534429294,"3,100.01",,256454.94
08-01-2026,UPI/DR/549887454243/Deepa/UCBA/deepajosh22@ibl/UPI,610955403845,"16,150.41",,240304.53
08-01-2026,NACH/MANDATE/RNT9850616/RENT MANDATE,663570355075,"12,500.00",,227804.53
09-01-2026,UPI/DR/870815576917/Jio/ICICI/jio@paytm/UPI,933766190100,"1,920.79",,225883.74
09-01-2026,UPI/DR/400078937795/Vi/PAYTM/vi@airtelaxis/UPI,314472543828,939.00,,224944.74
10-01-2026,UPI/DR/283514479733/Rajan/BARB/rajan420@ptyes/UPI,004349953058,"11,650.07",,213294.67
11-01-2026,NACH/MANDATE/LN677058223230/Tata Capital Finance,539331310561,"20,000.00",,193294.67
12-01-2026,UPI/DR/144255125116/Vandana/PUNB/vandana.pillai@pthdfc/UPI,054359008194,"7,850.49",,185444.18
12-01-2026,NACH/MANDATE/SIP1999970/Mirae Asset MF,577931147975,"4,500.00",,180944.18
12-01-2026,POS RELIANCE PETROLEUM PATNA,521749048884,"4,100.73",,176843.45
12-01-2026,UPI/DR/359261807446/Indane/ICICI/indanegas@upi/UPI,360826728537,"1,100.52",,175742.93
13-01-2026,POS BHARAT PETROLEUM PATNA,682070410666,"1,950.42",,173792.51
13-01-2026,ATM CASH WITHDRAWAL/80372/PATNA,195894438684,"6,000.00",,167792.51
13-01-2026,UPI/DR/789375442949/Rajesh/HDFC/rajesh868@upi/UPI,963777849900,"4,650.86",,163141.65
14-01-2026,UPI/DR/482453283463/KSEB/UPIN/ksebpayment@upi/UPI,795375389263,"3,950.12",,159191.53
14-01-2026,UPI/DR/377074626973/Kiran/BKID/2283009644@okicici/UPI,113852852998,"10,950.43",,148241.10
14-01-2026,UPI/DR/825114246599/Dunzo/ICICI/dunzo@razorpay/UPI,016310433257,"2,210.14",,146030.96
16-01-2026,UPI/DR/489600050700/Amazon/ICICI/amazon@apl/UPI,618991198374,"2,720.21",,143310.75
17-01-2026,UPI/CR/009486477931/Vikas/BDBL/vikas814@paytm/UPI,888635178826,,"17,000.51",160311.26
17-01-2026,UPI/DR/149776101836/Rapido/PAYTM/rapido@icici/UPI,885343134160,870.76,,159440.50
17-01-2026,POS PANTALOONS PATNA,429724641042,"4,500.39",,154940.11
17-01-2026,UPI/DR/071916625584/Jio/ICICI/jio@paytm/UPI,816829269317,"2,710.39",,152229.72
17-01-2026,UPI/DR/307734946436/Kavita/HDFC/kavitabaja39@ibl/UPI,654894100147,"13,600.40",,138629.32
18-01-2026,POS V MART PATNA,217728295733,"5,850.74",,132778.58
19-01-2026,UPI/DR/203663724186/Ola/PAYTM/olamoney@ola/UPI,746410236566,590.64,,132187.94
19-01-2026,UPI/DR/595794927850/Zomato/ICICI/zomato@axisbank/UPI,196904986490,"2,260.64",,129927.30
19-01-2026,UPI/CR/020670681217/Mohan/BDBL/mohan.tiwari@pthdfc/UPI,714825207989,,"21,850.86",151778.16
19-01-2026,UPI/CR/024166480753/Amit/PUNB/amit881@okicici/UPI,863397816145,,"20,950.48",172728.64
20-01-2026,POS RELIANCE MART PATNA,277601863643,"1,000.14",,171728.50
21-01-2026,UPI/DR/488736578316/Sonia/BDBL/soniasaxe22@apl/UPI,703942145044,"9,800.20",,161928.30
21-01-2026,UPI/DR/224322768571/Flipkart/ICICI/flipkart@ybl/UPI,084208160359,"1,510.15",,160418.15
21-01-2026,UPI/CR/265182502147/Varsha/UTIB/varsharao58@upi/UPI,171862847147,,"17,150.16",177568.31
22-01-2026,UPI/DR/995935333753/Priya/BDBL/priya.verma@upi/UPI,503525065001,"7,750.62",,169817.69
23-01-2026,UPI/DR/946357791790/Vi/PAYTM/vi@airtelaxis/UPI,031526745690,839.00,,168978.69
23-01-2026,UPI/DR/511520010115/Vandana/UTIB/vandana597@okhdfcbank/UPI,923741378710,"9,000.05",,159978.64
24-01-2026,UPI/DR/258784769690/Vi/PAYTM/vi@airtelaxis/UPI,588971593229,239.00,,159739.64
25-01-2026,UPI/DR/574216591476/Ola/PAYTM/olamoney@ola/UPI,947593199385,870.07,,158869.57
25-01-2026,IMPS-442308804601-Naveen Chaudhary,132495984132,"10,100.91",,148768.66
25-01-2026,UPI/DR/277267251023/Nykaa/PAYTM/nykaa@razorpay/UPI,106246023131,"1,950.05",,146818.61
25-01-2026,POS SHELL FUEL STATION PATNA,066934060576,"4,350.53",,142468.08
26-01-2026,ATM CASH WITHDRAWAL/64802/PATNA,544528289721,"8,500.00",,133968.08
26-01-2026,UPI/CR/456385632010/Anita/BKID/anitayada82@kotak/UPI,934841546651,,"19,500.40",153468.48
26-01-2026,UPI/CR/295661160882/Kunal/SBIN/kunal627@okhdfcbank/UPI,517836856230,,"16,400.38",169868.86
27-01-2026,UPI/DR/785032972549/Rapido/PAYTM/rapido@icici/UPI,084915316096,190.27,,169678.59
28-01-2026,UPI/DR/549828494764/Rapido/PAYTM/rapido@icici/UPI,024937467185,160.49,,169518.10
28-01-2026,POS MORE SUPER MARKET PATNA,377610652719,"7,150.06",,162368.04
30-01-2026,UPI/CR/203922940603/Kavya/BDBL/kavya517@upi/UPI,194518368591,,"2,600.38",164968.42
31-01-2026,UPI/DR/362954579113/PhonePe/ICICI/phonepe@ybl/UPI,894527068774,"2,310.50",,162657.92
31-01-2026,GST ON CHARGES,132558681394,88.20,,162569.72
31-01-2026,UPI/DR/775062233407/Paytm/ICICI/paytm@paytm/UPI,614446046444,"2,090.30",,160479.42
31-01-2026,SERVICE CHARGES,015953375649,490.00,,159989.42
01-02-2026,UPI/DR/710695002218/Zomato/ICICI/zomato@axisbank/UPI,387905590363,660.90,,159328.52
01-02-2026,UPI/DR/211430561475/BigBasket/ICICI/bigbasket@ybl/UPI,350078153540,"1,160.03",,158168.49
02-02-2026,UPI/DR/774885656817/Zepto/ICICI/zepto@apl/UPI,474505726949,"2,370.26",,155798.23
02-02-2026,UPI/DR/732870057339/Vi/PAYTM/vi@airtelaxis/UPI,020248719241,949.00,,154849.23
02-02-2026,UPI/DR/318168285858/BSNL/ICICI/bsnlbroadband@upi/UPI,442708428772,"1,880.61",,152968.62
02-02-2026,POS RELIANCE PETROLEUM PATNA,243801389434,"3,850.52",,149118.10
03-02-2026,UPI/CR/591288836196/Vikas/KKBK/vikas.chaudhary@okhdfcbank/UPI,895225847347,,"16,750.86",165868.96
04-02-2026,UPI/DR/189239251931/Vi/PAYTM/vi@airtelaxis/UPI,003469225486,629.00,,165239.96
05-02-2026,SALARY CREDIT/S6959527635078/Cipla Limited,072536245607,,"124,079.68",289319.64
06-02-2026,NEFT/N0508791812237/Sun Pharmaceutical I,839774147036,,"24,500.93",313820.57
06-02-2026,UPI/DR/663020809050/Uber/ICICI/uber@paytm/UPI,533741885493,"1,740.73",,312079.84
06-02-2026,UPI/DR/806307377045/Vi/PAYTM/vi@airtelaxis/UPI,027385233827,349.00,,311730.84
07-02-2026,UPI/DR/567894360282/Vi/PAYTM/vi@airtelaxis/UPI,408091550412,199.00,,311531.84
07-02-2026,NACH/MANDATE/LN677058223230/Tata Capital Finance,278260220710,"20,000.00",,291531.84
07-02-2026,UPI/DR/533969608827/BigBasket/ICICI/bigbasket@ybl/UPI,516762613172,"1,240.54",,290291.30
08-02-2026,POS MORE SUPER MARKET PATNA,414787458988,"8,300.02",,281991.28
09-02-2026,UPI/DR/560795874722/Uber/PAYTM/uber@paytm/UPI,020014673819,390.23,,281601.05
09-02-2026,UPI/DR/923070361178/Radha/SBIN/radhayada35@kotak/UPI,380260148101,"19,150.89",,262450.16
09-02-2026,NACH/MANDATE/RNT8913238/RENT MANDATE,986101534028,"12,500.00",,249950.16
09-02-2026,UPI/DR/620435525200/BSNL/ICICI/bsnlbroadband@upi/UPI,299208503175,"1,030.29",,248919.87
12-02-2026,IMPS-082434155423-Mamta Kulkarni,690643712386,"42,600.47",,206319.40
12-02-2026,UPI/DR/691598463598/Practo/ICICI/practo@paytm/UPI,926121756822,599.00,,205720.40
12-02-2026,ATM CASH WITHDRAWAL/64172/PATNA,263155149685,"6,000.00",,199720.40
12-02-2026,UPI/DR/358663532750/Seema/BARB/seema.shah@ptaxis/UPI,257000162153,"3,400.00",,196320.40
12-02-2026,UPI/DR/606206255967/Uber/PAYTM/uber@paytm/UPI,852186423863,630.55,,195689.85
13-02-2026,UPI/CR/493117087086/Pankaj/UCBA/pankaj.menon@pthdfc/UPI,526095229718,,"12,300.63",207990.48
13-02-2026,UPI/DR/618228030145/Vi/PAYTM/vi@airtelaxis/UPI,870358616014,209.00,,207781.48
13-02-2026,UPI/DR/945814832290/Ola/ICICI/olamoney@ola/UPI,023227537224,"2,130.03",,205651.45
14-02-2026,UPI/DR/038707297591/KSEB/UPIN/ksebpayment@upi/UPI,737866823835,"1,800.79",,203850.66
14-02-2026,UPI/DR/200204886157/Indane/ICICI/indanegas@upi/UPI,543350455004,950.39,,202900.27
15-02-2026,UPI/DR/027166439745/Ola/ICICI/olamoney@ola/UPI,508784289171,"2,750.14",,200150.13
15-02-2026,POS D MART PATNA,922615473474,"5,600.76",,194549.37
15-02-2026,ATM CASH WITHDRAWAL/78814/PATNA,218302705100,"2,000.00",,192549.37
16-02-2026,UPI/DR/512006659490/Mahesh/BKID/maheshshuk44@oksbi/UPI,611276992345,"9,700.11",,182849.26
16-02-2026,UPI/DR/727335208875/Saurabh/BARB/saurabh.gupta@kotak/UPI,482926282121,150.83,,182698.43
16-02-2026,UPI/DR/462921001024/Swiggy/ICICI/swiggy@icici/UPI,090081717099,440.16,,182258.27
17-02-2026,UPI/DR/742104079314/Ola/PAYTM/olamoney@ola/UPI,715163223108,630.53,,181627.74
17-02-2026,UPI/DR/410611215127/Swiggy/ICICI/swiggy@icici/UPI,590371260895,"1,950.98",,179676.76
17-02-2026,POS D MART PATNA,259639051849,"4,550.25",,175126.51
17-02-2026,UPI/DR/187339586059/PhonePe/ICICI/phonepe@ybl/UPI,524986022823,380.28,,174746.23
18-02-2026,NACH/MANDATE/SIP4739271/Mirae Asset MF,420941385162,"4,500.00",,170246.23
18-02-2026,UPI/DR/543227325122/Isha/BKID/ishameno54@ptyes/UPI,971141937047,"8,300.91",,161945.32
18-02-2026,UPI/DR/999098610370/Zomato/ICICI/zomato@axisbank/UPI,735512731712,620.77,,161324.55
19-02-2026,UPI/DR/171858185719/Nykaa/PAYTM/nykaa@razorpay/UPI,738366254251,"2,200.01",,159124.54
21-02-2026,UPI/DR/195754394386/Rapido/PAYTM/rapido@icici/UPI,186602632401,740.20,,158384.34
21-02-2026,UPI/DR/997184926417/Santosh/FDRL/santosh369@okicici/UPI,763848410711,"21,900.11",,136484.23
21-02-2026,ATM CASH WITHDRAWAL/00426/PATNA,274398331966,"1,500.00",,134984.23
21-02-2026,UPI/DR/446363022309/Pallavi/UTIB/pallavi595@ibl/UPI,405558591860,"14,250.71",,120733.52
22-02-2026,UPI/DR/452355905939/Paytm/ICICI/paytm@paytm/UPI,970937680268,220.02,,120513.50
23-02-2026,UPI/CR/111115060685/Vikram/FDRL/6172998626@pthdfc/UPI,706748215350,,"17,050.83",137564.33
23-02-2026,UPI/DR/729248628162/Myntra/PAYTM/myntra@ybl/UPI,073696018132,750.95,,136813.38
23-02-2026,UPI/DR/246343810884/Nykaa/PAYTM/nykaa@razorpay/UPI,508649470059,"4,950.75",,131862.63
25-02-2026,UPI/DR/304202504905/Zepto/ICICI/zepto@apl/UPI,547074922559,"2,090.15",,129772.48
27-02-2026,UPI/DR/842318850715/Anjali/KKBK/anjali.sharma@okhdfcbank/UPI,611344610639,"11,550.17",,118222.31
27-02-2026,UPI/CR/943630246006/Sapna/PUNB/8895802173@ptaxis/UPI,156046778313,,"8,250.63",126472.94
27-02-2026,POS SHOPPERS STOP PATNA,401600926833,"2,250.24",,124222.70
28-02-2026,UPI/DR/608544541524/Flipkart/ICICI/flipkart@ybl/UPI,815566647707,"2,140.68",,122082.02
01-03-2026,UPI/DR/693005507819/Blinkit/ICICI/blinkit@kotak/UPI,329196872479,"1,440.45",,120641.57
02-03-2026,UPI/DR/026555925267/Kapil/BARB/2894167314@axl/UPI,731704745124,"17,950.45",,102691.12
02-03-2026,UPI/DR/207576355530/Deepak/HDFC/deepakseth46@ptaxis/UPI,217758458980,"11,100.99",,91590.13
02-03-2026,UPI/DR/388430413556/Deepak/SBIN/deepakshuk94@okaxis/UPI,112028463587,"13,150.89",,78439.24
02-03-2026,UPI/DR/934216438192/PhonePe/ICICI/phonepe@ybl/UPI,676756394658,310.03,,78129.21
03-03-2026,POS D MART PATNA,460118727235,"2,850.16",,75279.05
03-03-2026,POS HP PETROL PUMP PATNA,318707499997,950.20,,74328.85
03-03-2026,SALARY CREDIT/S4552303422625/Cipla Limited,292311463087,,"125,256.68",199585.53
03-03-2026,UPI/DR/443849014794/Blinkit/ICICI/blinkit@kotak/UPI,873909587404,760.30,,198825.23
03-03-2026,UPI/DR/934557561999/Flipkart/PAYTM/flipkart@ybl/UPI,291571490342,"4,300.40",,194524.83
04-03-2026,UPI/DR/000860340246/Uber/PAYTM/uber@paytm/UPI,036367965390,390.60,,194134.23
04-03-2026,UPI/DR/979183674569/Vikas/BDBL/vikaspill88@upi/UPI,076339307639,"21,650.07",,172484.16
04-03-2026,POS MAX FASHION PATNA,444519626224,"5,600.63",,166883.53
05-03-2026,UPI/CR/053010742769/Priya/BARB/priya104@okicici/UPI,944621304139,,"17,450.41",184333.94
05-03-2026,UPI/DR/440638569637/Dunzo/ICICI/dunzo@razorpay/UPI,085121020381,"2,170.18",,182163.76
06-03-2026,NACH/MANDATE/RNT3239738/RENT MANDATE,432664081256,"12,500.00",,169663.76
06-03-2026,NACH/MANDATE/LN677058223230/Tata Capital Finance,367612937922,"20,000.00",,149663.76
08-03-2026,UPI/DR/429506265919/Ola/ICICI/olamoney@ola/UPI,033875428562,"1,460.26",,148203.50
08-03-2026,POS D MART PATNA,181602990923,"3,800.73",,144402.77
09-03-2026,UPI/DR/447578708242/Reliance/LICI/licindia@licindia/UPI,066805101710,"3,800.00",,140602.77
10-03-2026,UPI/CR/935179184604/Anita/SBIN/6382126193@pthdfc/UPI,484156805674,,600.95,141203.72
10-03-2026,UPI/DR/314661905580/BigBasket/ICICI/bigbasket@ybl/UPI,645699889534,"1,200.72",,140003.00
11-03-2026,UPI/DR/760464733671/Vi/PAYTM/vi@airtelaxis/UPI,998838205029,249.00,,139754.00
12-03-2026,UPI/DR/387197760245/Uber/ICICI/uber@paytm/UPI,416642310453,"2,470.26",,137283.74
12-03-2026,UPI/DR/732049840921/Uber/ICICI/uber@paytm/UPI,528708503198,240.08,,137043.66
12-03-2026,UPI/DR/624789202810/Meesho/PAYTM/meesho@ybl/UPI,721981659942,"5,950.86",,131092.80
13-03-2026,UPI/DR/983641431036/Vi/PAYTM/vi@airtelaxis/UPI,987081957668,249.00,,130843.80
13-03-2026,POS RELIANCE PETROLEUM PATNA,386316209886,"3,850.14",,126993.66
14-03-2026,POS SHELL FUEL STATION PATNA,342865803501,"4,350.01",,122643.65
14-03-2026,UPI/DR/687176138271/Hathway/RAZORPAY/broadband@paytm/UPI,323906951407,599.00,,122044.65
15-03-2026,UPI/DR/264002068921/Indane/ICICI/indanegas@upi/UPI,342175907310,"1,950.72",,120093.93
15-03-2026,UPI/DR/963009496441/Blinkit/ICICI/blinkit@kotak/UPI,808438698512,"1,050.19",,119043.74
15-03-2026,UPI/DR/680028779396/Ola/PAYTM/olamoney@ola/UPI,760869731462,160.49,,118883.25
15-03-2026,UPI/DR/744056045411/Flipkart/ICICI/flipkart@ybl/UPI,958130727137,"2,090.85",,116792.40
16-03-2026,UPI/DR/977291694516/Zepto/ICICI/zepto@apl/UPI,370018960973,"1,590.83",,115201.57
16-03-2026,ATM CASH WITHDRAWAL/72231/PATNA,992678157022,"4,500.00",,110701.57
16-03-2026,UPI/CR/503983343472/Suresh/BARB/suresh434@paytm/UPI,843346716599,,"7,150.58",117852.15
16-03-2026,POS LIFESTYLE STORES PATNA,676350331090,"3,050.75",,114801.40
17-03-2026,UPI/DR/306728646609/Krishna/HDFC/krishna.rao@ptaxis/UPI,642499265517,"11,050.74",,103750.66
17-03-2026,NACH/MANDATE/SIP5418818/Mirae Asset MF,067602461865,"4,500.00",,99250.66
18-03-2026,UPI/DR/330310426837/Amit/PUNB/amit.dubey@apl/UPI,895743117413,"3,050.38",,96200.28
18-03-2026,UPI/DR/967446082635/Ola/PAYTM/olamoney@ola/UPI,049083927808,250.06,,95950.22
18-03-2026,POS METRO CASH CARRY PATNA,643766336189,"3,800.53",,92149.69
18-03-2026,UPI/DR/548033172387/Poonam/BKID/poonam.mehta@okicici/UPI,611611156660,"18,450.62",,73699.07
19-03-2026,ATM CASH WITHDRAWAL/09210/PATNA,533347904508,"7,000.00",,66699.07
19-03-2026,UPI/DR/544707509898/Amazon/ICICI/amazon@apl/UPI,390505518785,"1,910.89",,64788.18
20-03-2026,UPI/DR/117253529681/Zepto/ICICI/zepto@apl/UPI,441799523039,510.86,,64277.32
21-03-2026,UPI/DR/521672686643/KSEB/UPIN/ksebpayment@upi/UPI,913781531972,"3,950.87",,60326.45
21-03-2026,UPI/DR/228109268922/Ola/PAYTM/olamoney@ola/UPI,874756660342,530.99,,59795.46
23-03-2026,UPI/CR/835059926883/Sachin/UCBA/4972211172@ybl/UPI,828482689337,,"21,500.72",81296.18
23-03-2026,POS VISHAL MEGA MART PATNA,355487656780,"1,100.70",,80195.48
24-03-2026,UPI/DR/321023495718/Dunzo/ICICI/dunzo@razorpay/UPI,311003108272,"1,900.48",,78295.00
24-03-2026,UPI/DR/829791939730/Dunzo/ICICI/dunzo@razorpay/UPI,038508773166,350.53,,77944.47
24-03-2026,UPI/DR/889978737953/Vi/PAYTM/vi@airtelaxis/UPI,376475458209,829.00,,77115.47
25-03-2026,INTEREST CREDIT,345975383287,,370.27,77485.74
26-03-2026,UPI/DR/832517048170/Flipkart/PAYTM/flipkart@ybl/UPI,741330504302,"1,050.81",,76434.93
27-03-2026,UPI/DR/437776742618/Swiggy/ICICI/swiggy@icici/UPI,970646528480,910.03,,75524.90
28-03-2026,UPI/DR/361387248066/Shweta/SBIN/shwetarao99@kotak/UPI,259434385695,"14,600.96",,60923.94
28-03-2026,UPI/DR/308909445586/Dunzo/ICICI/dunzo@razorpay/UPI,039013527538,690.77,,60233.17
28-03-2026,UPI/DR/799481780225/BSNL/ICICI/bsnlbroadband@upi/UPI,668705971126,"2,300.33",,57932.84
29-03-2026,UPI/DR/830101114062/Zomato/ICICI/zomato@axisbank/UPI,182368076119,"2,280.30",,55652.54
29-03-2026,UPI/DR/485236098214/Ola/PAYTM/olamoney@ola/UPI,466626028068,480.10,,55172.44
30-03-2026,UPI/DR/800758874040/Uber/ICICI/uber@paytm/UPI,229607363329,"2,430.06",,52742.38
30-03-2026,UPI/DR/481482797401/Deepak/BKID/deepak246@upi/UPI,745578939820,"2,850.60",,49891.78
30-03-2026,UPI/DR/712139604140/Sushma/FDRL/sushma765@axl/UPI,197180814518,"3,550.92",,46340.86
01-04-2026,UPI/DR/615865836215/Zepto/ICICI/zepto@apl/UPI,700314152921,"1,880.45",,44460.41
01-04-2026,UPI/DR/367925656853/BSNL/ICICI/bsnlbroadband@upi/UPI,321099944708,"1,550.48",,42909.93
02-04-2026,UPI/DR/175804203751/Vi/PAYTM/vi@airtelaxis/UPI,944810476786,349.00,,42560.93
03-04-2026,UPI/DR/077832780783/BSNL/ICICI/bsnlbroadband@upi/UPI,899775719300,490.02,,42070.91
03-04-2026,POS SHELL FUEL STATION PATNA,773576426325,"3,350.02",,38720.89
04-04-2026,UPI/DR/624215174020/PhonePe/ICICI/phonepe@ybl/UPI,724735344660,320.45,,38400.44
04-04-2026,UPI/DR/054206231676/Prashant/HDFC/8136528827@axl/UPI,434636414260,"7,650.24",,30750.20
04-04-2026,UPI/DR/516649471522/Preeti/BKID/preeti.pandey@upi/UPI,444459860296,"5,100.35",,25649.85
05-04-2026,UPI/DR/899085369307/Practo/ICICI/practo@paytm/UPI,797858493647,849.00,,24800.85
05-04-2026,SALARY CREDIT/S6022483549437/Cipla Limited,598775959122,,"126,488.68",151289.53
05-04-2026,UPI/DR/206196593695/MakeMyTrip/ICICI/makemytrip@axisbank/UPI,579497747271,749.00,,150540.53
06-04-2026,UPI/CR/761028107384/Manish/BDBL/manish.kulkarni@ybl/UPI,670922334340,,"20,800.66",171341.19
08-04-2026,UPI/DR/355015207888/Amazon/ICICI/amazon@apl/UPI,476956272751,"2,340.66",,169000.53
09-04-2026,NACH/MANDATE/RNT2881055/RENT MANDATE,722000668839,"12,500.00",,156500.53
09-04-2026,UPI/DR/474706528545/Flipkart/PAYTM/flipkart@ybl/UPI,587294903942,"2,850.93",,153649.60
09-04-2026,POS LIFESTYLE STORES PATNA,359429786195,"3,550.78",,150098.82
09-04-2026,UPI/CR/230894523053/Rajan/BDBL/rajan533@aubank/UPI,536561074399,,"18,650.16",168748.98
10-04-2026,UPI/DR/993250785474/Dinesh/PUNB/0311836226@okaxis/UPI,851373422555,"15,550.48",,153198.50
10-04-2026,UPI/DR/646556976565/Vi/PAYTM/vi@airtelaxis/UPI,900762409845,429.00,,152769.50
10-04-2026,UPI/DR/357493661407/Zomato/ICICI/zomato@axisbank/UPI,820375430675,"1,780.14",,150989.36
10-04-2026,UPI/DR/401388788299/Kavita/FDRL/4118279503@ptsbi/UPI,508250541128,"10,000.16",,140989.20
11-04-2026,UPI/DR/475183066845/Blinkit/ICICI/blinkit@kotak/UPI,712831086938,360.01,,140629.19
11-04-2026,NACH/MANDATE/LN677058223230/Tata Capital Finance,274043103846,"20,000.00",,120629.19
12-04-2026,UPI/DR/573260884140/Vi/PAYTM/vi@airtelaxis/UPI,544048862510,389.00,,120240.19
12-04-2026,UPI/DR/288943055516/Indane/ICICI/indanegas@upi/UPI,123416413204,800.34,,119439.85
13-04-2026,POS BHARAT PETROLEUM PATNA,769578849227,"1,550.18",,117889.67
13-04-2026,NACH/MANDATE/SIP2565506/Mirae Asset MF,364565642802,"4,500.00",,113389.67
13-04-2026,UPI/DR/452250802122/Jio/ICICI/jio@paytm/UPI,141195286242,"1,450.92",,111938.75
15-04-2026,UPI/DR/164429694342/Ola/PAYTM/olamoney@ola/UPI,798665560808,190.82,,111747.93
15-04-2026,UPI/DR/446597189402/Ola/PAYTM/olamoney@ola/UPI,240261182637,290.63,,111457.30
15-04-2026,UPI/CR/157239974900/Amit/HDFC/amitchop76@kotak/UPI,324326689463,,"9,800.16",121257.46
15-04-2026,POS BHARAT PETROLEUM PATNA,046222079899,"2,000.86",,119256.60
16-04-2026,POS V MART PATNA,706765846977,"6,700.36",,112556.24
16-04-2026,UPI/CR/688085336495/Arjun/FDRL/2024433623@ibl/UPI,568766061123,,"19,450.88",132007.12
16-04-2026,UPI/DR/993844796590/Uber/ICICI/uber@paytm/UPI,951780833957,"1,840.71",,130166.41
18-04-2026,UPI/CR/327566150226/Prashant/UCBA/prashant131@ibl/UPI,859415183656,,"17,750.68",147917.09
18-04-2026,POS CENTRAL MALL PATNA,907833762990,"6,500.72",,141416.37
18-04-2026,ATM CASH WITHDRAWAL/31308/PATNA,528967696028,"6,000.00",,135416.37
18-04-2026,UPI/DR/057134939666/Anil/SBIN/9994171085@apl/UPI,598177952693,"6,900.59",,128515.78
18-04-2026,UPI/DR/449359859571/Mukesh/BDBL/mukesh.chopra@aubank/UPI,104937428826,"19,100.91",,109414.87
19-04-2026,UPI/DR/133798232346/Amazon/ICICI/amazon@apl/UPI,810960949960,"1,200.08",,108214.79
19-04-2026,UPI/DR/885172073182/Vi/PAYTM/vi@airtelaxis/UPI,505119794785,969.00,,107245.79
19-04-2026,UPI/DR/267417108308/Rapido/PAYTM/rapido@icici/UPI,974065110945,560.05,,106685.74
19-04-2026,UPI/DR/247004112328/Isha/UCBA/isha.patil@okicici/UPI,767688433526,"7,600.26",,99085.48
21-04-2026,UPI/DR/640151214448/Rapido/PAYTM/rapido@icici/UPI,109604690491,630.90,,98454.58
21-04-2026,UPI/DR/054106145873/Flipkart/PAYTM/flipkart@ybl/UPI,489482169836,950.76,,97503.82
22-04-2026,UPI/CR/867211849263/Anil/SBIN/anil244@paytm/UPI,945022782350,,"17,600.01",115103.83
23-04-2026,POS D MART PATNA,706010810717,"1,950.03",,113153.80
23-04-2026,UPI/CR/659337762002/Arjun/PUNB/arjun.kulkarni@apl/UPI,019527321946,,"18,250.52",131404.32
23-04-2026,UPI/DR/768579556208/Flipkart/ICICI/flipkart@ybl/UPI,532378942405,"1,550.24",,129854.08
23-04-2026,UPI/DR/001105535808/KSEB/UPIN/ksebpayment@upi/UPI,498483028582,"2,850.02",,127004.06
24-04-2026,ATM CASH WITHDRAWAL/55737/PATNA,425174061628,"2,000.00",,125004.06
24-04-2026,UPI/DR/061888626057/Ola/PAYTM/olamoney@ola/UPI,184985521781,300.47,,124703.59
24-04-2026,UPI/DR/665506582170/Vijay/HDFC/vijay.chatterjee@paytm/UPI,372175266365,"11,000.92",,113702.67
24-04-2026,UPI/CR/146469641189/Shweta/BKID/9766794412@axl/UPI,724050923693,,"14,350.33",128053.00
25-04-2026,UPI/DR/427463530299/Ola/ICICI/olamoney@ola/UPI,153290695775,"2,360.57",,125692.43
25-04-2026,POS V MART PATNA,580642015864,"2,200.12",,123492.31
26-04-2026,UPI/DR/843504802240/Hathway/RAZORPAY/broadband@paytm/UPI,794023256135,349.00,,123143.31
28-04-2026,UPI/DR/055305993249/Swiggy/ICICI/swiggy@icici/UPI,443564511456,700.46,,122442.85
28-04-2026,UPI/DR/116975310479/Rohit/BARB/rohit.jain@ptyes/UPI,133059948323,"14,300.17",,108142.68
29-04-2026,UPI/DR/369834019114/Dunzo/ICICI/dunzo@razorpay/UPI,700806259327,760.83,,107381.85
30-04-2026,UPI/DR/957295393971/Jio/ICICI/jio@paytm/UPI,544693909484,800.86,,106580.99
01-05-2026,POS D MART PATNA,887941452720,"1,400.40",,105180.59
01-05-2026,UPI/DR/766188945707/Sunil/BKID/sunilsriv47@okaxis/UPI,690402228616,"8,150.81",,97029.78
01-05-2026,UPI/DR/296002306286/Ola/ICICI/olamoney@ola/UPI,764927584964,"1,400.32",,95629.46
02-05-2026,UPI/DR/993541989027/Zomato/ICICI/zomato@axisbank/UPI,902288101269,290.03,,95339.43
02-05-2026,UPI/DR/007597828806/Vi/PAYTM/vi@airtelaxis/UPI,152156940104,679.00,,94660.43
03-05-2026,UPI/DR/810937161047/Blinkit/ICICI/blinkit@kotak/UPI,549057665909,"1,980.31",,92680.12
03-05-2026,UPI/DR/930361162922/Vi/PAYTM/vi@airtelaxis/UPI,003833339710,989.00,,91691.12
03-05-2026,UPI/CR/440680257317/Mamta/KKBK/mamta.bajaj@ptyes/UPI,392101891107,,"3,550.64",95241.76
03-05-2026,UPI/DR/978723037507/Rohit/FDRL/rohit370@aubank/UPI,439041467108,"15,700.99",,79540.77
04-05-2026,SALARY CREDIT/S2464444524756/Cipla Limited,177647444789,,"124,253.68",203794.45
04-05-2026,UPI/DR/300657601449/Paytm/ICICI/paytm@paytm/UPI,223874995124,760.86,,203033.59
04-05-2026,UPI/DR/530846169573/PhonePe/ICICI/phonepe@ybl/UPI,364825253178,590.32,,202443.27
04-05-2026,UPI/CR/453925636777/Isha/UCBA/2331366416@okaxis/UPI,894417180410,,"17,650.15",220093.42
05-05-2026,UPI/DR/656578569795/Rapido/PAYTM/rapido@icici/UPI,010313692412,80.04,,220013.38
05-05-2026,NACH/MANDATE/RNT6938250/RENT MANDATE,256600136914,"12,500.00",,207513.38
05-05-2026,UPI/DR/947898450076/Vi/PAYTM/vi@airtelaxis/UPI,953421630685,569.00,,206944.38
06-05-2026,NACH/MANDATE/LN677058223230/Tata Capital Finance,464863760695,"20,000.00",,186944.38
06-05-2026,POS SHELL FUEL STATION PATNA,267418761246,"3,150.26",,183794.12
06-05-2026,UPI/DR/880435745579/Hotstar/ICICI/hotstar@hdfcbank/UPI,981044986313,699.00,,183095.12
06-05-2026,ATM CASH WITHDRAWAL/04124/PATNA,688815203604,"3,500.00",,179595.12
07-05-2026,ATM CASH WITHDRAWAL/28327/PATNA,603811176275,"6,000.00",,173595.12
08-05-2026,UPI/DR/239825491600/Ola/PAYTM/olamoney@ola/UPI,770281950618,800.73,,172794.39
08-05-2026,UPI/DR/153565500673/Uber/PAYTM/uber@paytm/UPI,108756627762,450.93,,172343.46
08-05-2026,UPI/DR/451187064456/Blinkit/ICICI/blinkit@kotak/UPI,014129254714,"2,100.69",,170242.77
08-05-2026,UPI/DR/447796271898/Vi/PAYTM/vi@airtelaxis/UPI,757671066095,519.00,,169723.77
09-05-2026,UPI/DR/857917290243/Flipkart/PAYTM/flipkart@ybl/UPI,299933654059,"4,900.85",,164822.92
09-05-2026,UPI/DR/834462977288/Ola/PAYTM/olamoney@ola/UPI,207735576846,860.81,,163962.11
