Bank Name,BANDHAN BANK LIMITED
Account Number,01541244528922
Account Holder Name,MOHAN KUMAR
Branch,KOTHRUD
IFSC Code,BDBL0740078
Statement Period,01-12-2024 To 09-05-2026

Date,Description,Ref/ChequeNo,Debit,Credit,Balance
01-Dec-2024,POS RELIANCE PETROLEUM GURGAON,280530552176,"4,200.72",,1284459.25
01-Dec-2024,UPI/DR/744034057034/Geeta/PUNB/geeta919@ptsbi/UPI,951622104952,"4,850.20",,1279609.05
01-Dec-2024,UPI/DR/647658712690/Geeta/BARB/geeta.das@oksbi/UPI,543591043018,"4,500.73",,1275108.32
02-Dec-2024,ATM CASH WITHDRAWAL/13098/GURGAON,718905530585,"7,500.00",,1267608.32
02-Dec-2024,POS STAR BAZAAR GURGAON,727513410174,"2,300.01",,1265308.31
03-Dec-2024,UPI/DR/201365742040/Flipkart/ICICI/flipkart@ybl/UPI,493863549196,800.08,,1264508.23
04-Dec-2024,UPI/DR/507032334264/Jio/PAYTM/vi@airtelaxis/UPI,199677384388,389.00,,1264119.23
04-Dec-2024,UPI/DR/697381141746/Rapido/PAYTM/rapido@icici/UPI,725618197793,210.37,,1263908.86
05-Dec-2024,UPI/DR/557117401543/Ola/ICICI/olamoney@ola/UPI,064408629553,"1,300.77",,1262608.09
05-Dec-2024,UPI/DR/800021897642/Rapido/PAYTM/rapido@icici/UPI,939676694268,80.93,,1262527.16
07-Dec-2024,SALARY CREDIT/S4570891107384/Blue Dart Express Ltd,351100535871,,"60,847.67",1323374.83
07-Dec-2024,UPI/DR/896486594262/Kavya/FDRL/1665225505@okhdfcbank/UPI,343261160329,"18,350.30",,1305024.53
07-Dec-2024,UPI/DR/398025675944/Rajesh/UCBA/rajesh178@axl/UPI,554759893499,"6,650.15",,1298374.38
08-Dec-2024,UPI/DR/968347168817/Uber/PAYTM/uber@paytm/UPI,342785749354,620.27,,1297754.11
08-Dec-2024,UPI/DR/126236248061/Jio/PAYTM/vi@airtelaxis/UPI,488209659987,289.00,,1297465.11
09-Dec-2024,UPI/DR/994993449291/Bajaj/LICI/licindia@licindia/UPI,285946207072,"5,600.00",,1291865.11
09-Dec-2024,UPI/DR/197232466077/Isha/BKID/6054538046@kotak/UPI,120172850306,"16,500.08",,1275365.03
09-Dec-2024,UPI/DR/275578706519/Paytm/ICICI/paytm@paytm/UPI,179346934838,"1,940.34",,1273424.69
09-Dec-2024,NACH/MANDATE/RNT3512053/RENT MANDATE,753325921397,"15,000.00",,1258424.69
09-Dec-2024,UPI/CR/929502258814/Mamta/PUNB/mamta563@apl/UPI,578542232424,,"1,000.10",1259424.79
09-Dec-2024,UPI/CR/055150103427/Mukesh/BARB/mukesh.saxena@pthdfc/UPI,886508533415,,"5,850.90",1265275.69
10-Dec-2024,UPI/CR/066285277586/Arjun/BKID/arjun363@axl/UPI,511225806006,,"15,200.76",1280476.45
11-Dec-2024,UPI/DR/324881116332/Swiggy/ICICI/swiggy@icici/UPI,618477344469,"1,690.77",,1278785.68
11-Dec-2024,UPI/DR/290320869913/Vikas/FDRL/3411254308@okicici/UPI,402933543296,"19,550.36",,1259235.32
11-Dec-2024,UPI/DR/800828675870/Vivek/PUNB/vivek.chaudhary@okhdfcbank/UPI,897325280464,"4,150.08",,1255085.24
11-Dec-2024,UPI/CR/786059424279/Priya/SBIN/3595011833@ibl/UPI,957038944881,,"8,200.10",1263285.34
12-Dec-2024,UPI/DR/295584904185/Zomato/ICICI/zomato@axisbank/UPI,657210176107,"1,820.35",,1261464.99
14-Dec-2024,UPI/DR/463453211370/Mohit/BDBL/4576706351@ibl/UPI,860456091672,"13,750.15",,1247714.84
15-Dec-2024,POS HP PETROL PUMP GURGAON,406660953886,"2,250.35",,1245464.49
16-Dec-2024,UPI/DR/007781956960/Rekha/HDFC/rekha.patil@kotak/UPI,056681603823,"16,650.37",,1228814.12
17-Dec-2024,UPI/DR/940388200581/Sonia/UTIB/sonia.reddy@kotak/UPI,406763577752,"2,100.67",,1226713.45
17-Dec-2024,UPI/DR/906892459293/Rapido/PAYTM/rapido@icici/UPI,339398126916,400.91,,1226312.54
18-Dec-2024,UPI/DR/815682480850/Jio/ICICI/jio@paytm/UPI,916052359268,"1,730.84",,1224581.70
18-Dec-2024,UPI/DR/107845263346/Meesho/PAYTM/meesho@ybl/UPI,174739280028,"6,000.58",,1218581.12
19-Dec-2024,POS RELIANCE PETROLEUM GURGAON,470680206155,"2,500.52",,1216080.60
19-Dec-2024,UPI/CR/629688213307/Kavita/BKID/6142483447@pthdfc/UPI,912797741094,,"17,200.78",1233281.38
19-Dec-2024,UPI/DR/318141184461/Blinkit/ICICI/blinkit@kotak/UPI,793414177830,"2,650.79",,1230630.59
20-Dec-2024,UPI/DR/659116783684/Zepto/ICICI/zepto@apl/UPI,808246742003,530.86,,1230099.73
20-Dec-2024,UPI/DR/136302872378/Indane/ICICI/indanegas@upi/UPI,010234909923,850.26,,1229249.47
20-Dec-2024,UPI/DR/333416743165/TSSPDCL/UPIN/tsspdclpayment@upi/UPI,426617122829,"3,750.20",,1225499.27
21-Dec-2024,POS BRAND FACTORY GURGAON,310674069286,"4,050.42",,1221448.85
21-Dec-2024,UPI/DR/760480442719/Ola/PAYTM/olamoney@ola/UPI,909480072948,160.04,,1221288.81
22-Dec-2024,UPI/DR/676114554391/Jio/ICICI/jio@paytm/UPI,336399664974,"1,120.39",,1220168.42
22-Dec-2024,UPI/DR/731576084294/Swiggy/ICICI/swiggy@icici/UPI,388393025681,"1,950.36",,1218218.06
23-Dec-2024,UPI/DR/160184275149/Zomato/ICICI/zomato@axisbank/UPI,745732065027,350.65,,1217867.41
24-Dec-2024,UPI/DR/326617715156/Tarun/KKBK/tarunbose41@ibl/UPI,200298110852,"8,500.76",,1209366.65
24-Dec-2024,UPI/DR/911269576247/Myntra/PAYTM/myntra@ybl/UPI,461872533462,"2,350.81",,1207015.84
24-Dec-2024,POS VISHAL MEGA MART GURGAON,269259920984,"2,400.72",,1204615.12
24-Dec-2024,UPI/CR/869487813472/Akash/BDBL/akashpand86@ptsbi/UPI,952564371607,,"14,750.30",1219365.42
24-Dec-2024,UPI/CR/105999632545/Sonia/UTIB/soniadutt49@okaxis/UPI,817357224838,,"14,150.10",1233515.52
25-Dec-2024,UPI/DR/662586322634/BSNL/RAZORPAY/broadband@paytm/UPI,322344515021,949.00,,1232566.52
25-Dec-2024,UPI/DR/809461886627/Flipkart/ICICI/flipkart@ybl/UPI,484948867797,"2,120.26",,1230446.26
25-Dec-2024,UPI/CR/388523807493/Lalit/KKBK/lalitnair45@okicici/UPI,740056703269,,"21,850.73",1252296.99
25-Dec-2024,POS METRO CASH CARRY GURGAON,975699325762,"4,200.63",,1248096.36
25-Dec-2024,UPI/DR/806084589348/Zomato/ICICI/zomato@axisbank/UPI,451427710556,120.29,,1247976.07
26-Dec-2024,UPI/DR/025700434211/BigBasket/ICICI/bigbasket@ybl/UPI,157482543291,420.30,,1247555.77
26-Dec-2024,POS PANTALOONS GURGAON,760658054293,"6,550.93",,1241004.84
26-Dec-2024,POS STAR BAZAAR GURGAON,971946928814,"4,800.28",,1236204.56
26-Dec-2024,POS CENTRAL MALL GURGAON,020254951412,"8,350.19",,1227854.37
27-Dec-2024,UPI/DR/723362632693/Preeti/KKBK/9079621468@okaxis/UPI,197658476401,"20,600.22",,1207254.15
27-Dec-2024,ATM CASH WITHDRAWAL/38216/GURGAON,291985944325,"8,000.00",,1199254.15
28-Dec-2024,UPI/DR/232716505682/BigBasket/ICICI/bigbasket@ybl/UPI,136347489336,870.56,,1198383.59
28-Dec-2024,INTEREST CREDIT,051581738041,,855.58,1199239.17
28-Dec-2024,UPI/DR/594874017287/PhonePe/ICICI/phonepe@ybl/UPI,620561799027,890.84,,1198348.33
28-Dec-2024,UPI/DR/360521103566/Jio/PAYTM/vi@airtelaxis/UPI,982934138562,449.00,,1197899.33
28-Dec-2024,UPI/DR/716296827484/Uber/PAYTM/uber@paytm/UPI,828644343112,720.67,,1197178.66
30-Dec-2024,GST ON CHARGES,971380263289,86.40,,1197092.26
30-Dec-2024,ACCOUNT MAINTENANCE FEE,845411163645,480.00,,1196612.26
30-Dec-2024,UPI/DR/340070605117/Ola/ICICI/olamoney@ola/UPI,382168080673,"2,730.33",,1193881.93
30-Dec-2024,UPI/CR/681471213249/Jyoti/KKBK/jyoti.dubey@ybl/UPI,836476729440,,"19,350.43",1213232.36
30-Dec-2024,POS V MART GURGAON,435899088061,"3,700.71",,1209531.65
02-Jan-2025,POS RELIANCE PETROLEUM GURGAON,236484237729,"1,050.15",,1208481.50
02-Jan-2025,IMPS-932690670497-Ritu Menon,686732321705,"25,700.26",,1182781.24
03-Jan-2025,UPI/DR/938427008186/Jyoti/PUNB/jyotikhan83@axl/UPI,336946962724,"5,000.43",,1177780.81
04-Jan-2025,UPI/CR/979331156962/Vikas/UCBA/vikas.thapar@oksbi/UPI,621808905450,,"13,600.62",1191381.43
05-Jan-2025,UPI/DR/311183366999/Mohan/FDRL/mohan.rao@kotak/UPI,384367373012,"18,500.95",,1172880.48
05-Jan-2025,POS V MART GURGAON,151643168662,"5,600.14",,1167280.34
05-Jan-2025,UPI/DR/425303333441/BSNL/RAZORPAY/broadband@paytm/UPI,995938835606,599.00,,1166681.34
06-Jan-2025,UPI/CR/568902888120/Neha/BDBL/neha295@ybl/UPI,694087757672,,"16,750.19",1183431.53
06-Jan-2025,SALARY CREDIT/S8205909208818/Blue Dart Express Ltd,507158558496,,"60,797.67",1244229.20
07-Jan-2025,UPI/DR/855375979804/Varsha/BKID/varsha865@axl/UPI,819758227949,"10,800.16",,1233429.04
07-Jan-2025,UPI/DR/508469297022/Uber/PAYTM/uber@paytm/UPI,271997559839,660.14,,1232768.90
07-Jan-2025,UPI/DR/876248512891/BigBasket/ICICI/bigbasket@ybl/UPI,287189676873,500.02,,1232268.88
07-Jan-2025,UPI/DR/056788449138/BSNL/ICICI/bsnlbroadband@upi/UPI,264082756069,340.26,,1231928.62
08-Jan-2025,POS BHARAT PETROLEUM GURGAON,511351387211,"2,400.87",,1229527.75
08-Jan-2025,NACH/MANDATE/RNT6915770/RENT MANDATE,185928297831,"15,000.00",,1214527.75
09-Jan-2025,UPI/DR/039992960741/Jio/PAYTM/vi@airtelaxis/UPI,033987875024,509.00,,1214018.75
09-Jan-2025,UPI/DR/706133520598/Bajaj/LICI/licindia@licindia/UPI,490042745890,"5,600.00",,1208418.75
10-Jan-2025,UPI/DR/777683708911/Rahul/FDRL/rahul856@okicici/UPI,348855240876,"6,950.71",,1201468.04
10-Jan-2025,UPI/DR/027686752555/Apollo/ICICI/apollopharmacy@ybl/UPI,163105689674,"2,640.83",,1198827.21
12-Jan-2025,UPI/DR/452857105279/Jio/PAYTM/vi@airtelaxis/UPI,892860180794,309.00,,1198518.21
12-Jan-2025,UPI/CR/955677320294/Vikas/UCBA/5627148592@axl/UPI,199367338860,,600.68,1199118.89
13-Jan-2025,UPI/DR/917932554178/Indane/ICICI/indanegas@upi/UPI,772418860030,"2,400.97",,1196717.92
13-Jan-2025,UPI/CR/338688829206/Usha/BARB/1552644636@ptsbi/UPI,326427224929,,"8,000.56",1204718.48
13-Jan-2025,UPI/DR/202080023661/TSSPDCL/UPIN/tsspdclpayment@upi/UPI,687757999794,"3,700.35",,1201018.13
14-Jan-2025,POS D MART GURGAON,984500340399,"7,550.36",,1193467.77
14-Jan-2025,ATM CASH WITHDRAWAL/49314/GURGAON,362446674513,"1,500.00",,1191967.77
16-Jan-2025,UPI/DR/997821778899/Mohit/UCBA/mohitpill51@ptyes/UPI,666512282865,"11,600.18",,1180367.59
17-Jan-2025,UPI/DR/732606233261/Jio/PAYTM/vi@airtelaxis/UPI,176618192251,229.00,,1180138.59
18-Jan-2025,UPI/DR/218556363535/Paytm/ICICI/paytm@paytm/UPI,977767488895,"2,070.86",,1178067.73
18-Jan-2025,UPI/DR/968990103415/Ola/PAYTM/olamoney@ola/UPI,271121354005,700.49,,1177367.24
18-Jan-2025,UPI/DR/173249553180/PhonePe/ICICI/phonepe@ybl/UPI,891925183629,"1,610.83",,1175756.41
18-Jan-2025,UPI/DR/820490778000/Dunzo/ICICI/dunzo@razorpay/UPI,152608223443,"1,890.46",,1173865.95
18-Jan-2025,UPI/CR/035390362427/Mukesh/SBIN/mukeshshah21@pthdfc/UPI,899324465797,,"13,150.08",1187016.03
19-Jan-2025,UPI/DR/857176536605/BSNL/ICICI/bsnlbroadband@upi/UPI,073868549951,"1,080.76",,1185935.27
19-Jan-2025,POS VISHAL MEGA MART GURGAON,584682488736,"4,300.69",,1181634.58
19-Jan-2025,POS SHELL FUEL STATION GURGAON,424126655626,"1,950.57",,1179684.01
20-Jan-2025,UPI/DR/433845261215/Uber/PAYTM/uber@paytm/UPI,807966487107,740.37,,1178943.64
20-Jan-2025,UPI/DR/420246548213/Ola/PAYTM/olamoney@ola/UPI,045210423962,380.24,,1178563.40
22-Jan-2025,UPI/DR/756415641706/Jio/PAYTM/vi@airtelaxis/UPI,066536185058,259.00,,1178304.40
23-Jan-2025,UPI/DR/487651886888/Flipkart/PAYTM/flipkart@ybl/UPI,571789638176,"4,400.84",,1173903.56
23-Jan-2025,UPI/DR/051699917179/Uber/PAYTM/uber@paytm/UPI,111139364308,210.83,,1173692.73
24-Jan-2025,ATM CASH WITHDRAWAL/92181/GURGAON,573264681131,"6,000.00",,1167692.73
24-Jan-2025,POS HP PETROL PUMP GURGAON,342760415744,"3,100.89",,1164591.84
26-Jan-2025,GST ON CHARGES,681885666820,97.20,,1164494.64
26-Jan-2025,ACCOUNT MAINTENANCE FEE,240734457722,540.00,,1163954.64
27-Jan-2025,UPI/DR/017974766027/Meesho/PAYTM/meesho@ybl/UPI,189244300153,"2,450.58",,1161504.06
27-Jan-2025,UPI/DR/786608216176/Uber/ICICI/uber@paytm/UPI,437184540536,"1,330.31",,1160173.75
28-Jan-2025,UPI/DR/160267377594/Paytm/ICICI/paytm@paytm/UPI,913717005775,"2,430.07",,1157743.68
28-Jan-2025,UPI/DR/344602955454/Zepto/ICICI/zepto@apl/UPI,087056036408,"2,230.64",,1155513.04
28-Jan-2025,POS LIFESTYLE STORES GURGAON,697545440355,"7,000.03",,1148513.01
29-Jan-2025,UPI/DR/666591272012/Flipkart/PAYTM/flipkart@ybl/UPI,397142922093,"4,000.24",,1144512.77
29-Jan-2025,UPI/DR/856708946639/Rapido/PAYTM/rapido@icici/UPI,931926224812,600.42,,1143912.35
30-Jan-2025,POS CENTRAL MALL GURGAON,098014799296,"2,750.77",,1141161.58
01-Feb-2025,UPI/DR/976652744718/Zepto/ICICI/zepto@apl/UPI,958739077906,"1,550.01",,1139611.57
01-Feb-2025,POS CENTRAL MALL GURGAON,075791991752,"2,700.01",,1136911.56
02-Feb-2025,UPI/DR/229523527112/BSNL/ICICI/bsnlbroadband@upi/UPI,133300825390,"2,620.27",,1134291.29
03-Feb-2025,UPI/DR/404952673424/Ola/ICICI/olamoney@ola/UPI,059556365031,"1,730.08",,1132561.21
03-Feb-2025,UPI/DR/950628808010/Jio/PAYTM/vi@airtelaxis/UPI,233738508368,199.00,,1132362.21
04-Feb-2025,POS V MART GURGAON,560674694551,"6,500.63",,1125861.58
04-Feb-2025,UPI/CR/577974214185/Vijay/SBIN/vijayjosh55@ptaxis/UPI,338115982562,,"18,500.05",1144361.63
04-Feb-2025,UPI/CR/242001088494/Asha/SBIN/4327577473@axl/UPI,100451463228,,"16,450.57",1160812.20
05-Feb-2025,UPI/DR/861547560436/BigBasket/ICICI/bigbasket@ybl/UPI,562618151949,210.24,,1160601.96
05-Feb-2025,POS LIFESTYLE STORES GURGAON,808298550176,"5,250.16",,1155351.80
06-Feb-2025,SALARY CREDIT/S8615965020946/Blue Dart Express Ltd,365552245452,,"60,054.67",1215406.47
06-Feb-2025,UPI/DR/173300299317/Rahul/FDRL/rahulthap32@upi/UPI,262515233549,"14,800.95",,1200605.52
06-Feb-2025,NEFT/N6288613909751/Tata Consultancy Ser,071641883247,,"51,000.16",1251605.68
06-Feb-2025,POS BIG BAZAAR GURGAON,706448743352,"6,400.48",,1245205.20
07-Feb-2025,ATM CASH WITHDRAWAL/66981/GURGAON,496743543727,"7,500.00",,1237705.20
07-Feb-2025,UPI/DR/993480723633/Jio/PAYTM/vi@airtelaxis/UPI,558067379116,399.00,,1237306.20
07-Feb-2025,NACH/MANDATE/RNT1254600/RENT MANDATE,808347995284,"15,000.00",,1222306.20
07-Feb-2025,UPI/DR/828708795393/Jio/PAYTM/vi@airtelaxis/UPI,984511951283,959.00,,1221347.20
07-Feb-2025,POS SHELL FUEL STATION GURGAON,503701566559,"4,350.40",,1216996.80
07-Feb-2025,UPI/CR/786182633571/Akash/HDFC/akash129@ibl/UPI,771134061650,,"20,550.48",1237547.28
08-Feb-2025,POS METRO CASH CARRY GURGAON,345296384363,950.51,,1236596.77
08-Feb-2025,UPI/DR/125468339640/Dunzo/ICICI/dunzo@razorpay/UPI,459165515463,"2,380.90",,1234215.87
08-Feb-2025,ATM CASH WITHDRAWAL/77353/GURGAON,274007224389,"8,000.00",,1226215.87
09-Feb-2025,UPI/DR/948614535935/TSSPDCL/UPIN/tsspdclpayment@upi/UPI,071730950689,"4,050.21",,1222165.66
09-Feb-2025,UPI/DR/905762685480/Paytm/ICICI/paytm@paytm/UPI,491834871325,740.95,,1221424.71
10-Feb-2025,POS METRO CASH CARRY GURGAON,106684695551,"8,250.41",,1213174.30
11-Feb-2025,UPI/DR/030735564051/Blinkit/ICICI/blinkit@kotak/UPI,264586399680,"1,970.95",,1211203.35
12-Feb-2025,UPI/DR/076041653371/Bajaj/LICI/licindia@licindia/UPI,397645682815,"5,600.00",,1205603.35
13-Feb-2025,UPI/DR/815855994059/Paytm/ICICI/paytm@paytm/UPI,902758843399,250.26,,1205353.09
13-Feb-2025,ATM CASH WITHDRAWAL/91448/GURGAON,751611354089,"9,000.00",,1196353.09
14-Feb-2025,POS HP PETROL PUMP GURGAON,298832638952,"3,400.63",,1192952.46
15-Feb-2025,UPI/DR/878844229226/Zomato/ICICI/zomato@axisbank/UPI,720729017173,"2,430.00",,1190522.46
15-Feb-2025,UPI/DR/400437458818/Ola/PAYTM/olamoney@ola/UPI,069274261946,800.42,,1189722.04
15-Feb-2025,UPI/DR/788510371397/Practo/ICICI/practo@paytm/UPI,242615084611,899.00,,1188823.04
15-Feb-2025,ATM CASH WITHDRAWAL/98179/GURGAON,380609353280,"6,000.00",,1182823.04
15-Feb-2025,POS SHELL FUEL STATION GURGAON,563370869858,"2,950.84",,1179872.20
16-Feb-2025,UPI/CR/078387367406/Sonia/BDBL/8820834898@oksbi/UPI,508751118925,,800.39,1180672.59
16-Feb-2025,UPI/DR/202377584084/Uber/PAYTM/uber@paytm/UPI,515061967011,120.03,,1180552.56
16-Feb-2025,UPI/DR/408277304840/Santosh/BKID/santoshchop71@upi/UPI,789164461911,"16,250.68",,1164301.88
17-Feb-2025,UPI/DR/007614842607/Varsha/UTIB/varsha.banerjee@oksbi/UPI,121783832379,"13,350.02",,1150951.86
18-Feb-2025,ATM CASH WITHDRAWAL/40699/GURGAON,415024501166,"4,000.00",,1146951.86
19-Feb-2025,POS RELIANCE PETROLEUM GURGAON,774462035794,"3,950.68",,1143001.18
20-Feb-2025,UPI/DR/073834234982/Indane/ICICI/indanegas@upi/UPI,799428047370,"2,550.78",,1140450.40
21-Feb-2025,UPI/DR/532536520947/Zepto/ICICI/zepto@apl/UPI,644771655207,"1,700.93",,1138749.47
21-Feb-2025,UPI/CR/660748584265/Maya/KKBK/1995333888@okaxis/UPI,651760626710,,"1,450.10",1140199.57
21-Feb-2025,UPI/DR/561960600285/Nykaa/PAYTM/nykaa@razorpay/UPI,511635871610,"4,450.53",,1135749.04
22-Feb-2025,UPI/CR/645538288032/Ritu/KKBK/ritu.mehta@apl/UPI,543366363534,,"21,700.24",1157449.28
23-Feb-2025,UPI/DR/779687359268/Rapido/PAYTM/rapido@icici/UPI,908078704252,760.84,,1156688.44
23-Feb-2025,UPI/CR/706073502164/Gaurav/FDRL/gauravbose48@paytm/UPI,664508440306,,"8,600.07",1165288.51
23-Feb-2025,UPI/DR/436374272622/Sangita/BKID/3779488112@pthdfc/UPI,461341191741,"20,400.41",,1144888.10
23-Feb-2025,UPI/DR/230051191922/Rapido/PAYTM/rapido@icici/UPI,007563774423,460.71,,1144427.39
24-Feb-2025,UPI/DR/439146177511/Dunzo/ICICI/dunzo@razorpay/UPI,819016998132,"1,950.02",,1142477.37
25-Feb-2025,POS CENTRAL MALL GURGAON,120806275925,"3,950.16",,1138527.21
25-Feb-2025,UPI/CR/343983533632/Vikas/UTIB/vikaspati42@ptaxis/UPI,521582244791,,"17,150.72",1155677.93
26-Feb-2025,GST ON CHARGES,015049624581,19.80,,1155658.13
26-Feb-2025,ACCOUNT MAINTENANCE FEE,134034495574,110.00,,1155548.13
26-Feb-2025,IMPS-650479088339-Rahul Singh,288267425390,"41,000.99",,1114547.14
26-Feb-2025,UPI/DR/580942749934/Swiggy/ICICI/swiggy@icici/UPI,319796998642,"2,160.21",,1112386.93
27-Feb-2025,UPI/DR/166123015577/Amazon/ICICI/amazon@apl/UPI,178971511653,720.94,,1111665.99
27-Feb-2025,UPI/DR/775683504255/BSNL/RAZORPAY/broadband@paytm/UPI,027356256472,699.00,,1110966.99
27-Feb-2025,UPI/DR/946903604579/Uber/PAYTM/uber@paytm/UPI,142700638211,350.98,,1110616.01
01-Mar-2025,UPI/DR/858362123403/Flipkart/PAYTM/flipkart@ybl/UPI,862650692006,"5,550.18",,1105065.83
01-Mar-2025,POS PANTALOONS GURGAON,785225402715,"3,900.64",,1101165.19
01-Mar-2025,UPI/DR/289513532473/Deepak/BKID/deepakmalh38@ybl/UPI,392953639641,"9,250.85",,1091914.34
01-Mar-2025,UPI/DR/200803406964/Jio/ICICI/jio@paytm/UPI,377201908530,"1,300.61",,1090613.73
01-Mar-2025,UPI/DR/065617839708/Myntra/ICICI/myntra@ybl/UPI,451678674847,899.00,,1089714.73
01-Mar-2025,POS MAX FASHION GURGAON,028451306458,"7,950.86",,1081763.87
01-Mar-2025,POS BRAND FACTORY GURGAON,432102254067,"1,100.18",,1080663.69
01-Mar-2025,UPI/DR/910520105619/Pallavi/KKBK/9679784864@oksbi/UPI,100029312868,"8,400.15",,1072263.54
02-Mar-2025,POS RELIANCE PETROLEUM GURGAON,718624692062,"3,550.90",,1068712.64
02-Mar-2025,UPI/CR/904354816148/Brijesh/PUNB/9603631003@paytm/UPI,546084658193,,"2,550.76",1071263.40
02-Mar-2025,UPI/DR/333836709920/BSNL/ICICI/bsnlbroadband@upi/UPI,005804164489,660.69,,1070602.71
02-Mar-2025,UPI/DR/922639471941/Jio/ICICI/jio@paytm/UPI,677408839745,"2,750.05",,1067852.66
03-Mar-2025,POS BRAND FACTORY GURGAON,428243682231,"2,150.33",,1065702.33
03-Mar-2025,UPI/CR/754632905650/Deepa/BKID/deepa573@ptaxis/UPI,899996228934,,"7,900.22",1073602.55
03-Mar-2025,UPI/DR/964897945642/Maya/BKID/mayajain91@ybl/UPI,278236928926,"10,800.23",,1062802.32
03-Mar-2025,POS METRO CASH CARRY GURGAON,859830861836,"5,850.84",,1056951.48
04-Mar-2025,UPI/DR/459729663453/Rapido/PAYTM/rapido@icici/UPI,696398181939,80.22,,1056871.26
04-Mar-2025,UPI/DR/174882338696/Jio/PAYTM/vi@airtelaxis/UPI,439344181691,589.00,,1056282.26
05-Mar-2025,POS BRAND FACTORY GURGAON,025428490332,700.25,,1055582.01
06-Mar-2025,UPI/DR/231950107643/Rapido/PAYTM/rapido@icici/UPI,254475249878,110.05,,1055471.96
06-Mar-2025,UPI/CR/023274905080/Mohit/PUNB/1353796730@okaxis/UPI,125237698622,,"2,950.40",1058422.36
07-Mar-2025,UPI/DR/972610334909/BigBasket/ICICI/bigbasket@ybl/UPI,423773815328,"2,640.70",,1055781.66
07-Mar-2025,SALARY CREDIT/S3249851066203/Blue Dart Express Ltd,918145787466,,"59,167.67",1114949.33
07-Mar-2025,UPI/CR/322850831156/Naveen/SBIN/naveenjain11@axl/UPI,624926743429,,"18,950.34",1133899.67
07-Mar-2025,UPI/CR/256174213076/Poonam/UTIB/2319665307@ybl/UPI,251724520494,,"7,600.34",1141500.01
08-Mar-2025,UPI/DR/390173699208/Shivam/FDRL/shivam394@okhdfcbank/UPI,196952417666,"17,450.50",,1124049.51
09-Mar-2025,ATM CASH WITHDRAWAL/70940/GURGAON,089912637519,"1,000.00",,1123049.51
10-Mar-2025,POS INDIAN OIL GURGAON,292715951317,"4,150.21",,1118899.30
10-Mar-2025,UPI/DR/737522135235/Amazon/PAYTM/amazon@apl/UPI,937459310831,"2,800.71",,1116098.59
10-Mar-2025,UPI/DR/614936575301/Rapido/PAYTM/rapido@icici/UPI,392021787031,240.66,,1115857.93
10-Mar-2025,UPI/DR/675632213177/Jio/PAYTM/vi@airtelaxis/UPI,273193599899,479.00,,1115378.93
11-Mar-2025,UPI/DR/026949302496/Uber/PAYTM/uber@paytm/UPI,674153469311,810.77,,1114568.16
12-Mar-2025,UPI/DR/383285895777/Bajaj/LICI/licindia@licindia/UPI,699056423398,"5,600.00",,1108968.16
12-Mar-2025,ATM CASH WITHDRAWAL/64764/GURGAON,942160297554,"6,000.00",,1102968.16
12-Mar-2025,NACH/MANDATE/RNT8420184/RENT MANDATE,701127895622,"15,000.00",,1087968.16
12-Mar-2025,UPI/DR/384398172367/Jio/PAYTM/vi@airtelaxis/UPI,083086972506,389.00,,1087579.16
12-Mar-2025,UPI/DR/873485430521/Siddharth/FDRL/siddharth290@kotak/UPI,662929356819,"11,800.12",,1075779.04
13-Mar-2025,UPI/DR/340998552484/Swiggy/ICICI/swiggy@icici/UPI,609075751131,950.42,,1074828.62
13-Mar-2025,UPI/DR/203282864523/TSSPDCL/UPIN/tsspdclpayment@upi/UPI,727204876619,"1,750.79",,1073077.83
14-Mar-2025,UPI/DR/638438220053/BSNL/RAZORPAY/broadband@paytm/UPI,634247092733,799.00,,1072278.83
14-Mar-2025,UPI/DR/133560906950/MakeMyTrip/ICICI/makemytrip@axisbank/UPI,151933148729,949.00,,1071329.83
14-Mar-2025,UPI/DR/533209791513/Netmeds/ICICI/netmeds@paytm/UPI,430553532912,"2,490.62",,1068839.21
14-Mar-2025,UPI/DR/252699763814/Amazon/ICICI/amazon@apl/UPI,796238287852,"2,590.82",,1066248.39
15-Mar-2025,UPI/DR/428782175025/Blinkit/ICICI/blinkit@kotak/UPI,551494523474,"2,180.26",,1064068.13
16-Mar-2025,UPI/DR/754854326672/Jio/ICICI/jio@paytm/UPI,694593952301,"1,160.86",,1062907.27
16-Mar-2025,UPI/DR/938879128977/Uber/PAYTM/uber@paytm/UPI,649484903906,230.33,,1062676.94
16-Mar-2025,UPI/DR/638600637054/Rani/UCBA/ranirao43@okhdfcbank/UPI,225896461359,"11,800.58",,1050876.36
16-Mar-2025,POS SHELL FUEL STATION GURGAON,555521982992,"3,050.13",,1047826.23
16-Mar-2025,UPI/CR/863793815436/Maya/HDFC/maya898@okaxis/UPI,865792463987,,"10,350.03",1058176.26
17-Mar-2025,UPI/DR/314676218453/Amazon/ICICI/amazon@apl/UPI,139688993457,"1,020.47",,1057155.79
17-Mar-2025,UPI/DR/647042750951/Uber/ICICI/uber@paytm/UPI,428214041187,760.03,,1056395.76
17-Mar-2025,UPI/DR/432468575695/Dunzo/ICICI/dunzo@razorpay/UPI,856885056159,490.76,,1055905.00
17-Mar-2025,POS SHOPPERS STOP GURGAON,152945356868,"7,100.40",,1048804.60
18-Mar-2025,UPI/DR/912469680358/Jio/PAYTM/vi@airtelaxis/UPI,638610211985,699.00,,1048105.60
18-Mar-2025,UPI/DR/605120748089/BigBasket/ICICI/bigbasket@ybl/UPI,945391561707,"1,240.71",,1046864.89
19-Mar-2025,UPI/DR/682801888925/Girish/UTIB/girish.singh@kotak/UPI,214741802403,"19,150.35",,1027714.54
19-Mar-2025,UPI/DR/715774029964/Paytm/ICICI/paytm@paytm/UPI,244410030141,"2,050.60",,1025663.94
19-Mar-2025,UPI/DR/318814481508/Indane/ICICI/indanegas@upi/UPI,537684664800,"2,100.89",,1023563.05
20-Mar-2025,UPI/DR/394687120583/Jio/ICICI/jio@paytm/UPI,109929665731,460.23,,1023102.82
21-Mar-2025,UPI/DR/876578462882/Ramesh/BARB/ramesh.bajaj@aubank/UPI,762653627086,"13,100.73",,1010002.09
22-Mar-2025,POS RELIANCE PETROLEUM GURGAON,827500256430,"1,200.96",,1008801.13
22-Mar-2025,UPI/DR/179660489909/Vivek/BDBL/vivek.kapoor@ibl/UPI,055912300278,"21,450.33",,987350.80
23-Mar-2025,NEFT/N1214211919624/Madura Garments Pvt ,440020666266,,"53,000.85",1040351.65
24-Mar-2025,UPI/CR/991883727160/Priya/BKID/priyamish76@ibl/UPI,395161868826,,"4,350.80",1044702.45
24-Mar-2025,UPI/CR/986876072880/Sunil/KKBK/0859314532@ptyes/UPI,165205138458,,"15,050.03",1059752.48
24-Mar-2025,UPI/DR/758774156636/Nisha/BARB/nisha932@ybl/UPI,672029218006,"16,150.03",,1043602.45
25-Mar-2025,INTEREST CREDIT,217006510475,,175.85,1043778.30
27-Mar-2025,POS PANTALOONS GURGAON,026355969757,"1,700.88",,1042077.42
27-Mar-2025,UPI/DR/183615430794/Zomato/ICICI/zomato@axisbank/UPI,286955007756,"1,580.22",,1040497.20
28-Mar-2025,UPI/DR/947074348373/Swiggy/ICICI/swiggy@icici/UPI,272152678489,"1,550.17",,1038947.03
28-Mar-2025,UPI/DR/512685950787/Ankit/UTIB/ankit846@ybl/UPI,785187840119,"17,500.31",,1021446.72
28-Mar-2025,UPI/DR/672303950658/Jio/PAYTM/vi@airtelaxis/UPI,393403586824,799.00,,1020647.72
29-Mar-2025,UPI/DR/032306154324/Seema/BKID/seema962@ptaxis/UPI,681986428201,"3,900.51",,1016747.21
29-Mar-2025,UPI/DR/095371531792/Ola/PAYTM/olamoney@ola/UPI,677381401742,330.30,,1016416.91
29-Mar-2025,UPI/CR/325776968284/Varsha/UCBA/varshabose81@oksbi/UPI,646116735245,,"2,000.31",1018417.22
30-Mar-2025,ATM CASH WITHDRAWAL/93836/GURGAON,370087724395,"4,500.00",,1013917.22
30-Mar-2025,UPI/DR/279531255693/Paytm/ICICI/paytm@paytm/UPI,627031172849,"2,140.11",,1011777.11
30-Mar-2025,UPI/DR/274247448568/Uber/ICICI/uber@paytm/UPI,069782651298,"2,450.27",,1009326.84
31-Mar-2025,UPI/DR/355975562942/Mukesh/BKID/mukeshjosh40@axl/UPI,791562169624,"8,750.06",,1000576.78
31-Mar-2025,UPI/DR/721768852029/Amit/SBIN/amit.chatterjee@upi/UPI,508262090513,"8,650.35",,991926.43
01-Apr-2025,UPI/DR/937002262606/Shivam/BKID/5466124866@upi/UPI,998585266315,"17,050.86",,974875.57
02-Apr-2025,UPI/CR/494648204014/Archana/FDRL/archana.bajaj@upi/UPI,397474132843,,"5,850.38",980725.95
02-Apr-2025,UPI/DR/927774853345/Ola/PAYTM/olamoney@ola/UPI,187669211263,740.82,,979985.13
02-Apr-2025,UPI/DR/659911550937/Swati/BDBL/6480988099@upi/UPI,178213262253,"12,000.82",,967984.31
02-Apr-2025,UPI/DR/096364710655/Vikas/SBIN/vikas369@upi/UPI,845617338647,"9,600.46",,958383.85
02-Apr-2025,UPI/CR/044925284543/Kiran/BKID/kiran704@okaxis/UPI,202643130971,,"1,700.89",960084.74
03-Apr-2025,UPI/DR/299614009715/Jio/PAYTM/vi@airtelaxis/UPI,253241227939,929.00,,959155.74
03-Apr-2025,UPI/CR/053216148300/Preeti/PUNB/preetiverm42@ibl/UPI,057075685348,,"7,700.21",966855.95
04-Apr-2025,UPI/DR/240490507178/Jyoti/BDBL/jyoti.khanna@ibl/UPI,371041400138,"20,450.21",,946405.74
05-Apr-2025,ATM CASH WITHDRAWAL/27530/GURGAON,401307468812,"6,000.00",,940405.74
06-Apr-2025,UPI/DR/794560603212/Ola/ICICI/olamoney@ola/UPI,590016094284,"1,590.35",,938815.39
07-Apr-2025,POS BIG BAZAAR GURGAON,938043355255,"8,500.64",,930314.75
07-Apr-2025,SALARY CREDIT/S6148326710592/Blue Dart Express Ltd,166686919030,,"63,633.67",993948.42
08-Apr-2025,UPI/DR/793909531748/Amazon/PAYTM/amazon@apl/UPI,858471858562,"2,200.82",,991747.60
09-Apr-2025,UPI/DR/255368830283/Amazon/ICICI/amazon@apl/UPI,011022844766,290.79,,991456.81
09-Apr-2025,UPI/DR/439466959131/Vikas/SBIN/vikaschat64@ptsbi/UPI,461438827643,700.87,,990755.94
09-Apr-2025,NACH/MANDATE/RNT0321785/RENT MANDATE,590546002373,"15,000.00",,975755.94
09-Apr-2025,UPI/DR/761317646423/Jio/PAYTM/vi@airtelaxis/UPI,418433349777,659.00,,975096.94
09-Apr-2025,UPI/DR/039327819678/TSSPDCL/UPIN/tsspdclpayment@upi/UPI,958253073665,750.71,,974346.23
10-Apr-2025,UPI/DR/240969409734/Arjun/BARB/arjun761@ibl/UPI,491836784202,"17,050.92",,957295.31
10-Apr-2025,UPI/DR/549506831079/Myntra/PAYTM/myntra@ybl/UPI,438246842162,"5,500.01",,951795.30
10-Apr-2025,UPI/CR/661879997671/Pallavi/UTIB/0179527809@upi/UPI,218541820733,,850.84,952646.14
11-Apr-2025,UPI/DR/443007927531/BSNL/RAZORPAY/broadband@paytm/UPI,606418841572,349.00,,952297.14
11-Apr-2025,UPI/DR/976262861485/Ola/PAYTM/olamoney@ola/UPI,835261972188,740.18,,951556.96
12-Apr-2025,UPI/DR/382898106947/BSNL/ICICI/bsnlbroadband@upi/UPI,977447323800,"1,120.13",,950436.83
12-Apr-2025,POS RELIANCE MART GURGAON,858161942023,"3,600.14",,946836.69
12-Apr-2025,UPI/DR/713395194532/Bajaj/LICI/licindia@licindia/UPI,206906517319,"5,600.00",,941236.69
13-Apr-2025,UPI/DR/342414318138/PhonePe/ICICI/phonepe@ybl/UPI,433650850074,"1,940.05",,939296.64
14-Apr-2025,POS VISHAL MEGA MART GURGAON,752079343202,650.84,,938645.80
14-Apr-2025,UPI/CR/344474658531/Archana/UCBA/archanaiyer94@okaxis/UPI,071913120494,,"11,300.59",949946.39
15-Apr-2025,UPI/DR/965303364510/Vishal/BDBL/9035282145@ibl/UPI,669988656814,"13,200.54",,936745.85
16-Apr-2025,UPI/DR/156909333038/Flipkart/PAYTM/flipkart@ybl/UPI,059955837546,"2,150.84",,934595.01
16-Apr-2025,UPI/DR/000024625936/Jio/PAYTM/vi@airtelaxis/UPI,896858718081,689.00,,933906.01
16-Apr-2025,POS V MART GURGAON,491149399289,"7,800.72",,926105.29
17-Apr-2025,POS D MART GURGAON,380531365010,"7,200.65",,918904.64
17-Apr-2025,POS PANTALOONS GURGAON,187615610376,"6,050.38",,912854.26
18-Apr-2025,UPI/CR/607903302996/Mahesh/FDRL/mahesh412@kotak/UPI,019841823012,,"20,550.58",933404.84
18-Apr-2025,UPI/DR/586930098313/Apollo/ICICI/apollopharmacy@ybl/UPI,374895950544,899.00,,932505.84
21-Apr-2025,UPI/CR/984017830975/Rajesh/PUNB/0009757522@ptsbi/UPI,682359821627,,"20,600.45",953106.29
22-Apr-2025,UPI/DR/770129967603/Indane/ICICI/indanegas@upi/UPI,556611467987,"2,650.07",,950456.22
22-Apr-2025,UPI/DR/063947521421/Flipkart/ICICI/flipkart@ybl/UPI,517405251506,"1,950.92",,948505.30
23-Apr-2025,UPI/DR/453506354361/Uber/PAYTM/uber@paytm/UPI,618507781177,840.96,,947664.34
24-Apr-2025,UPI/DR/386416806652/Amazon/ICICI/amazon@apl/UPI,239422491035,"1,790.99",,945873.35
24-Apr-2025,ATM CASH WITHDRAWAL/18007/GURGAON,326941691320,"2,000.00",,943873.35
24-Apr-2025,UPI/CR/099822900883/Vikas/BKID/2095651454@ptaxis/UPI,445418003496,,"4,950.99",948824.34
25-Apr-2025,POS HP PETROL PUMP GURGAON,188641125431,"3,550.76",,945273.58
26-Apr-2025,GST ON CHARGES,343475006407,104.40,,945169.18
26-Apr-2025,ACCOUNT MAINTENANCE FEE,528686597370,580.00,,944589.18
26-Apr-2025,POS BIG BAZAAR GURGAON,967566113376,"3,250.06",,941339.12
26-Apr-2025,UPI/DR/454987855057/PhonePe/ICICI/phonepe@ybl/UPI,488048677598,400.62,,940938.50
27-Apr-2025,UPI/DR/208420795916/Jio/PAYTM/vi@airtelaxis/UPI,862338875868,729.00,,940209.50
27-Apr-2025,ATM CASH WITHDRAWAL/94254/GURGAON,932847562891,"4,500.00",,935709.50
27-Apr-2025,UPI/CR/172705974401/Nikhil/HDFC/nikhil263@kotak/UPI,516479169497,,"14,300.51",950010.01
27-Apr-2025,POS INDIAN OIL GURGAON,690837580848,"2,150.09",,947859.92
28-Apr-2025,UPI/DR/384805852965/Jio/PAYTM/vi@airtelaxis/UPI,895613488044,439.00,,947420.92
28-Apr-2025,UPI/DR/025867595431/Ola/ICICI/olamoney@ola/UPI,000132779405,"1,930.03",,945490.89
29-Apr-2025,UPI/CR/086950526531/Sangita/KKBK/sangitabane63@oksbi/UPI,587938221589,,"3,850.42",949341.31
29-Apr-2025,UPI/DR/230283809598/Rapido/PAYTM/rapido@icici/UPI,909885614368,650.91,,948690.40
29-Apr-2025,UPI/DR/278477892846/Jio/ICICI/jio@paytm/UPI,120563557352,620.46,,948069.94
30-Apr-2025,UPI/CR/015682688402/Brijesh/PUNB/brijesh.mukherjee@ybl/UPI,272467091947,,"15,050.16",963120.10
30-Apr-2025,UPI/CR/843551472394/Ramesh/SBIN/ramesh.khanna@ptyes/UPI,504090900313,,"7,500.75",970620.85
01-May-2025,UPI/DR/028826745102/Paytm/ICICI/paytm@paytm/UPI,676274185584,"1,140.59",,969480.26
01-May-2025,UPI/CR/787547123942/Sachin/BARB/sachin.bose@kotak/UPI,180974656109,,"18,400.50",987880.76
01-May-2025,UPI/DR/473307365742/Anjali/BKID/6850876051@upi/UPI,105683199268,"12,200.21",,975680.55
01-May-2025,UPI/DR/226200322815/BigBasket/ICICI/bigbasket@ybl/UPI,276293666914,"1,040.20",,974640.35
01-May-2025,POS INDIAN OIL GURGAON,049602279422,"2,650.57",,971989.78
01-May-2025,ATM CASH WITHDRAWAL/56000/GURGAON,969070539489,"1,000.00",,970989.78
01-May-2025,UPI/DR/472810675855/Paytm/ICICI/paytm@paytm/UPI,784579797403,990.53,,969999.25
04-May-2025,ATM CASH WITHDRAWAL/94675/GURGAON,120995510755,"1,000.00",,968999.25
04-May-2025,UPI/DR/803992080960/Amazon/PAYTM/amazon@apl/UPI,112421235508,"1,750.02",,967249.23
04-May-2025,IMPS-440117229356-Arun Kumar,362334691787,"34,500.15",,932749.08
05-May-2025,IMPS-096652709546-Sarita Roy,542808330390,"6,600.39",,926148.69
07-May-2025,UPI/DR/188379052483/Manish/KKBK/manishkuma39@oksbi/UPI,913876903662,"2,600.88",,923547.81
07-May-2025,POS HP PETROL PUMP GURGAON,061374624907,"3,650.86",,919896.95
07-May-2025,SALARY CREDIT/S0602545806657/Blue Dart Express Ltd,620737910242,,"61,140.67",981037.62
07-May-2025,UPI/CR/729492039075/Jyoti/UCBA/jyoti386@pthdfc/UPI,216678389375,,"4,300.16",985337.78
08-May-2025,NACH/MANDATE/RNT7258353/RENT MANDATE,895033539584,"15,000.00",,970337.78
08-May-2025,UPI/DR/811508324754/Rapido/PAYTM/rapido@icici/UPI,693442497001,830.87,,969506.91
08-May-2025,UPI/DR/380710592470/Ola/PAYTM/olamoney@ola/UPI,218963013454,760.19,,968746.72
10-May-2025,ATM CASH WITHDRAWAL/20045/GURGAON,846611419946,"3,500.00",,965246.72
10-May-2025,POS CENTRAL MALL GURGAON,887093672965,"4,550.85",,960695.87
11-May-2025,UPI/CR/258538995969/Mamta/BARB/mamta.shukla@pthdfc/UPI,491988379630,,"12,750.83",973446.70
12-May-2025,UPI/DR/370324677396/Uber/PAYTM/uber@paytm/UPI,211801350760,640.52,,972806.18
12-May-2025,ATM CASH WITHDRAWAL/67876/GURGAON,953778903020,"9,500.00",,963306.18
12-May-2025,ATM CASH WITHDRAWAL/65421/GURGAON,235951895262,"7,000.00",,956306.18
12-May-2025,POS VISHAL MEGA MART GURGAON,480560103974,"3,000.44",,953305.74
12-May-2025,UPI/DR/810431867301/TSSPDCL/UPIN/tsspdclpayment@upi/UPI,338646873540,"1,150.21",,952155.53
12-May-2025,UPI/DR/489500923683/Jio/PAYTM/vi@airtelaxis/UPI,422737874631,769.00,,951386.53
12-May-2025,UPI/DR/665930923928/Bajaj/LICI/licindia@licindia/UPI,076698283839,"5,600.00",,945786.53
12-May-2025,UPI/DR/040486689080/Indane/ICICI/indanegas@upi/UPI,030748860670,"1,000.01",,944786.52
13-May-2025,UPI/DR/937504122446/Rapido/PAYTM/rapido@icici/UPI,996809314992,850.07,,943936.45
14-May-2025,POS MORE SUPER MARKET GURGAON,586324131061,"8,350.15",,935586.30
15-May-2025,UPI/DR/416871669135/BSNL/RAZORPAY/broadband@paytm/UPI,600089916844,449.00,,935137.30
15-May-2025,UPI/DR/052843227201/Jio/PAYTM/vi@airtelaxis/UPI,121837255728,719.00,,934418.30
17-May-2025,UPI/DR/400753368884/Flipkart/ICICI/flipkart@ybl/UPI,602299320909,800.30,,933618.00
17-May-2025,UPI/DR/796904668180/Lalit/UCBA/8392725133@kotak/UPI,941800154727,"17,100.55",,916517.45
17-May-2025,UPI/DR/571179994872/Kavya/BARB/5276603723@okicici/UPI,830307343935,900.02,,915617.43
18-May-2025,UPI/DR/982000956643/Amazon/PAYTM/amazon@apl/UPI,178049169773,"4,550.35",,911067.08
18-May-2025,ATM CASH WITHDRAWAL/81273/GURGAON,606108336023,"4,000.00",,907067.08
18-May-2025,POS PANTALOONS GURGAON,995409747002,"1,800.32",,905266.76
18-May-2025,UPI/DR/786481797099/BigBasket/ICICI/bigbasket@ybl/UPI,824088336098,770.22,,904496.54
19-May-2025,POS INDIAN OIL GURGAON,646400401790,"4,200.42",,900296.12
19-May-2025,POS SHELL FUEL STATION GURGAON,904482157012,"2,800.14",,897495.98
19-May-2025,UPI/DR/729534197666/Jio/ICICI/jio@paytm/UPI,662520880070,890.35,,896605.63
20-May-2025,UPI/DR/348307793773/Manish/UTIB/manish249@okhdfcbank/UPI,073249258874,"3,200.20",,893405.43
21-May-2025,ATM CASH WITHDRAWAL/45829/GURGAON,421539760726,"8,500.00",,884905.43
22-May-2025,UPI/DR/337872425267/Nykaa/ICICI/nykaa@razorpay/UPI,273672768859,399.00,,884506.43
23-May-2025,UPI/DR/439236256946/Flipkart/ICICI/flipkart@ybl/UPI,340212808732,980.99,,883525.44
24-May-2025,UPI/DR/928619734915/Lalit/BARB/lalitmukh46@apl/UPI,111091969117,"20,250.05",,863275.39
24-May-2025,UPI/CR/578857946946/Anjali/UCBA/anjali.verma@pthdfc/UPI,287386303124,,"8,000.84",871276.23
24-May-2025,POS SHELL FUEL STATION GURGAON,324914496133,"3,100.29",,868175.94
25-May-2025,UPI/DR/819361777718/Amazon/PAYTM/amazon@apl/UPI,261001359050,"3,100.24",,865075.70
25-May-2025,UPI/DR/818052236183/Swiggy/ICICI/swiggy@icici/UPI,307529501283,"2,400.18",,862675.52
25-May-2025,UPI/DR/911400943446/BigBasket/ICICI/bigbasket@ybl/UPI,645021921450,"1,230.91",,861444.61
25-May-2025,UPI/CR/443527434241/Pooja/HDFC/pooja.shukla@axl/UPI,497480189931,,"7,950.38",869394.99
28-May-2025,ACCOUNT MAINTENANCE FEE,881706690640,470.00,,868924.99
28-May-2025,GST ON CHARGES,605539140277,84.60,,868840.39
29-May-2025,UPI/CR/425966049380/Sarita/SBIN/sarita.ahuja@pthdfc/UPI,845005333634,,"14,200.00",883040.39
29-May-2025,UPI/DR/976880420152/Himanshu/FDRL/7998214905@apl/UPI,792658435265,"6,350.01",,876690.38
30-May-2025,UPI/DR/021892953306/Blinkit/ICICI/blinkit@kotak/UPI,727496612756,"1,580.44",,875109.94
01-Jun-2025,UPI/DR/669974952475/Ola/PAYTM/olamoney@ola/UPI,603793528319,180.93,,874929.01
01-Jun-2025,UPI/DR/364230158742/Dunzo/ICICI/dunzo@razorpay/UPI,071071238824,670.32,,874258.69
01-Jun-2025,UPI/DR/035361519617/Zepto/ICICI/zepto@apl/UPI,399925791887,"1,800.76",,872457.93
02-Jun-2025,UPI/DR/841339150920/Jio/ICICI/jio@paytm/UPI,531676620925,810.56,,871647.37
03-Jun-2025,POS CENTRAL MALL GURGAON,432861821848,"2,150.03",,869497.34
03-Jun-2025,POS SHELL FUEL STATION GURGAON,607301856540,"4,400.39",,865096.95
03-Jun-2025,UPI/DR/859014594192/Jio/PAYTM/vi@airtelaxis/UPI,184929652377,629.00,,864467.95
04-Jun-2025,UPI/DR/088126418075/Swiggy/ICICI/swiggy@icici/UPI,762960576186,"2,060.79",,862407.16
05-Jun-2025,UPI/CR/538321125765/Nisha/BKID/5093929508@paytm/UPI,019754344986,,"19,300.47",881707.63
05-Jun-2025,IMPS-615600416082-Ritu Banerjee,540668779867,"12,900.11",,868807.52
05-Jun-2025,UPI/DR/695841987942/PhonePe/ICICI/phonepe@ybl/UPI,865269897078,"2,390.21",,866417.31
05-Jun-2025,POS STAR BAZAAR GURGAON,971917183609,"8,050.33",,858366.98
06-Jun-2025,SALARY CREDIT/S6960967372730/Blue Dart Express Ltd,427052098330,,"61,372.67",919739.65
06-Jun-2025,UPI/DR/083253135606/Zepto/ICICI/zepto@apl/UPI,468330892258,"2,800.86",,916938.79
07-Jun-2025,UPI/DR/986225071982/Amazon/ICICI/amazon@apl/UPI,693820422380,130.55,,916808.24
08-Jun-2025,UPI/DR/831814183954/Bajaj/LICI/licindia@licindia/UPI,607317448893,"5,600.00",,911208.24
08-Jun-2025,NACH/MANDATE/RNT0468619/RENT MANDATE,277365171037,"15,000.00",,896208.24
09-Jun-2025,UPI/CR/607057720688/Shreya/BDBL/shreyadas75@okaxis/UPI,492716133231,,"2,350.23",898558.47
09-Jun-2025,UPI/CR/255604710714/Ramesh/BDBL/ramesh.sharma@pthdfc/UPI,187705073488,,"8,000.68",906559.15
09-Jun-2025,UPI/DR/889108250198/Vikram/FDRL/vikram.nambiar@ptaxis/UPI,806543808461,"17,550.97",,889008.18
11-Jun-2025,UPI/CR/492452742768/Deepa/FDRL/deepa.patel@ptaxis/UPI,921681191950,,"13,950.74",902958.92
11-Jun-2025,UPI/DR/499575852866/Blinkit/ICICI/blinkit@kotak/UPI,766892539255,"1,780.52",,901178.40
13-Jun-2025,UPI/DR/421459989161/Ola/ICICI/olamoney@ola/UPI,614513234737,"1,610.41",,899567.99
13-Jun-2025,UPI/DR/153336311376/BSNL/ICICI/bsnlbroadband@upi/UPI,731355055927,"1,150.08",,898417.91
14-Jun-2025,UPI/DR/076218193367/Zomato/ICICI/zomato@axisbank/UPI,521287326559,"1,480.19",,896937.72
16-Jun-2025,UPI/DR/908774581348/Himanshu/BDBL/himanshu662@axl/UPI,746815833505,"8,900.45",,888037.27
16-Jun-2025,UPI/DR/249231925197/TSSPDCL/UPIN/tsspdclpayment@upi/UPI,445918616447,"2,600.83",,885436.44
16-Jun-2025,UPI/DR/699699248082/Flipkart/PAYTM/flipkart@ybl/UPI,057086899204,"1,450.49",,883985.95
16-Jun-2025,UPI/DR/377699711796/Indane/ICICI/indanegas@upi/UPI,891099899394,"2,300.58",,881685.37
17-Jun-2025,POS INDIAN OIL GURGAON,561416113108,"3,050.17",,878635.20
17-Jun-2025,UPI/DR/750898941353/Radha/PUNB/6561757728@axl/UPI,110240896215,"6,150.68",,872484.52
18-Jun-2025,ATM CASH WITHDRAWAL/27894/GURGAON,696340411248,"4,000.00",,868484.52
20-Jun-2025,IMPS-678255313453-Harish Chaudhary,073893856594,"26,200.02",,842284.50
20-Jun-2025,UPI/DR/275238578087/Paytm/ICICI/paytm@paytm/UPI,372001400064,"2,360.80",,839923.70
20-Jun-2025,UPI/DR/847989535098/Jio/PAYTM/vi@airtelaxis/UPI,945451603786,929.00,,838994.70
20-Jun-2025,UPI/DR/479872430431/Flipkart/ICICI/flipkart@ybl/UPI,061568482692,"1,920.85",,837073.85
21-Jun-2025,ATM CASH WITHDRAWAL/24805/GURGAON,164961442347,"3,000.00",,834073.85
22-Jun-2025,UPI/DR/830614006247/1mg/ICICI/tatahealth@icici/UPI,422063063524,"1,620.77",,832453.08
22-Jun-2025,UPI/DR/844479219482/BigBasket/ICICI/bigbasket@ybl/UPI,628388382707,"1,880.68",,830572.40
22-Jun-2025,UPI/DR/669829751499/Uber/PAYTM/uber@paytm/UPI,481276032689,430.68,,830141.72
23-Jun-2025,UPI/DR/713675655566/Pooja/SBIN/pooja881@upi/UPI,266827860925,"16,850.85",,813290.87
24-Jun-2025,UPI/DR/941056084513/Mina/BARB/minashuk93@oksbi/UPI,316772862023,"15,850.05",,797440.82
24-Jun-2025,POS VISHAL MEGA MART GURGAON,103094536234,"5,150.26",,792290.56
25-Jun-2025,POS RELIANCE MART GURGAON,348626517650,"1,850.28",,790440.28
25-Jun-2025,UPI/CR/650093012070/Tarun/UTIB/tarun.chaudhary@okicici/UPI,027433339075,,"1,900.13",792340.41
26-Jun-2025,UPI/DR/712924889905/Rapido/PAYTM/rapido@icici/UPI,009065039443,520.99,,791819.42
26-Jun-2025,UPI/DR/503893705231/Swiggy/ICICI/swiggy@icici/UPI,489928922994,"2,370.60",,789448.82
26-Jun-2025,UPI/DR/312681155253/Rapido/PAYTM/rapido@icici/UPI,130830681094,260.10,,789188.72
26-Jun-2025,UPI/DR/252410845615/Swiggy/ICICI/swiggy@icici/UPI,947147571893,"2,380.51",,786808.21
26-Jun-2025,ATM CASH WITHDRAWAL/40125/GURGAON,765412124129,"5,000.00",,781808.21
27-Jun-2025,GST ON CHARGES,970960995237,12.60,,781795.61
27-Jun-2025,INTEREST CREDIT,244993358836,,"1,070.77",782866.38
27-Jun-2025,UPI/DR/492387368832/Ola/ICICI/olamoney@ola/UPI,930247523761,790.92,,782075.46
27-Jun-2025,ACCOUNT MAINTENANCE FEE,211181453202,70.00,,782005.46
28-Jun-2025,UPI/DR/661684741864/Practo/ICICI/practo@paytm/UPI,007579352698,899.00,,781106.46
29-Jun-2025,UPI/DR/489073627893/PhonePe/ICICI/phonepe@ybl/UPI,305786737913,"2,620.09",,778486.37
29-Jun-2025,UPI/CR/016075641261/Mina/BDBL/minajosh99@pthdfc/UPI,809395837281,,"7,350.72",785837.09
01-Jul-2025,UPI/DR/693793832466/Ola/PAYTM/olamoney@ola/UPI,600398142122,880.00,,784957.09
01-Jul-2025,UPI/DR/478282839014/Abhishek/UTIB/5835704373@oksbi/UPI,738791302164,"10,600.97",,774356.12
01-Jul-2025,UPI/DR/888733377497/Himanshu/KKBK/himanshumalh97@okicici/UPI,790484601444,"11,750.32",,762605.80
02-Jul-2025,UPI/DR/082920948704/Paytm/ICICI/paytm@paytm/UPI,202312832816,"2,550.05",,760055.75
02-Jul-2025,UPI/CR/546618225232/Renu/KKBK/6459671660@paytm/UPI,223262204813,,"15,500.59",775556.34
02-Jul-2025,POS METRO CASH CARRY GURGAON,677661789485,"4,250.40",,771305.94
03-Jul-2025,UPI/DR/671418684077/Jyoti/KKBK/0179781690@apl/UPI,266298281406,"15,350.80",,755955.14
03-Jul-2025,ATM CASH WITHDRAWAL/74881/GURGAON,053168858672,"5,000.00",,750955.14
03-Jul-2025,UPI/DR/776240597412/Shreya/SBIN/shreya249@apl/UPI,438741663228,"2,450.69",,748504.45
04-Jul-2025,POS SHOPPERS STOP GURGAON,807352727665,"6,550.40",,741954.05
04-Jul-2025,UPI/DR/669883229706/Pallavi/BARB/2061572327@kotak/UPI,206423539388,"11,450.44",,730503.61
04-Jul-2025,UPI/DR/624612672981/Jio/PAYTM/vi@airtelaxis/UPI,629232946756,789.00,,729714.61
06-Jul-2025,UPI/DR/673733368564/Flipkart/ICICI/flipkart@ybl/UPI,843142316380,920.81,,728793.80
06-Jul-2025,ATM CASH WITHDRAWAL/63819/GURGAON,663956825464,"5,000.00",,723793.80
07-Jul-2025,SALARY CREDIT/S2744822670984/Blue Dart Express Ltd,218121254596,,"60,177.67",783971.47
07-Jul-2025,UPI/DR/681039958429/Zepto/ICICI/zepto@apl/UPI,244163699343,740.64,,783230.83
07-Jul-2025,POS D MART GURGAON,615833988475,"7,950.02",,775280.81
07-Jul-2025,UPI/DR/012848745863/BSNL/RAZORPAY/broadband@paytm/UPI,892251862907,"1,249.00",,774031.81
08-Jul-2025,UPI/CR/749898773684/Nisha/FDRL/nishameno86@upi/UPI,582606312057,,"13,450.28",787482.09
08-Jul-2025,UPI/CR/213892491336/Amit/PUNB/7578872610@ptsbi/UPI,727203906772,,950.94,788433.03
08-Jul-2025,UPI/DR/057038432901/Bajaj/LICI/licindia@licindia/UPI,040206605425,"5,600.00",,782833.03
09-Jul-2025,UPI/DR/694584945264/Meesho/PAYTM/meesho@ybl/UPI,430180066225,"3,950.27",,778882.76
09-Jul-2025,POS BHARAT PETROLEUM GURGAON,274285016962,"1,750.20",,777132.56
10-Jul-2025,ATM CASH WITHDRAWAL/65854/GURGAON,430084991539,"1,500.00",,775632.56
10-Jul-2025,UPI/DR/597181720795/Meesho/PAYTM/meesho@ybl/UPI,555957226473,"1,050.53",,774582.03
11-Jul-2025,ATM CASH WITHDRAWAL/77406/GURGAON,619493108688,"9,000.00",,765582.03
11-Jul-2025,NACH/MANDATE/RNT4232656/RENT MANDATE,801586941822,"15,000.00",,750582.03
11-Jul-2025,UPI/DR/214592128937/Manish/FDRL/manish283@oksbi/UPI,668372506023,"10,350.28",,740231.75
11-Jul-2025,ATM CASH WITHDRAWAL/06572/GURGAON,318639534729,"9,000.00",,731231.75
12-Jul-2025,UPI/DR/871172125057/Blinkit/ICICI/blinkit@kotak/UPI,992022492738,"2,040.98",,729190.77
12-Jul-2025,UPI/DR/124627391929/Swiggy/ICICI/swiggy@icici/UPI,643649981573,"2,530.69",,726660.08
12-Jul-2025,UPI/DR/261665663257/Seema/BDBL/8023970309@okhdfcbank/UPI,906072015173,"8,300.68",,718359.40
12-Jul-2025,POS CENTRAL MALL GURGAON,551251483025,"3,550.23",,714809.17
13-Jul-2025,UPI/DR/304582866754/Meesho/PAYTM/meesho@ybl/UPI,891214895782,400.99,,714408.18
13-Jul-2025,UPI/DR/263143647951/Jio/PAYTM/vi@airtelaxis/UPI,537793427221,869.00,,713539.18
14-Jul-2025,UPI/DR/350433306014/TSSPDCL/UPIN/tsspdclpayment@upi/UPI,563914829533,"1,600.05",,711939.13
14-Jul-2025,POS STAR BAZAAR GURGAON,883822765250,"7,050.13",,704889.00
15-Jul-2025,ATM CASH WITHDRAWAL/39411/GURGAON,780080988612,"8,500.00",,696389.00
15-Jul-2025,UPI/DR/161228172726/BigBasket/ICICI/bigbasket@ybl/UPI,404076475237,"1,640.12",,694748.88
16-Jul-2025,UPI/DR/460206470524/Myntra/ICICI/myntra@ybl/UPI,017096076649,849.00,,693899.88
16-Jul-2025,UPI/DR/590517031772/Uber/PAYTM/uber@paytm/UPI,933992852951,140.88,,693759.00
16-Jul-2025,UPI/CR/690328633626/Sushma/UTIB/sushmaagar59@upi/UPI,680965467842,,"13,500.94",707259.94
17-Jul-2025,POS HP PETROL PUMP GURGAON,892405811087,"1,700.41",,705559.53
17-Jul-2025,UPI/CR/894220068144/Arun/UCBA/arun634@kotak/UPI,149856951892,,"19,800.75",725360.28
18-Jul-2025,UPI/DR/600987560332/Kapil/FDRL/kapilsriv85@paytm/UPI,459978365800,"15,400.04",,709960.24
18-Jul-2025,UPI/DR/278686686301/Amazon/ICICI/amazon@apl/UPI,613101023106,820.62,,709139.62
18-Jul-2025,POS STAR BAZAAR GURGAON,418698665105,"6,800.30",,702339.32
18-Jul-2025,UPI/CR/734921575769/Brijesh/SBIN/brijesh921@ptyes/UPI,913930908109,,"14,850.49",717189.81
18-Jul-2025,POS BRAND FACTORY GURGAON,958600578919,"2,800.13",,714389.68
20-Jul-2025,UPI/DR/162091220599/BSNL/ICICI/bsnlbroadband@upi/UPI,837898178452,"1,200.72",,713188.96
20-Jul-2025,POS INDIAN OIL GURGAON,514152878943,"1,400.38",,711788.58
21-Jul-2025,UPI/DR/257653028879/Jio/ICICI/jio@paytm/UPI,387024602774,"1,570.21",,710218.37
22-Jul-2025,POS INDIAN OIL GURGAON,501812775565,"3,800.86",,706417.51
22-Jul-2025,UPI/CR/795808206324/Pallavi/UCBA/pallavi.singh@ptyes/UPI,311558507221,,750.57,707168.08
23-Jul-2025,UPI/DR/364262711597/Girish/UTIB/girishchop21@ptsbi/UPI,275093724400,"3,700.00",,703468.08
24-Jul-2025,NEFT/N1570570816858/Infosys BPO Pvt Ltd,799829163453,,"53,500.57",756968.65
25-Jul-2025,UPI/DR/575750029746/Indane/ICICI/indanegas@upi/UPI,410340172927,"2,450.36",,754518.29
26-Jul-2025,POS MORE SUPER MARKET GURGAON,605452381579,"1,100.59",,753417.70
26-Jul-2025,UPI/DR/492600993357/Mahesh/FDRL/mahesh.dutta@okicici/UPI,338643108114,"16,400.11",,737017.59
27-Jul-2025,UPI/DR/986901417486/Amazon/ICICI/amazon@apl/UPI,105009234862,"2,610.39",,734407.20
28-Jul-2025,UPI/DR/069570915067/Jio/PAYTM/vi@airtelaxis/UPI,842432432384,729.00,,733678.20
28-Jul-2025,UPI/DR/773390375797/Rapido/PAYTM/rapido@icici/UPI,400109675741,350.30,,733327.90
28-Jul-2025,UPI/DR/141442527210/Rapido/PAYTM/rapido@icici/UPI,057170271147,80.31,,733247.59
29-Jul-2025,GST ON CHARGES,285664943906,61.20,,733186.39
29-Jul-2025,UPI/CR/902548925958/Sanjay/PUNB/6848021735@ybl/UPI,453802832346,,"10,150.11",743336.50
29-Jul-2025,ACCOUNT MAINTENANCE FEE,746875896287,340.00,,742996.50
30-Jul-2025,UPI/DR/873214038683/Amazon/ICICI/amazon@apl/UPI,118712596318,"1,930.31",,741066.19
30-Jul-2025,UPI/DR/396543857139/Zepto/ICICI/zepto@apl/UPI,645179824778,"2,150.53",,738915.66
30-Jul-2025,UPI/DR/308257449899/Dunzo/ICICI/dunzo@razorpay/UPI,215987644357,"2,010.79",,736904.87
31-Jul-2025,UPI/CR/088222584605/Sumit/UCBA/sumit202@ptaxis/UPI,938249271095,,"7,750.16",744655.03
01-Aug-2025,POS HP PETROL PUMP GURGAON,995268751913,"1,700.20",,742954.83
02-Aug-2025,UPI/DR/371322119597/Uber/ICICI/uber@paytm/UPI,108667237745,"2,050.68",,740904.15
02-Aug-2025,UPI/DR/809769193048/Swiggy/ICICI/swiggy@icici/UPI,055907045318,"2,280.37",,738623.78
03-Aug-2025,UPI/DR/482012030808/Dunzo/ICICI/dunzo@razorpay/UPI,069833646861,"2,610.62",,736013.16
03-Aug-2025,ATM CASH WITHDRAWAL/94392/GURGAON,433571670974,"6,000.00",,730013.16
04-Aug-2025,UPI/DR/443783444202/Myntra/PAYTM/myntra@ybl/UPI,720303419827,"1,400.07",,728613.09
04-Aug-2025,UPI/DR/595717962464/Swati/SBIN/swati801@okhdfcbank/UPI,096669856103,"10,500.80",,718112.29
04-Aug-2025,POS MORE SUPER MARKET GURGAON,812969141143,"4,150.68",,713961.61
05-Aug-2025,POS METRO CASH CARRY GURGAON,938249138917,"7,550.87",,706410.74
05-Aug-2025,POS BIG BAZAAR GURGAON,100992021813,300.30,,706110.44
05-Aug-2025,UPI/DR/333996803534/Manish/BKID/manish819@axl/UPI,445206971315,"14,550.45",,691559.99
06-Aug-2025,UPI/DR/495309349956/Bajaj/LICI/licindia@licindia/UPI,166319057967,"5,600.00",,685959.99
06-Aug-2025,SALARY CREDIT/S9808433075847/Blue Dart Express Ltd,852550467916,,"58,829.67",744789.66
07-Aug-2025,ATM CASH WITHDRAWAL/40391/GURGAON,139334257815,"2,000.00",,742789.66
07-Aug-2025,UPI/DR/198546676690/Amazon/PAYTM/amazon@apl/UPI,786142860666,600.00,,742189.66
07-Aug-2025,UPI/DR/098143343376/Netmeds/ICICI/netmeds@paytm/UPI,363824922849,560.82,,741628.84
08-Aug-2025,UPI/DR/808134189815/Amazon/ICICI/amazon@apl/UPI,821871776491,290.39,,741338.45
08-Aug-2025,POS BRAND FACTORY GURGAON,900591771178,"4,900.08",,736438.37
08-Aug-2025,UPI/DR/068805361955/Ola/ICICI/olamoney@ola/UPI,745377960368,270.81,,736167.56
08-Aug-2025,UPI/CR/534106978558/Sunil/UTIB/sunil.das@ibl/UPI,559022231382,,"11,350.25",747517.81
09-Aug-2025,UPI/DR/821262176454/Dunzo/ICICI/dunzo@razorpay/UPI,640242166485,"2,200.74",,745317.07
09-Aug-2025,UPI/DR/510940825062/Renu/FDRL/renu440@ybl/UPI,320593904178,"3,300.40",,742016.67
09-Aug-2025,NACH/MANDATE/RNT9833083/RENT MANDATE,703345861559,"15,000.00",,727016.67
10-Aug-2025,UPI/CR/493705941808/Rani/HDFC/ranising34@kotak/UPI,461149599791,,"14,400.74",741417.41
10-Aug-2025,UPI/DR/945059873409/Kunal/KKBK/kunal.kapoor@okaxis/UPI,186510645183,"3,200.13",,738217.28
11-Aug-2025,UPI/DR/073493531855/Ola/PAYTM/olamoney@ola/UPI,732878161120,130.20,,738087.08
11-Aug-2025,UPI/DR/188992935694/Jio/ICICI/jio@paytm/UPI,407975354188,650.41,,737436.67
11-Aug-2025,UPI/DR/087415667386/Practo/ICICI/practo@paytm/UPI,159015279608,399.00,,737037.67
11-Aug-2025,ATM CASH WITHDRAWAL/82902/GURGAON,513810167712,"4,500.00",,732537.67
11-Aug-2025,UPI/DR/934550805095/BSNL/RAZORPAY/broadband@paytm/UPI,943769580682,699.00,,731838.67
12-Aug-2025,UPI/DR/638743488174/Ola/ICICI/olamoney@ola/UPI,265542287347,"2,180.18",,729658.49
13-Aug-2025,POS MORE SUPER MARKET GURGAON,241888588676,"7,450.29",,722208.20
14-Aug-2025,UPI/DR/961673529494/TSSPDCL/UPIN/tsspdclpayment@upi/UPI,886515385315,"1,950.39",,720257.81
14-Aug-2025,UPI/DR/939503946508/Amazon/ICICI/amazon@apl/UPI,548977153437,"2,390.10",,717867.71
15-Aug-2025,UPI/DR/966231024680/Divya/UTIB/1003674029@okicici/UPI,307599181555,"21,000.95",,696866.76
15-Aug-2025,UPI/DR/684002344853/Paytm/ICICI/paytm@paytm/UPI,254396769269,"1,440.18",,695426.58
16-Aug-2025,ATM CASH WITHDRAWAL/42668/GURGAON,677447015498,"2,500.00",,692926.58
16-Aug-2025,POS SHOPPERS STOP GURGAON,286982858408,"5,900.09",,687026.49
17-Aug-2025,UPI/DR/023853981717/Paytm/ICICI/paytm@paytm/UPI,207215485875,350.59,,686675.90
17-Aug-2025,POS SHELL FUEL STATION GURGAON,053162815772,"4,300.46",,682375.44
17-Aug-2025,UPI/CR/628784262798/Arjun/KKBK/arjunchat13@ptsbi/UPI,162820163761,,"16,350.65",698726.09
18-Aug-2025,ATM CASH WITHDRAWAL/87122/GURGAON,743402535340,"10,000.00",,688726.09
18-Aug-2025,UPI/DR/594041302413/Indane/ICICI/indanegas@upi/UPI,309030658162,"2,300.73",,686425.36
18-Aug-2025,UPI/DR/281961196107/Geeta/KKBK/geeta.dubey@oksbi/UPI,318628162483,"8,950.45",,677474.91
19-Aug-2025,POS MAX FASHION GURGAON,895320891834,500.98,,676973.93
20-Aug-2025,UPI/DR/207983209950/Ravi/UCBA/ravisen54@ybl/UPI,553144364972,"15,250.28",,661723.65
20-Aug-2025,UPI/DR/044097476346/Jio/PAYTM/vi@airtelaxis/UPI,861983589994,559.00,,661164.65
21-Aug-2025,UPI/DR/317439677601/Blinkit/ICICI/blinkit@kotak/UPI,745761152770,"1,290.11",,659874.54
21-Aug-2025,UPI/DR/076739342981/Jio/PAYTM/vi@airtelaxis/UPI,359898789895,699.00,,659175.54
21-Aug-2025,IMPS-661435702399-Shreya Das,380237035876,"35,700.15",,623475.39
21-Aug-2025,UPI/DR/198464509933/Sangita/BKID/sangitakuma94@ptaxis/UPI,584890004514,"13,250.16",,610225.23
22-Aug-2025,UPI/DR/182093378959/MakeMyTrip/ICICI/makemytrip@axisbank/UPI,397342351769,249.00,,609976.23
22-Aug-2025,UPI/DR/616245958637/Uber/PAYTM/uber@paytm/UPI,131429998961,200.94,,609775.29
23-Aug-2025,UPI/DR/850058476474/Pankaj/HDFC/pankaj817@kotak/UPI,852189519524,"8,650.01",,601125.28
23-Aug-2025,UPI/DR/525557955676/Zomato/ICICI/zomato@axisbank/UPI,179352767600,270.12,,600855.16
24-Aug-2025,UPI/CR/270508832136/Kamal/UTIB/kamalnair52@okicici/UPI,144490545622,,"7,250.48",608105.64
25-Aug-2025,UPI/CR/386355962662/Mamta/FDRL/mamta189@oksbi/UPI,834560279741,,"16,350.62",624456.26
26-Aug-2025,UPI/DR/406753102802/Uber/ICICI/uber@paytm/UPI,006522009199,250.72,,624205.54
27-Aug-2025,UPI/DR/119974052273/Ola/PAYTM/olamoney@ola/UPI,168817437156,870.98,,623334.56
27-Aug-2025,UPI/DR/297604407531/Yogesh/HDFC/yogeshgupt90@ibl/UPI,302304100003,"4,450.65",,618883.91
27-Aug-2025,POS RELIANCE PETROLEUM GURGAON,155834909037,"2,650.21",,616233.70
28-Aug-2025,ATM CASH WITHDRAWAL/58666/GURGAON,589938653659,"6,500.00",,609733.70
28-Aug-2025,POS SHELL FUEL STATION GURGAON,521725625943,"3,100.39",,606633.31
28-Aug-2025,UPI/DR/931756862967/Blinkit/ICICI/blinkit@kotak/UPI,807205611995,"2,450.42",,604182.89
29-Aug-2025,UPI/DR/320520303388/Jio/PAYTM/vi@airtelaxis/UPI,806799512092,699.00,,603483.89
29-Aug-2025,UPI/DR/454163578228/Deepak/KKBK/deepakbane57@okicici/UPI,985426421632,"19,250.30",,584233.59
30-Aug-2025,UPI/DR/771876694290/Dunzo/ICICI/dunzo@razorpay/UPI,101675365431,"2,300.90",,581932.69
01-Sep-2025,UPI/CR/682414066206/Deepak/SBIN/deepak940@ptaxis/UPI,392953451666,,"15,150.54",597083.23
01-Sep-2025,UPI/CR/720749689096/Brijesh/SBIN/brijeshsing83@okaxis/UPI,567643662410,,"21,100.84",618184.07
01-Sep-2025,UPI/DR/701223189875/Ola/PAYTM/olamoney@ola/UPI,465950750730,490.84,,617693.23
02-Sep-2025,UPI/DR/543323061327/Dunzo/ICICI/dunzo@razorpay/UPI,666429772889,"2,730.46",,614962.77
04-Sep-2025,IMPS-570085282622-Kapil Srivastava,817311371737,"28,900.09",,586062.68
04-Sep-2025,UPI/DR/117243016990/Jio/PAYTM/vi@airtelaxis/UPI,165293423633,729.00,,585333.68
04-Sep-2025,POS INDIAN OIL GURGAON,039981724648,"4,350.24",,580983.44
05-Sep-2025,POS PANTALOONS GURGAON,071357699461,"8,000.27",,572983.17
06-Sep-2025,UPI/DR/813554161631/Saurabh/BARB/saurabh.jain@ptaxis/UPI,793895262603,"2,000.27",,570982.90
06-Sep-2025,POS SHELL FUEL STATION GURGAON,339162313639,"1,750.87",,569232.03
07-Sep-2025,ATM CASH WITHDRAWAL/76937/GURGAON,042929663426,"8,000.00",,561232.03
07-Sep-2025,SALARY CREDIT/S3330186455553/Blue Dart Express Ltd,290248055625,,"60,829.67",622061.70
07-Sep-2025,UPI/DR/429341020378/Jio/PAYTM/vi@airtelaxis/UPI,470420653194,459.00,,621602.70
07-Sep-2025,UPI/DR/835256880359/Bajaj/LICI/licindia@licindia/UPI,242694162237,"5,600.00",,616002.70
09-Sep-2025,UPI/DR/941462578960/Ola/PAYTM/olamoney@ola/UPI,315076921948,580.33,,615422.37
09-Sep-2025,UPI/DR/025106583526/Jio/PAYTM/vi@airtelaxis/UPI,246931399872,909.00,,614513.37
10-Sep-2025,UPI/DR/672687108998/Anil/KKBK/6376009676@ptsbi/UPI,059926950871,"1,250.75",,613262.62
10-Sep-2025,UPI/DR/860873212899/Maya/BARB/maya.roy@upi/UPI,875653387013,"4,950.77",,608311.85
10-Sep-2025,UPI/CR/433911143991/Abhishek/PUNB/7557463981@upi/UPI,403123207181,,"21,050.50",629362.35
10-Sep-2025,ATM CASH WITHDRAWAL/04250/GURGAON,732405641258,"6,500.00",,622862.35
10-Sep-2025,UPI/DR/915419864422/Zomato/ICICI/zomato@axisbank/UPI,722611063143,730.67,,622131.68
11-Sep-2025,UPI/DR/131424689320/Pallavi/KKBK/pallaviroy80@okhdfcbank/UPI,227742622627,"21,850.18",,600281.50
12-Sep-2025,NACH/MANDATE/RNT1643673/RENT MANDATE,822214472807,"15,000.00",,585281.50
12-Sep-2025,UPI/DR/501892191709/TSSPDCL/UPIN/tsspdclpayment@upi/UPI,965824826692,"2,200.48",,583081.02
13-Sep-2025,POS LIFESTYLE STORES GURGAON,148034909634,"1,500.05",,581580.97
13-Sep-2025,UPI/CR/049319633618/Sanjay/PUNB/sanjay856@okaxis/UPI,536104491276,,"20,700.16",602281.13
14-Sep-2025,ATM CASH WITHDRAWAL/74786/GURGAON,542129087202,"4,500.00",,597781.13
15-Sep-2025,UPI/DR/938766829334/Uber/PAYTM/uber@paytm/UPI,415818874968,260.09,,597521.04
15-Sep-2025,UPI/DR/844383990416/Uber/PAYTM/uber@paytm/UPI,630724854212,860.80,,596660.24
15-Sep-2025,UPI/DR/839079893227/Sonia/SBIN/sonia.menon@okicici/UPI,543073506940,"21,200.97",,575459.27
15-Sep-2025,UPI/DR/906818023554/Jio/PAYTM/vi@airtelaxis/UPI,203335445444,769.00,,574690.27
16-Sep-2025,UPI/DR/315626487305/Flipkart/PAYTM/flipkart@ybl/UPI,986572028875,"6,000.71",,568689.56
18-Sep-2025,POS PANTALOONS GURGAON,258357413168,900.99,,567788.57
19-Sep-2025,UPI/DR/087188954720/BigBasket/ICICI/bigbasket@ybl/UPI,621097295369,370.90,,567417.67
19-Sep-2025,UPI/DR/033073377648/BSNL/ICICI/bsnlbroadband@upi/UPI,305765396805,350.99,,567066.68
19-Sep-2025,UPI/DR/590887931487/Ola/ICICI/olamoney@ola/UPI,019264419686,"1,660.44",,565406.24
20-Sep-2025,UPI/DR/737021224551/Practo/ICICI/practo@paytm/UPI,205186617599,499.00,,564907.24
20-Sep-2025,UPI/CR/641584049903/Saurabh/PUNB/saurabhshah48@ybl/UPI,081594554925,,"5,000.13",569907.37
21-Sep-2025,UPI/DR/722456208715/Ola/PAYTM/olamoney@ola/UPI,256883312887,650.71,,569256.66
21-Sep-2025,UPI/DR/916482171869/Gaurav/BKID/3346712426@ptyes/UPI,100785364435,"3,650.07",,565606.59
21-Sep-2025,UPI/DR/624832187694/Myntra/ICICI/myntra@ybl/UPI,684583597673,649.00,,564957.59
22-Sep-2025,UPI/DR/121537880116/Rapido/PAYTM/rapido@icici/UPI,947482267749,100.03,,564857.56
22-Sep-2025,UPI/DR/200346669430/Uber/ICICI/uber@paytm/UPI,815342511780,"1,560.21",,563297.35
22-Sep-2025,UPI/CR/384053321141/Kavita/PUNB/5598485966@okicici/UPI,132306561827,,"3,750.97",567048.32
23-Sep-2025,UPI/DR/627034674503/Swiggy/ICICI/swiggy@icici/UPI,487001774328,"2,220.51",,564827.81
23-Sep-2025,POS BIG BAZAAR GURGAON,093099643342,"3,700.57",,561127.24
25-Sep-2025,POS SHOPPERS STOP GURGAON,127425841794,"7,700.38",,553426.86
26-Sep-2025,UPI/DR/776249119262/Indane/ICICI/indanegas@upi/UPI,592789305656,900.73,,552526.13
26-Sep-2025,UPI/DR/044872647649/Renu/KKBK/3488692429@oksbi/UPI,367873612639,"7,700.67",,544825.46
26-Sep-2025,UPI/DR/389829332198/Swati/BDBL/swatipati13@ptyes/UPI,527124658112,"19,700.61",,525124.85
26-Sep-2025,UPI/DR/656827906149/Jio/PAYTM/vi@airtelaxis/UPI,325812849091,619.00,,524505.85
26-Sep-2025,UPI/CR/527515504296/Vikram/FDRL/5960289542@upi/UPI,113194864010,,"12,450.34",536956.19
28-Sep-2025,INTEREST CREDIT,342443682442,,165.38,537121.57
29-Sep-2025,UPI/DR/672994072174/Swiggy/ICICI/swiggy@icici/UPI,839928257271,"1,850.52",,535271.05
29-Sep-2025,ATM CASH WITHDRAWAL/95618/GURGAON,505193421329,"2,500.00",,532771.05
29-Sep-2025,UPI/CR/515085398861/Rahul/PUNB/rahul.mukherjee@ybl/UPI,705173067525,,"14,200.40",546971.45
30-Sep-2025,POS SHOPPERS STOP GURGAON,935406291344,950.08,,546021.37
01-Oct-2025,ATM CASH WITHDRAWAL/85582/GURGAON,555905727837,"7,500.00",,538521.37
01-Oct-2025,ATM CASH WITHDRAWAL/70412/GURGAON,152972274252,"3,000.00",,535521.37
01-Oct-2025,POS MORE SUPER MARKET GURGAON,785853078729,550.20,,534971.17
01-Oct-2025,UPI/DR/662120349459/Paytm/ICICI/paytm@paytm/UPI,082876444477,"1,710.61",,533260.56
03-Oct-2025,POS RELIANCE PETROLEUM GURGAON,784411836574,"3,100.59",,530159.97
04-Oct-2025,ATM CASH WITHDRAWAL/65479/GURGAON,728703812849,"9,000.00",,521159.97
05-Oct-2025,POS INDIAN OIL GURGAON,380147025479,"2,000.61",,519159.36
05-Oct-2025,UPI/DR/307613148278/PhonePe/ICICI/phonepe@ybl/UPI,740233529560,"2,670.72",,516488.64
05-Oct-2025,UPI/CR/232026291396/Sunil/BARB/sunilshah93@okicici/UPI,345329197549,,"18,150.40",534639.04
06-Oct-2025,UPI/CR/405329967472/Siddharth/UTIB/siddharthtiwa58@upi/UPI,572774656560,,"17,600.60",552239.64
06-Oct-2025,UPI/DR/787617081980/Swiggy/ICICI/swiggy@icici/UPI,112232748707,230.72,,552008.92
07-Oct-2025,SALARY CREDIT/S9466489352936/Blue Dart Express Ltd,998537887002,,"59,314.67",611323.59
07-Oct-2025,UPI/DR/969454596274/Uber/ICICI/uber@paytm/UPI,028347820732,500.57,,610823.02
07-Oct-2025,UPI/DR/130759246624/Paytm/ICICI/paytm@paytm/UPI,565213801443,"1,210.75",,609612.27
07-Oct-2025,POS STAR BAZAAR GURGAON,826490609822,400.12,,609212.15
07-Oct-2025,POS V MART GURGAON,299993775442,"2,650.39",,606561.76
07-Oct-2025,UPI/DR/305658300167/BSNL/RAZORPAY/broadband@paytm/UPI,978387553508,949.00,,605612.76
08-Oct-2025,NACH/MANDATE/RNT8413560/RENT MANDATE,085533383096,"15,000.00",,590612.76
08-Oct-2025,UPI/DR/317615689517/Usha/UTIB/1034574668@okaxis/UPI,899298994438,"9,700.75",,580912.01
09-Oct-2025,UPI/DR/246483895490/TSSPDCL/UPIN/tsspdclpayment@upi/UPI,882756222600,850.90,,580061.11
09-Oct-2025,POS SHOPPERS STOP GURGAON,652742697564,"3,900.51",,576160.60
09-Oct-2025,UPI/DR/611197925584/Ola/PAYTM/olamoney@ola/UPI,370690244391,190.60,,575970.00
10-Oct-2025,UPI/DR/728496804713/Deepa/BARB/deepadube51@okhdfcbank/UPI,137040435407,"16,750.35",,559219.65
11-Oct-2025,UPI/DR/682628177227/Spotify/ICICI/spotify@icici/UPI,343905208740,449.00,,558770.65
11-Oct-2025,ATM CASH WITHDRAWAL/68351/GURGAON,995848816672,"6,000.00",,552770.65
11-Oct-2025,UPI/DR/388640664578/Rapido/PAYTM/rapido@icici/UPI,086638483113,890.09,,551880.56
11-Oct-2025,UPI/DR/887147355749/Bajaj/LICI/licindia@licindia/UPI,854875829397,"5,600.00",,546280.56
12-Oct-2025,UPI/DR/637604553978/Jio/PAYTM/vi@airtelaxis/UPI,678088657486,249.00,,546031.56
12-Oct-2025,UPI/DR/985225445522/Uber/PAYTM/uber@paytm/UPI,834322305429,700.13,,545331.43
13-Oct-2025,ATM CASH WITHDRAWAL/39029/GURGAON,847434520958,"1,500.00",,543831.43
13-Oct-2025,UPI/CR/288885654884/Manish/SBIN/manish920@okaxis/UPI,131336805732,,"18,650.27",562481.70
14-Oct-2025,UPI/DR/548877849910/PhonePe/ICICI/phonepe@ybl/UPI,274298991467,"1,720.65",,560761.05
14-Oct-2025,UPI/DR/301434346100/BSNL/ICICI/bsnlbroadband@upi/UPI,918456609959,"1,290.91",,559470.14
14-Oct-2025,ATM CASH WITHDRAWAL/35703/GURGAON,844845542241,"6,000.00",,553470.14
15-Oct-2025,UPI/CR/982006607891/Harish/SBIN/harish.shah@upi/UPI,006285290612,,"15,450.48",568920.62
16-Oct-2025,UPI/DR/928940084823/Manish/FDRL/manish.singh@kotak/UPI,525695601117,"6,750.68",,562169.94
16-Oct-2025,UPI/DR/669271775022/Jio/PAYTM/vi@airtelaxis/UPI,997883467981,939.00,,561230.94
16-Oct-2025,UPI/CR/402530318625/Vijay/FDRL/vijay.sharma@paytm/UPI,768713757514,,"9,700.66",570931.60
17-Oct-2025,UPI/DR/367850822214/Flipkart/ICICI/flipkart@ybl/UPI,831723767993,"2,410.75",,568520.85
17-Oct-2025,UPI/DR/809176922766/Paytm/ICICI/paytm@paytm/UPI,587339219676,"1,230.22",,567290.63
17-Oct-2025,UPI/DR/186157742562/Amazon/ICICI/amazon@apl/UPI,968451685483,"1,660.92",,565629.71
18-Oct-2025,UPI/DR/379144831702/Uber/ICICI/uber@paytm/UPI,130746372936,"1,180.79",,564448.92
18-Oct-2025,UPI/DR/848018762338/Zepto/ICICI/zepto@apl/UPI,608259774423,"2,340.43",,562108.49
19-Oct-2025,UPI/DR/404029128116/Jyoti/BDBL/jyotidube14@aubank/UPI,275729292239,"2,750.94",,559357.55
20-Oct-2025,ATM CASH WITHDRAWAL/23810/GURGAON,697700798531,"9,500.00",,549857.55
20-Oct-2025,UPI/DR/364087240130/Zomato/ICICI/zomato@axisbank/UPI,264966206006,"1,660.13",,548197.42
20-Oct-2025,UPI/DR/714593199826/PhonePe/ICICI/phonepe@ybl/UPI,870638688372,"2,350.53",,545846.89
21-Oct-2025,UPI/DR/867407749707/Ola/PAYTM/olamoney@ola/UPI,557597749606,740.85,,545106.04
21-Oct-2025,UPI/DR/039621188023/Indane/ICICI/indanegas@upi/UPI,247474181939,"1,300.17",,543805.87
22-Oct-2025,UPI/DR/985596302360/Blinkit/ICICI/blinkit@kotak/UPI,553958986986,"1,780.68",,542025.19
22-Oct-2025,UPI/CR/162189311107/Mohan/BDBL/6549115928@axl/UPI,827536891044,,"2,400.05",544425.24
23-Oct-2025,UPI/DR/551346666038/Myntra/PAYTM/myntra@ybl/UPI,652613254544,"3,350.30",,541074.94
24-Oct-2025,NEFT/N5741439061501/Wipro Limited,949512281284,,"43,500.14",584575.08
26-Oct-2025,UPI/DR/622242161110/Myntra/PAYTM/myntra@ybl/UPI,859148800243,"3,050.83",,581524.25
27-Oct-2025,ATM CASH WITHDRAWAL/87219/GURGAON,274400169832,"9,500.00",,572024.25
27-Oct-2025,UPI/DR/125911521433/Myntra/PAYTM/myntra@ybl/UPI,146175762684,"3,500.84",,568523.41
28-Oct-2025,UPI/DR/654679849005/Flipkart/ICICI/flipkart@ybl/UPI,168115214586,"1,450.31",,567073.10
28-Oct-2025,UPI/CR/811606746538/Manoj/UCBA/manoj.ghosh@okicici/UPI,818098140400,,"3,100.28",570173.38
29-Oct-2025,ACCOUNT MAINTENANCE FEE,062124990955,240.00,,569933.38
29-Oct-2025,UPI/DR/664468341829/Uber/PAYTM/uber@paytm/UPI,686557433705,520.81,,569412.57
29-Oct-2025,UPI/DR/740477085540/Jio/ICICI/jio@paytm/UPI,577236316549,350.97,,569061.60
29-Oct-2025,GST ON CHARGES,468353892878,43.20,,569018.40
30-Oct-2025,UPI/DR/078031769742/Paytm/ICICI/paytm@paytm/UPI,121189391326,940.75,,568077.65
30-Oct-2025,UPI/DR/535007301722/Usha/UTIB/3456211531@oksbi/UPI,717349857634,"17,450.35",,550627.30
01-Nov-2025,UPI/DR/949233863691/Zomato/ICICI/zomato@axisbank/UPI,872026973547,"2,360.96",,548266.34
01-Nov-2025,UPI/DR/665370508914/Kavita/BDBL/kavitaghos30@kotak/UPI,514367492083,"9,000.69",,539265.65
02-Nov-2025,UPI/DR/233048949615/BSNL/RAZORPAY/broadband@paytm/UPI,597072035417,549.00,,538716.65
03-Nov-2025,UPI/DR/398720612224/Meesho/PAYTM/meesho@ybl/UPI,328975687971,"3,400.44",,535316.21
04-Nov-2025,IMPS-000809436494-Girish Sharma,542889494462,"44,900.01",,490416.20
04-Nov-2025,POS SHOPPERS STOP GURGAON,706428543151,"2,300.66",,488115.54
05-Nov-2025,UPI/DR/762937950835/Kiran/UTIB/4109247805@axl/UPI,782084028651,"14,600.74",,473514.80
06-Nov-2025,UPI/CR/076404099252/Pankaj/BARB/pankaj.bose@aubank/UPI,511770479460,,"15,550.32",489065.12
06-Nov-2025,UPI/DR/866587534257/Himanshu/BDBL/himanshu.shukla@upi/UPI,601061891415,"21,900.18",,467164.94
06-Nov-2025,SALARY CREDIT/S0163433337957/Blue Dart Express Ltd,391556392319,,"59,526.67",526691.61
06-Nov-2025,POS RELIANCE MART GURGAON,626643664177,"1,700.53",,524991.08
07-Nov-2025,UPI/CR/448604634294/Ramesh/SBIN/0478924395@ybl/UPI,181027507562,,"18,850.51",543841.59
07-Nov-2025,NACH/MANDATE/RNT8990635/RENT MANDATE,615472779302,"15,000.00",,528841.59
08-Nov-2025,UPI/DR/103488914656/Ola/PAYTM/olamoney@ola/UPI,132474041591,630.95,,528210.64
09-Nov-2025,POS PANTALOONS GURGAON,034421185942,"1,350.13",,526860.51
10-Nov-2025,UPI/DR/406707699816/MakeMyTrip/ICICI/makemytrip@axisbank/UPI,450828745185,149.00,,526711.51
10-Nov-2025,ATM CASH WITHDRAWAL/77557/GURGAON,909194132923,"4,000.00",,522711.51
10-Nov-2025,UPI/DR/292242507248/Uber/PAYTM/uber@paytm/UPI,418099188745,230.75,,522480.76
12-Nov-2025,UPI/DR/304644891056/TSSPDCL/UPIN/tsspdclpayment@upi/UPI,945443738457,"3,800.14",,518680.62
12-Nov-2025,POS BRAND FACTORY GURGAON,542030203723,"2,300.79",,516379.83
12-Nov-2025,UPI/DR/458582657417/Bajaj/LICI/licindia@licindia/UPI,853491061715,"5,600.00",,510779.83
14-Nov-2025,UPI/DR/429173183446/Zepto/ICICI/zepto@apl/UPI,890325270413,"1,420.45",,509359.38
15-Nov-2025,ATM CASH WITHDRAWAL/90467/GURGAON,883494160385,"2,500.00",,506859.38
15-Nov-2025,UPI/DR/572964693746/Jio/PAYTM/vi@airtelaxis/UPI,270527313257,209.00,,506650.38
17-Nov-2025,UPI/DR/844856121010/Jio/PAYTM/vi@airtelaxis/UPI,696474213629,339.00,,506311.38
17-Nov-2025,ATM CASH WITHDRAWAL/93348/GURGAON,034351156771,"3,500.00",,502811.38
17-Nov-2025,UPI/DR/862932339947/Amazon/ICICI/amazon@apl/UPI,427782951840,"1,500.19",,501311.19
18-Nov-2025,POS SHELL FUEL STATION GURGAON,484228353307,"1,250.61",,500060.58
18-Nov-2025,UPI/DR/142735052946/BSNL/ICICI/bsnlbroadband@upi/UPI,935636965115,"2,220.73",,497839.85
18-Nov-2025,UPI/DR/781814337769/Amit/UTIB/amit133@upi/UPI,058070011019,250.96,,497588.89
19-Nov-2025,ATM CASH WITHDRAWAL/16984/GURGAON,640547827600,"6,500.00",,491088.89
19-Nov-2025,UPI/CR/352011143298/Gopal/PUNB/0280524083@upi/UPI,127904187181,,"19,700.84",510789.73
19-Nov-2025,ATM CASH WITHDRAWAL/23428/GURGAON,478399500178,"4,500.00",,506289.73
20-Nov-2025,UPI/DR/426019645236/Krishna/BKID/krishna.chatterjee@pthdfc/UPI,832285617454,"3,350.87",,502938.86
21-Nov-2025,UPI/CR/280964877924/Sunita/UTIB/sunitajain93@aubank/UPI,209971427562,,"19,950.75",522889.61
21-Nov-2025,UPI/DR/549504421019/Indane/ICICI/indanegas@upi/UPI,564997212165,"1,800.45",,521089.16
22-Nov-2025,UPI/DR/566022605080/BigBasket/ICICI/bigbasket@ybl/UPI,888657824743,230.13,,520859.03
23-Nov-2025,UPI/CR/738606224894/Krishna/BKID/krishna.jain@okhdfcbank/UPI,426349644614,,"1,550.23",522409.26
23-Nov-2025,UPI/DR/632084440838/Amazon/PAYTM/amazon@apl/UPI,747498133747,"4,900.40",,517508.86
23-Nov-2025,UPI/DR/016587337305/BSNL/ICICI/bsnlbroadband@upi/UPI,843384680349,"2,640.62",,514868.24
23-Nov-2025,UPI/DR/472365553279/Amazon/ICICI/amazon@apl/UPI,516289751774,630.75,,514237.49
24-Nov-2025,UPI/CR/689191133912/Kunal/PUNB/8730734562@ibl/UPI,914189217893,,"20,600.65",534838.14
24-Nov-2025,UPI/DR/660885561431/Vijay/KKBK/vijaychat62@ybl/UPI,110304161959,"17,350.16",,517487.98
24-Nov-2025,POS BHARAT PETROLEUM GURGAON,627248215957,"1,650.75",,515837.23
25-Nov-2025,POS SHELL FUEL STATION GURGAON,520384200370,"3,750.31",,512086.92
26-Nov-2025,UPI/DR/094295424190/Uber/PAYTM/uber@paytm/UPI,308067717954,470.22,,511616.70
28-Nov-2025,UPI/CR/854446377535/Kiran/HDFC/2849311430@ptsbi/UPI,946448352206,,"18,200.60",529817.30
28-Nov-2025,UPI/DR/970979598144/PhonePe/ICICI/phonepe@ybl/UPI,509736844966,"1,740.91",,528076.39
29-Nov-2025,UPI/DR/740868242034/Dunzo/ICICI/dunzo@razorpay/UPI,287156383673,"2,370.63",,525705.76
30-Nov-2025,UPI/DR/483366512926/Kamal/PUNB/kamal.banerjee@ptsbi/UPI,629839373492,"5,300.62",,520405.14
01-Dec-2025,UPI/DR/714319192514/Vikram/HDFC/vikram337@oksbi/UPI,799419213489,"14,050.54",,506354.60
01-Dec-2025,UPI/DR/056523458799/Sonia/BDBL/7208385178@ptsbi/UPI,487789929137,"8,400.72",,497953.88
01-Dec-2025,UPI/DR/895461060496/BigBasket/ICICI/bigbasket@ybl/UPI,129858008470,"2,060.33",,495893.55
01-Dec-2025,POS V MART GURGAON,489839421788,"7,600.45",,488293.10
01-Dec-2025,POS INDIAN OIL GURGAON,452187098416,"2,300.55",,485992.55
01-Dec-2025,POS MAX FASHION GURGAON,050885681290,"1,600.60",,484391.95
03-Dec-2025,UPI/DR/318676523190/Paytm/ICICI/paytm@paytm/UPI,647983954670,940.57,,483451.38
03-Dec-2025,UPI/DR/646719972389/Sunita/SBIN/9066190856@axl/UPI,551994378598,"21,400.08",,462051.30
03-Dec-2025,ATM CASH WITHDRAWAL/50038/GURGAON,031451817806,"2,000.00",,460051.30
03-Dec-2025,UPI/DR/353085933705/Jio/ICICI/jio@paytm/UPI,085105612271,610.32,,459440.98
03-Dec-2025,POS METRO CASH CARRY GURGAON,284847433122,"6,950.44",,452490.54
04-Dec-2025,UPI/DR/895049967108/BSNL/RAZORPAY/broadband@paytm/UPI,295778083571,"1,099.00",,451391.54
04-Dec-2025,UPI/DR/809219894074/Krishna/UCBA/krishnasriv88@upi/UPI,700930232281,"1,950.05",,449441.49
04-Dec-2025,UPI/DR/929651731373/Uber/PAYTM/uber@paytm/UPI,717229299802,710.70,,448730.79
05-Dec-2025,UPI/CR/710497285463/Babita/SBIN/babitamalh68@kotak/UPI,438250010585,,"5,250.76",453981.55
06-Dec-2025,POS SHELL FUEL STATION GURGAON,827715513683,800.96,,453180.59
06-Dec-2025,UPI/DR/853006355756/Maya/PUNB/mayabaja26@ptsbi/UPI,394947147852,"7,000.43",,446180.16
06-Dec-2025,UPI/DR/043243837777/Ola/PAYTM/olamoney@ola/UPI,823798755088,210.01,,445970.15
07-Dec-2025,SALARY CREDIT/S7649523750119/Blue Dart Express Ltd,636794538002,,"60,794.67",506764.82
07-Dec-2025,POS METRO CASH CARRY GURGAON,160238979657,"3,450.36",,503314.46
07-Dec-2025,UPI/DR/565158287884/Rapido/PAYTM/rapido@icici/UPI,519444478664,150.67,,503163.79
07-Dec-2025,UPI/DR/698411731374/Amazon/ICICI/amazon@apl/UPI,167579409896,260.80,,502902.99
07-Dec-2025,UPI/DR/582217450593/Nikhil/UCBA/nikhil370@ptyes/UPI,592022573073,"20,700.93",,482202.06
09-Dec-2025,NACH/MANDATE/RNT8652268/RENT MANDATE,169848958624,"15,000.00",,467202.06
10-Dec-2025,ATM CASH WITHDRAWAL/46859/GURGAON,900184044668,"2,500.00",,464702.06
10-Dec-2025,UPI/CR/920292149643/Kamal/BARB/kamal349@upi/UPI,312285140814,,"10,100.64",474802.70
11-Dec-2025,UPI/DR/412663949656/Bajaj/LICI/licindia@licindia/UPI,008580893369,"5,600.00",,469202.70
12-Dec-2025,UPI/DR/660779040386/Jio/PAYTM/vi@airtelaxis/UPI,359541203576,309.00,,468893.70
12-Dec-2025,UPI/DR/035883986424/TSSPDCL/UPIN/tsspdclpayment@upi/UPI,301605772167,"3,200.99",,465692.71
12-Dec-2025,POS SHOPPERS STOP GURGAON,223788541653,"2,300.13",,463392.58
12-Dec-2025,POS BHARAT PETROLEUM GURGAON,690795465299,"4,400.71",,458991.87
13-Dec-2025,UPI/DR/311123720344/Blinkit/ICICI/blinkit@kotak/UPI,210439865303,790.80,,458201.07
14-Dec-2025,UPI/DR/463898324199/1mg/ICICI/tatahealth@icici/UPI,681751608467,780.82,,457420.25
14-Dec-2025,UPI/DR/816506184057/Anil/UCBA/0553983660@ptyes/UPI,856510370423,"15,800.62",,441619.63
14-Dec-2025,UPI/DR/059710026493/Rapido/PAYTM/rapido@icici/UPI,797504826267,800.71,,440818.92
15-Dec-2025,UPI/DR/872009417545/Uber/ICICI/uber@paytm/UPI,848420769240,"1,020.33",,439798.59
16-Dec-2025,UPI/DR/422934257599/Hotstar/ICICI/hotstar@hdfcbank/UPI,109004767650,149.00,,439649.59
17-Dec-2025,UPI/DR/388744783353/Indane/ICICI/indanegas@upi/UPI,947184896819,"2,800.16",,436849.43
18-Dec-2025,UPI/DR/837872110111/BSNL/ICICI/bsnlbroadband@upi/UPI,915046557285,"1,030.51",,435818.92
19-Dec-2025,UPI/DR/368291955518/Shivam/FDRL/shivam.srivastava@paytm/UPI,423771226409,"3,700.60",,432118.32
20-Dec-2025,UPI/DR/887317683127/Zepto/ICICI/zepto@apl/UPI,646298522612,450.72,,431667.60
20-Dec-2025,UPI/CR/535979910825/Preeti/PUNB/preeti302@upi/UPI,433244067854,,750.54,432418.14
22-Dec-2025,UPI/DR/745951678394/PhonePe/ICICI/phonepe@ybl/UPI,149455684662,"2,430.86",,429987.28
22-Dec-2025,UPI/DR/372101071391/Naveen/KKBK/0082419700@ptsbi/UPI,950635365654,"19,250.14",,410737.14
22-Dec-2025,UPI/CR/103261980441/Sumit/FDRL/sumit397@ibl/UPI,969392407548,,"8,050.77",418787.91
22-Dec-2025,UPI/DR/182490409476/Jio/PAYTM/vi@airtelaxis/UPI,450711655540,909.00,,417878.91
22-Dec-2025,UPI/DR/329917692418/Flipkart/PAYTM/flipkart@ybl/UPI,063727546115,"5,600.71",,412278.20
23-Dec-2025,UPI/DR/272957773945/Mohit/HDFC/5182713020@okaxis/UPI,700840668924,"16,750.16",,395528.04
23-Dec-2025,UPI/DR/696443573968/Ola/PAYTM/olamoney@ola/UPI,228312141868,230.04,,395298.00
24-Dec-2025,UPI/DR/956572690035/Ritu/BARB/2946874190@upi/UPI,988587444751,"18,900.25",,376397.75
24-Dec-2025,UPI/CR/236893342667/Preeti/FDRL/preetidutt16@ibl/UPI,374524795782,,"5,900.09",382297.84
26-Dec-2025,ATM CASH WITHDRAWAL/12626/GURGAON,202553196871,"5,500.00",,376797.84
26-Dec-2025,UPI/DR/545725715185/Rapido/PAYTM/rapido@icici/UPI,978320168365,820.37,,375977.47
26-Dec-2025,INTEREST CREDIT,753849836326,,540.95,376518.42
26-Dec-2025,UPI/CR/547914571908/Akash/UTIB/akash.yadav@kotak/UPI,294291681291,,"14,000.30",390518.72
27-Dec-2025,UPI/DR/379985719030/Zepto/ICICI/zepto@apl/UPI,685169796825,780.03,,389738.69
27-Dec-2025,UPI/CR/527617016133/Rajan/SBIN/rajan823@okhdfcbank/UPI,097379277225,,"17,650.43",407389.12
27-Dec-2025,UPI/DR/323076915395/Swiggy/ICICI/swiggy@icici/UPI,793753036186,"2,580.47",,404808.65
27-Dec-2025,UPI/CR/238250028614/Mohan/UCBA/mohan.gupta@ibl/UPI,698754565276,,"8,450.55",413259.20
28-Dec-2025,UPI/DR/635679830707/Kiran/BARB/kiran217@ptsbi/UPI,256190911525,500.10,,412759.10
28-Dec-2025,ACCOUNT MAINTENANCE FEE,884138823920,230.00,,412529.10
28-Dec-2025,IMPS-522340716378-Kavya Dutta,443369234730,"37,800.55",,374728.55
28-Dec-2025,GST ON CHARGES,119878286677,41.40,,374687.15
29-Dec-2025,UPI/DR/944602098558/Flipkart/ICICI/flipkart@ybl/UPI,604218434632,"1,570.19",,373116.96
29-Dec-2025,UPI/DR/620372340328/Jio/ICICI/jio@paytm/UPI,223543671839,"1,600.15",,371516.81
29-Dec-2025,UPI/CR/701784707043/Shweta/PUNB/shweta151@oksbi/UPI,763733036608,,"12,250.40",383767.21
30-Dec-2025,POS CENTRAL MALL GURGAON,050471236363,"4,850.23",,378916.98
31-Dec-2025,UPI/DR/025662953999/Flipkart/ICICI/flipkart@ybl/UPI,933300454006,"1,810.95",,377106.03
01-Jan-2026,UPI/CR/453254573708/Priya/BDBL/priya689@ybl/UPI,057090606309,,"4,550.74",381656.77
01-Jan-2026,UPI/DR/447919231807/Renu/FDRL/renu.pillai@ybl/UPI,342708825573,"14,550.40",,367106.37
02-Jan-2026,UPI/DR/242763292776/Rohit/BDBL/rohit170@oksbi/UPI,316496896747,"14,000.48",,353105.89
02-Jan-2026,UPI/DR/610820604804/Jio/PAYTM/vi@airtelaxis/UPI,692851266912,449.00,,352656.89
02-Jan-2026,UPI/DR/720264871353/Jio/PAYTM/vi@airtelaxis/UPI,414173948940,699.00,,351957.89
04-Jan-2026,UPI/DR/728397200911/BigBasket/ICICI/bigbasket@ybl/UPI,559203508451,"1,360.46",,350597.43
04-Jan-2026,POS RELIANCE MART GURGAON,243423915645,"7,450.18",,343147.25
04-Jan-2026,UPI/DR/722312551281/Ola/PAYTM/olamoney@ola/UPI,714732949818,750.67,,342396.58
05-Jan-2026,UPI/DR/961506053404/MedPlus/ICICI/medplus@icici/UPI,206003064656,"1,490.48",,340906.10
06-Jan-2026,POS SHELL FUEL STATION GURGAON,423841045607,"1,100.68",,339805.42
06-Jan-2026,UPI/DR/794490103725/Ola/ICICI/olamoney@ola/UPI,113789520160,"2,130.24",,337675.18
07-Jan-2026,SALARY CREDIT/S9224563914745/Blue Dart Express Ltd,228872202390,,"61,501.67",399176.85
07-Jan-2026,UPI/DR/647141021743/Flipkart/ICICI/flipkart@ybl/UPI,310334321334,"2,550.75",,396626.10
07-Jan-2026,POS SHOPPERS STOP GURGAON,512303777924,900.02,,395726.08
07-Jan-2026,UPI/DR/817446276053/Himanshu/KKBK/himanshuredd19@okicici/UPI,132843673006,"13,250.47",,382475.61
07-Jan-2026,ATM CASH WITHDRAWAL/31151/GURGAON,348654815858,"6,500.00",,375975.61
07-Jan-2026,ATM CASH WITHDRAWAL/68112/GURGAON,491227986407,"8,000.00",,367975.61
08-Jan-2026,UPI/CR/114133252210/Maya/UTIB/maya.sethi@ptsbi/UPI,015224479115,,"12,550.18",380525.79
09-Jan-2026,NACH/MANDATE/RNT8699374/RENT MANDATE,612877360676,"15,000.00",,365525.79
09-Jan-2026,UPI/DR/554708163094/Pankaj/FDRL/2545477512@okaxis/UPI,491731693129,"2,750.49",,362775.30
11-Jan-2026,UPI/CR/630941314776/Divya/BKID/divya.jain@okicici/UPI,338632235678,,"16,100.27",378875.57
11-Jan-2026,UPI/DR/076832154367/BSNL/RAZORPAY/broadband@paytm/UPI,222477810023,849.00,,378026.57
11-Jan-2026,POS INDIAN OIL GURGAON,034877885220,"3,350.49",,374676.08
11-Jan-2026,UPI/DR/631357992309/Indane/ICICI/indanegas@upi/UPI,962724053432,"1,500.26",,373175.82
12-Jan-2026,UPI/DR/076314259243/TSSPDCL/UPIN/tsspdclpayment@upi/UPI,781067431545,"2,100.15",,371075.67
12-Jan-2026,UPI/DR/749687398754/Flipkart/PAYTM/flipkart@ybl/UPI,034962695223,"3,850.23",,367225.44
13-Jan-2026,UPI/DR/302983223680/Paytm/ICICI/paytm@paytm/UPI,798863564665,340.87,,366884.57
13-Jan-2026,UPI/DR/274743293954/Dunzo/ICICI/dunzo@razorpay/UPI,546367297763,"2,270.23",,364614.34
13-Jan-2026,UPI/DR/224321296126/Bajaj/LICI/licindia@licindia/UPI,109970126588,"5,600.00",,359014.34
14-Jan-2026,UPI/CR/452503734119/Kavita/UCBA/kavitajosh70@oksbi/UPI,882511301567,,"17,050.08",376064.42
14-Jan-2026,IMPS-345581503589-Tarun Pillai,193377155056,"29,700.07",,346364.35
14-Jan-2026,UPI/DR/528455892107/Rahul/BKID/rahul839@oksbi/UPI,982515186076,"3,050.42",,343313.93
15-Jan-2026,UPI/DR/682140419825/Nykaa/PAYTM/nykaa@razorpay/UPI,677117226829,"2,500.25",,340813.68
15-Jan-2026,UPI/DR/850081528550/Seema/BKID/seema.naik@pthdfc/UPI,930262461065,"15,400.18",,325413.50
16-Jan-2026,POS BRAND FACTORY GURGAON,084192103438,"8,000.20",,317413.30
17-Jan-2026,UPI/DR/624291853206/Jio/PAYTM/vi@airtelaxis/UPI,908009180128,629.00,,316784.30
18-Jan-2026,ATM CASH WITHDRAWAL/74863/GURGAON,951053241240,"7,500.00",,309284.30
18-Jan-2026,ATM CASH WITHDRAWAL/59640/GURGAON,974153440538,"10,000.00",,299284.30
19-Jan-2026,UPI/DR/348776061748/BSNL/ICICI/bsnlbroadband@upi/UPI,642713992716,"2,340.46",,296943.84
19-Jan-2026,POS RELIANCE PETROLEUM GURGAON,295774438654,"4,500.12",,292443.72
20-Jan-2026,UPI/DR/818808678227/Ola/PAYTM/olamoney@ola/UPI,191663633770,770.78,,291672.94
21-Jan-2026,ATM CASH WITHDRAWAL/47946/GURGAON,548889953808,"3,000.00",,288672.94
21-Jan-2026,UPI/DR/549594665816/Rajan/HDFC/rajan.ahuja@okhdfcbank/UPI,345942240165,"18,150.83",,270522.11
22-Jan-2026,UPI/DR/262011706274/Paytm/ICICI/paytm@paytm/UPI,537820914013,430.33,,270091.78
22-Jan-2026,UPI/DR/461462139236/Rapido/PAYTM/rapido@icici/UPI,562254720270,80.30,,270011.48
22-Jan-2026,UPI/DR/588745584541/Jio/ICICI/jio@paytm/UPI,243865557719,670.69,,269340.79
23-Jan-2026,UPI/DR/927476496198/Jio/PAYTM/vi@airtelaxis/UPI,727123151962,859.00,,268481.79
23-Jan-2026,UPI/DR/323614371593/BigBasket/ICICI/bigbasket@ybl/UPI,639856693287,880.19,,267601.60
24-Jan-2026,UPI/DR/553859681229/Nisha/BARB/nisha.ghosh@axl/UPI,952662625321,"10,000.22",,257601.38
24-Jan-2026,UPI/DR/098568544218/Ola/PAYTM/olamoney@ola/UPI,511440177378,670.46,,256930.92
24-Jan-2026,UPI/DR/705786427205/Zepto/ICICI/zepto@apl/UPI,044579340617,"2,540.55",,254390.37
24-Jan-2026,UPI/DR/185847783352/Harish/BARB/harish921@okicici/UPI,060879302098,"15,950.96",,238439.41
24-Jan-2026,POS BHARAT PETROLEUM GURGAON,039007830039,"1,300.20",,237139.21
24-Jan-2026,UPI/DR/253006839949/Ola/PAYTM/olamoney@ola/UPI,245895192836,500.27,,236638.94
25-Jan-2026,UPI/DR/843418350064/Saurabh/SBIN/saurabhroy47@ptyes/UPI,912046389756,600.05,,236038.89
25-Jan-2026,UPI/CR/706315774846/Anjali/BARB/anjali925@ptsbi/UPI,311282972018,,"2,850.56",238889.45
25-Jan-2026,UPI/DR/097504521112/Dunzo/ICICI/dunzo@razorpay/UPI,082941223130,"1,640.81",,237248.64
26-Jan-2026,UPI/DR/741239315035/Suresh/KKBK/3708604717@ybl/UPI,559555662759,"2,550.92",,234697.72
26-Jan-2026,UPI/DR/594950795176/BigBasket/ICICI/bigbasket@ybl/UPI,031983472714,"1,240.44",,233457.28
26-Jan-2026,ATM CASH WITHDRAWAL/79057/GURGAON,893656282424,"4,000.00",,229457.28
26-Jan-2026,UPI/DR/063848877544/BSNL/ICICI/bsnlbroadband@upi/UPI,336315762726,560.85,,228896.43
28-Jan-2026,UPI/DR/793213513699/Rapido/PAYTM/rapido@icici/UPI,092731703803,300.86,,228595.57
28-Jan-2026,UPI/CR/599743316009/Manish/BDBL/manishkapo44@okicici/UPI,221697662528,,"21,150.69",249746.26
28-Jan-2026,POS PANTALOONS GURGAON,606594231310,"6,050.55",,243695.71
28-Jan-2026,UPI/CR/369825943814/Tarun/BARB/tarun933@apl/UPI,668756896621,,"12,900.52",256596.23
29-Jan-2026,UPI/CR/779991851096/Suresh/BDBL/9303172780@kotak/UPI,111999978256,,"6,250.14",262846.37
29-Jan-2026,POS VISHAL MEGA MART GURGAON,008131088829,"2,100.50",,260745.87
29-Jan-2026,UPI/CR/077251991736/Swati/BDBL/swatiahuj59@paytm/UPI,002835721431,,"21,100.52",281846.39
30-Jan-2026,UPI/CR/980809629756/Naresh/PUNB/naresh.jain@okhdfcbank/UPI,883385988037,,"21,100.35",302946.74
31-Jan-2026,UPI/CR/382158973548/Naveen/BDBL/9921346195@aubank/UPI,912253128348,,"3,500.57",306447.31
01-Feb-2026,UPI/DR/006792810439/Meesho/PAYTM/meesho@ybl/UPI,566714484522,850.45,,305596.86
02-Feb-2026,UPI/DR/915654288569/Neha/SBIN/8035078702@kotak/UPI,818151595999,"8,850.78",,296746.08
03-Feb-2026,IMPS-514099998702-Mukesh Khanna,293920993159,"1,400.98",,295345.10
03-Feb-2026,UPI/DR/637828108540/BSNL/ICICI/bsnlbroadband@upi/UPI,437902082997,"2,690.21",,292654.89
03-Feb-2026,UPI/DR/291570619732/Jio/ICICI/jio@paytm/UPI,984472507418,"2,540.27",,290114.62
03-Feb-2026,UPI/DR/537322025982/Dunzo/ICICI/dunzo@razorpay/UPI,586454038565,"2,130.86",,287983.76
04-Feb-2026,UPI/DR/667390153886/Spotify/ICICI/spotify@icici/UPI,948290858063,799.00,,287184.76
04-Feb-2026,UPI/DR/840740679064/Paytm/ICICI/paytm@paytm/UPI,000141554148,300.26,,286884.50
04-Feb-2026,UPI/DR/986078820786/Nykaa/ICICI/nykaa@razorpay/UPI,606516345899,999.00,,285885.50
05-Feb-2026,UPI/DR/231307452569/Sapna/BKID/sapna.bajaj@okhdfcbank/UPI,306334693603,"9,800.82",,276084.68
06-Feb-2026,UPI/DR/374524059705/Ola/PAYTM/olamoney@ola/UPI,865063755059,140.24,,275944.44
06-Feb-2026,SALARY CREDIT/S4815658835020/Blue Dart Express Ltd,250947853098,,"62,542.67",338487.11
08-Feb-2026,ATM CASH WITHDRAWAL/90533/GURGAON,122643021252,"10,000.00",,328487.11
08-Feb-2026,ATM CASH WITHDRAWAL/51572/GURGAON,471260085368,"2,500.00",,325987.11
08-Feb-2026,UPI/DR/682971104106/Bajaj/LICI/licindia@licindia/UPI,157381028174,"5,600.00",,320387.11
09-Feb-2026,UPI/DR/785708810585/TSSPDCL/UPIN/tsspdclpayment@upi/UPI,715734288502,"1,500.36",,318886.75
09-Feb-2026,NACH/MANDATE/RNT6339833/RENT MANDATE,659947215105,"15,000.00",,303886.75
09-Feb-2026,UPI/DR/731718047156/Rapido/PAYTM/rapido@icici/UPI,390991868356,690.73,,303196.02
10-Feb-2026,UPI/DR/210302560475/Rajesh/BDBL/1129833699@pthdfc/UPI,321522355300,"15,050.16",,288145.86
10-Feb-2026,UPI/CR/999671687671/Sarita/KKBK/3782598104@apl/UPI,648988281220,,"1,700.22",289846.08
10-Feb-2026,UPI/DR/091746171869/Myntra/PAYTM/myntra@ybl/UPI,806929808266,"1,350.42",,288495.66
12-Feb-2026,ATM CASH WITHDRAWAL/61124/GURGAON,556093521167,"5,000.00",,283495.66
12-Feb-2026,POS MAX FASHION GURGAON,138933594194,"8,100.07",,275395.59
12-Feb-2026,UPI/DR/558083987210/Blinkit/ICICI/blinkit@kotak/UPI,269047871057,350.42,,275045.17
13-Feb-2026,UPI/CR/399152973589/Kavya/BARB/3489598219@oksbi/UPI,757719016651,,"19,550.51",294595.68
13-Feb-2026,UPI/DR/044172532228/PhonePe/ICICI/phonepe@ybl/UPI,835408561333,290.06,,294305.62
13-Feb-2026,UPI/DR/429770125804/Jio/PAYTM/vi@airtelaxis/UPI,551438142501,839.00,,293466.62
14-Feb-2026,UPI/DR/012221067066/Nykaa/PAYTM/nykaa@razorpay/UPI,178997574570,"2,000.41",,291466.21
15-Feb-2026,UPI/CR/857640609737/Asha/KKBK/asha713@apl/UPI,153348014729,,"9,400.54",300866.75
16-Feb-2026,UPI/DR/033957936004/Jio/PAYTM/vi@airtelaxis/UPI,261640532754,529.00,,300337.75
17-Feb-2026,UPI/DR/806208173378/Indane/ICICI/indanegas@upi/UPI,275178007140,"1,950.59",,298387.16
17-Feb-2026,UPI/DR/064392236497/PhonePe/ICICI/phonepe@ybl/UPI,707587740351,"2,550.26",,295836.90
18-Feb-2026,UPI/DR/073285852874/Neha/UTIB/neha.bose@ptsbi/UPI,407046897250,"7,150.62",,288686.28
19-Feb-2026,ATM CASH WITHDRAWAL/41289/GURGAON,651092514576,"9,000.00",,279686.28
19-Feb-2026,POS SHOPPERS STOP GURGAON,388489225471,"6,850.07",,272836.21
19-Feb-2026,UPI/DR/801085125826/Abhishek/UTIB/9889962395@ybl/UPI,220885661047,"19,450.40",,253385.81
19-Feb-2026,UPI/DR/627362169213/Flipkart/ICICI/flipkart@ybl/UPI,794729060109,"2,340.99",,251044.82
19-Feb-2026,UPI/DR/261252800257/Ola/PAYTM/olamoney@ola/UPI,501196632601,510.27,,250534.55
19-Feb-2026,ATM CASH WITHDRAWAL/56976/GURGAON,185717549514,"8,500.00",,242034.55
20-Feb-2026,UPI/CR/022870998131/Anjali/BKID/anjaliiyer11@ptaxis/UPI,731005854556,,"7,000.57",249035.12
20-Feb-2026,UPI/DR/579917723266/BSNL/ICICI/bsnlbroadband@upi/UPI,798900504277,"2,370.47",,246664.65
21-Feb-2026,POS SHOPPERS STOP GURGAON,062554347701,"4,750.22",,241914.43
21-Feb-2026,NEFT/N2570960291302/Mphasis Limited,897581326625,,"16,000.57",257915.00
21-Feb-2026,UPI/DR/657308877494/Poonam/SBIN/poonam.kumar@paytm/UPI,374863322998,"3,650.57",,254264.43
21-Feb-2026,UPI/DR/464739835565/BSNL/RAZORPAY/broadband@paytm/UPI,669707103347,949.00,,253315.43
22-Feb-2026,UPI/DR/322326585338/Flipkart/ICICI/flipkart@ybl/UPI,537931775934,"2,580.97",,250734.46
22-Feb-2026,UPI/DR/515674229790/Rapido/PAYTM/rapido@icici/UPI,766399198839,640.83,,250093.63
22-Feb-2026,POS BHARAT PETROLEUM GURGAON,548718139909,"2,050.41",,248043.22
22-Feb-2026,UPI/DR/072877085782/Swiggy/ICICI/swiggy@icici/UPI,491747977653,"2,000.88",,246042.34
22-Feb-2026,POS BHARAT PETROLEUM GURGAON,466206190680,"4,100.33",,241942.01
23-Feb-2026,UPI/DR/925376828024/Vivek/SBIN/vivek.mishra@pthdfc/UPI,568593419587,"21,000.43",,220941.58
23-Feb-2026,UPI/DR/117838409789/Uber/PAYTM/uber@paytm/UPI,078886716804,480.96,,220460.62
24-Feb-2026,UPI/DR/000780918452/Meena/UCBA/meena.bajaj@okhdfcbank/UPI,263442608062,"17,200.17",,203260.45
26-Feb-2026,POS RELIANCE PETROLEUM GURGAON,367927462984,"1,350.83",,201909.62
26-Feb-2026,UPI/CR/287163603530/Krishna/BKID/krishnanair79@ptsbi/UPI,406424091365,,"20,250.24",222159.86
26-Feb-2026,POS INDIAN OIL GURGAON,799114754783,"1,350.93",,220808.93
27-Feb-2026,ATM CASH WITHDRAWAL/74927/GURGAON,610406547716,"8,500.00",,212308.93
01-Mar-2026,UPI/DR/261810425610/Jio/PAYTM/vi@airtelaxis/UPI,550812812991,959.00,,211349.93
01-Mar-2026,UPI/CR/900555316706/Yogesh/SBIN/2257030423@apl/UPI,579532853297,,"6,700.69",218050.62
02-Mar-2026,POS D MART GURGAON,693385951518,"2,850.00",,215200.62
02-Mar-2026,UPI/DR/205227376744/Mukesh/BDBL/3362692492@ptaxis/UPI,345994588409,"11,450.17",,203750.45
02-Mar-2026,UPI/CR/538073141583/Usha/UCBA/ushasaxe81@ptsbi/UPI,735875725945,,700.63,204451.08
02-Mar-2026,POS SHOPPERS STOP GURGAON,083348074090,"5,050.89",,199400.19
03-Mar-2026,POS SHOPPERS STOP GURGAON,165923139498,"2,150.31",,197249.88
04-Mar-2026,POS BHARAT PETROLEUM GURGAON,424907108958,"3,500.26",,193749.62
04-Mar-2026,UPI/DR/870924816181/Apollo/ICICI/apollopharmacy@ybl/UPI,471060905561,499.00,,193250.62
04-Mar-2026,UPI/DR/557431446984/Maya/UTIB/4445517520@ybl/UPI,356553181302,"8,650.10",,184600.52
04-Mar-2026,UPI/DR/694711872053/Ola/PAYTM/olamoney@ola/UPI,507861786039,240.42,,184360.10
06-Mar-2026,UPI/DR/272991322119/Bajaj/LICI/licindia@licindia/UPI,369748993354,"5,600.00",,178760.10
07-Mar-2026,SALARY CREDIT/S6785856804632/Blue Dart Express Ltd,379837773044,,"59,719.67",238479.77
07-Mar-2026,UPI/DR/287215260955/Jio/PAYTM/vi@airtelaxis/UPI,829922577186,249.00,,238230.77
07-Mar-2026,IMPS-474155326797-Kiran Sen,494541721915,"37,900.12",,200330.65
09-Mar-2026,UPI/DR/138639851019/Dunzo/ICICI/dunzo@razorpay/UPI,855991460400,"1,850.58",,198480.07
10-Mar-2026,UPI/DR/536940317574/BigBasket/ICICI/bigbasket@ybl/UPI,654341342755,"2,800.54",,195679.53
10-Mar-2026,NACH/MANDATE/RNT4897376/RENT MANDATE,737785087072,"15,000.00",,180679.53
11-Mar-2026,IMPS-949705343276-Seema Iyer,924295259827,"11,100.11",,169579.42
12-Mar-2026,UPI/DR/021220087809/Jio/PAYTM/vi@airtelaxis/UPI,840639355852,739.00,,168840.42
12-Mar-2026,UPI/DR/581504030978/Priya/SBIN/8138555884@okhdfcbank/UPI,552914664746,"14,350.51",,154489.91
13-Mar-2026,UPI/DR/562514080176/Shreya/UCBA/shreya773@okicici/UPI,562532799584,"4,300.95",,150188.96
14-Mar-2026,UPI/DR/010186123003/Rapido/PAYTM/rapido@icici/UPI,208251335769,150.38,,150038.58
14-Mar-2026,UPI/DR/770292756184/TSSPDCL/UPIN/tsspdclpayment@upi/UPI,082885049846,950.53,,149088.05
14-Mar-2026,UPI/DR/085500379146/Paytm/ICICI/paytm@paytm/UPI,154565811687,"2,120.54",,146967.51
15-Mar-2026,UPI/DR/763291330489/Uber/ICICI/uber@paytm/UPI,692170052814,"1,190.81",,145776.70
15-Mar-2026,UPI/DR/059453249834/Jio/ICICI/jio@paytm/UPI,013847662562,"1,410.06",,144366.64
16-Mar-2026,UPI/DR/830040016632/Rapido/PAYTM/rapido@icici/UPI,596695560972,500.97,,143865.67
17-Mar-2026,UPI/CR/415515222303/Isha/PUNB/isha894@okaxis/UPI,400087157683,,"15,600.19",159465.86
17-Mar-2026,POS HP PETROL PUMP GURGAON,299292495423,"4,000.93",,155464.93
17-Mar-2026,UPI/DR/771561599174/Geeta/BDBL/3311395746@ptyes/UPI,211062075454,"19,000.27",,136464.66
19-Mar-2026,POS HP PETROL PUMP GURGAON,973172739756,"3,150.71",,133313.95
19-Mar-2026,UPI/DR/385181045557/Zomato/ICICI/zomato@axisbank/UPI,603117108080,"2,320.93",,130993.02
19-Mar-2026,ATM CASH WITHDRAWAL/01978/GURGAON,084110079915,"2,500.00",,128493.02
19-Mar-2026,UPI/CR/714614841328/Rahul/FDRL/9826110285@oksbi/UPI,906732356687,,"20,850.02",149343.04
19-Mar-2026,POS BHARAT PETROLEUM GURGAON,993972471465,"1,950.92",,147392.12
20-Mar-2026,ATM CASH WITHDRAWAL/01135/GURGAON,001987034227,"2,000.00",,145392.12
20-Mar-2026,UPI/DR/414864404420/Swati/BDBL/9914994953@paytm/UPI,761345406383,"2,500.18",,142891.94
20-Mar-2026,POS MORE SUPER MARKET GURGAON,682324879030,700.08,,142191.86
21-Mar-2026,UPI/DR/384195857346/Amazon/PAYTM/amazon@apl/UPI,219151289099,"3,500.61",,138691.25
21-Mar-2026,UPI/DR/753874304827/Pankaj/UCBA/pankajsing78@oksbi/UPI,029253500361,"2,500.66",,136190.59
21-Mar-2026,UPI/DR/452509411798/Indane/ICICI/indanegas@upi/UPI,588869033918,"2,300.18",,133890.41
22-Mar-2026,UPI/DR/245911058865/BSNL/RAZORPAY/broadband@paytm/UPI,028377910177,599.00,,133291.41
22-Mar-2026,UPI/DR/812076045127/Ola/PAYTM/olamoney@ola/UPI,131998147702,600.03,,132691.38
22-Mar-2026,UPI/DR/563666124786/Jio/PAYTM/vi@airtelaxis/UPI,172198792756,689.00,,132002.38
23-Mar-2026,UPI/DR/556104585284/Amazon/ICICI/amazon@apl/UPI,557401426568,680.37,,131322.01
24-Mar-2026,UPI/CR/124576584910/Neha/BDBL/3421621279@ptaxis/UPI,130774132897,,"20,200.78",151522.79
25-Mar-2026,UPI/DR/640160226238/Harish/FDRL/4523423204@apl/UPI,349277098145,"5,900.68",,145622.11
25-Mar-2026,UPI/DR/584303168570/BSNL/ICICI/bsnlbroadband@upi/UPI,155353846404,"1,830.85",,143791.26
25-Mar-2026,INTEREST CREDIT,593476270996,,125.37,143916.63
26-Mar-2026,UPI/DR/668105920756/Rapido/PAYTM/rapido@icici/UPI,173298291537,660.75,,143255.88
26-Mar-2026,UPI/DR/964531801435/Amazon/ICICI/amazon@apl/UPI,610511149961,"1,780.61",,141475.27
27-Mar-2026,UPI/DR/669893419680/Ola/PAYTM/olamoney@ola/UPI,814007247905,160.12,,141315.15
28-Mar-2026,ATM CASH WITHDRAWAL/91330/GURGAON,410966732079,"7,500.00",,133815.15
29-Mar-2026,UPI/CR/900105486461/Sunil/KKBK/9211213710@ptyes/UPI,613438156649,,"13,450.74",147265.89
29-Mar-2026,UPI/DR/778906992118/Asha/UTIB/0729964465@apl/UPI,772402948349,"15,350.76",,131915.13
30-Mar-2026,UPI/DR/271153192070/Meena/BARB/meena657@ptsbi/UPI,976081906600,"20,850.64",,111064.49
31-Mar-2026,ATM CASH WITHDRAWAL/94325/GURGAON,309284175056,"8,000.00",,103064.49
31-Mar-2026,GST ON CHARGES,389310833367,54.00,,103010.49
31-Mar-2026,ACCOUNT MAINTENANCE FEE,391739677059,300.00,,102710.49
31-Mar-2026,UPI/CR/419729540553/Sunita/HDFC/1079391518@okicici/UPI,662347639734,,"21,500.25",124210.74
01-Apr-2026,UPI/DR/077064967964/Vivek/UTIB/vivekbaja72@paytm/UPI,618726317981,"15,350.40",,108860.34
02-Apr-2026,POS RELIANCE PETROLEUM GURGAON,672982757001,"3,200.91",,105659.43
03-Apr-2026,UPI/DR/435833269183/Zomato/ICICI/zomato@axisbank/UPI,916099142179,"2,350.44",,103308.99
03-Apr-2026,UPI/DR/251590636683/BSNL/ICICI/bsnlbroadband@upi/UPI,246950819281,180.50,,103128.49
03-Apr-2026,UPI/DR/512684255078/Ola/PAYTM/olamoney@ola/UPI,094153425222,390.17,,102738.32
04-Apr-2026,UPI/DR/671010125981/Zepto/ICICI/zepto@apl/UPI,989442558722,680.58,,102057.74
04-Apr-2026,UPI/DR/231776084972/Zepto/ICICI/zepto@apl/UPI,219404476018,290.81,,101766.93
04-Apr-2026,UPI/CR/748013323993/Harish/FDRL/harish983@ptyes/UPI,412203131663,,"7,300.57",109067.50
05-Apr-2026,POS RELIANCE MART GURGAON,936046431658,"7,650.75",,101416.75
06-Apr-2026,IMPS-810325674063-Mamta Malhotra,525194624733,"15,400.70",,86016.05
06-Apr-2026,UPI/DR/162436406659/Rapido/PAYTM/rapido@icici/UPI,480944861323,280.97,,85735.08
07-Apr-2026,SALARY CREDIT/S5787106449412/Blue Dart Express Ltd,918147293181,,"63,071.67",148806.75
07-Apr-2026,UPI/DR/327158853726/Blinkit/ICICI/blinkit@kotak/UPI,504015214299,300.03,,148506.72
08-Apr-2026,UPI/DR/380473553184/BSNL/ICICI/bsnlbroadband@upi/UPI,949853323269,"1,560.29",,146946.43
09-Apr-2026,UPI/DR/049099596466/BSNL/RAZORPAY/broadband@paytm/UPI,012709920636,949.00,,145997.43
09-Apr-2026,UPI/DR/097099279325/Zepto/ICICI/zepto@apl/UPI,172722377640,"1,060.73",,144936.70
10-Apr-2026,UPI/CR/496359631446/Isha/HDFC/isha857@pthdfc/UPI,763034794971,,"11,550.19",156486.89
11-Apr-2026,UPI/DR/802635046032/Meesho/PAYTM/meesho@ybl/UPI,857263534833,"3,550.91",,152935.98
12-Apr-2026,NACH/MANDATE/RNT9796089/RENT MANDATE,268289220401,"15,000.00",,137935.98
13-Apr-2026,UPI/DR/069068691726/TSSPDCL/UPIN/tsspdclpayment@upi/UPI,399775021145,"3,550.80",,134385.18
13-Apr-2026,UPI/DR/954892354121/Bajaj/LICI/licindia@licindia/UPI,929371446011,"5,600.00",,128785.18
13-Apr-2026,UPI/DR/777369076868/Meesho/PAYTM/meesho@ybl/UPI,774200502436,"3,800.01",,124985.17
13-Apr-2026,UPI/DR/517798827200/Zomato/ICICI/zomato@axisbank/UPI,706044007441,"2,350.10",,122635.07
13-Apr-2026,UPI/DR/409312959905/BigBasket/ICICI/bigbasket@ybl/UPI,283807315125,380.81,,122254.26
14-Apr-2026,UPI/DR/857907220583/Jio/PAYTM/vi@airtelaxis/UPI,434055515055,419.00,,121835.26
15-Apr-2026,POS D MART GURGAON,907555102582,"1,100.14",,120735.12
15-Apr-2026,ATM CASH WITHDRAWAL/13536/GURGAON,310781357935,"4,000.00",,116735.12
17-Apr-2026,UPI/DR/778178120699/Jio/PAYTM/vi@airtelaxis/UPI,740678021247,739.00,,115996.12
18-Apr-2026,POS BHARAT PETROLEUM GURGAON,238396557452,"3,650.06",,112346.06
18-Apr-2026,UPI/DR/218991675882/Indane/ICICI/indanegas@upi/UPI,775164045580,"2,450.16",,109895.90
18-Apr-2026,UPI/DR/710317909727/Amazon/ICICI/amazon@apl/UPI,715039707929,"2,530.94",,107364.96
18-Apr-2026,UPI/DR/003239537838/Saurabh/PUNB/saurabhpill41@paytm/UPI,821084739137,"2,750.50",,104614.46
18-Apr-2026,UPI/DR/264291352160/Manish/KKBK/7212987609@kotak/UPI,704179812130,850.01,,103764.45
19-Apr-2026,UPI/DR/450581721884/Vikas/SBIN/2541578104@ptsbi/UPI,852515173038,"9,000.15",,94764.30
19-Apr-2026,UPI/DR/110038011798/1mg/ICICI/tatahealth@icici/UPI,827453669829,"1,870.71",,92893.59
20-Apr-2026,UPI/DR/587309840057/BSNL/ICICI/bsnlbroadband@upi/UPI,111487296632,"2,280.28",,90613.31
20-Apr-2026,UPI/DR/581135416739/Uber/PAYTM/uber@paytm/UPI,434708139321,560.56,,90052.75
20-Apr-2026,UPI/DR/107154851605/Neha/UCBA/neha.reddy@ptaxis/UPI,688344715203,"12,300.01",,77752.74
21-Apr-2026,UPI/DR/398084802043/Archana/HDFC/archana.dubey@ptyes/UPI,457015165328,"7,650.44",,70102.30
21-Apr-2026,UPI/CR/761475314252/Nikhil/KKBK/nikhil559@kotak/UPI,825584033158,,"8,900.72",79003.02
21-Apr-2026,UPI/CR/289669052915/Mohit/UTIB/mohit156@ibl/UPI,071878072546,,"5,850.46",84853.48
22-Apr-2026,UPI/DR/378230911459/Sarita/UCBA/sarita.verma@ptsbi/UPI,122237479939,"7,850.37",,77003.11
22-Apr-2026,UPI/DR/759036357755/Uber/PAYTM/uber@paytm/UPI,248297072225,480.60,,76522.51
22-Apr-2026,POS HP PETROL PUMP GURGAON,592085669421,"3,850.60",,72671.91
23-Apr-2026,UPI/DR/304613975290/Swati/UTIB/swatimukh43@ybl/UPI,122067243783,"19,800.89",,52871.02
23-Apr-2026,ATM CASH WITHDRAWAL/12232/GURGAON,479742124427,"7,500.00",,45371.02
24-Apr-2026,UPI/DR/809682670463/Jio/PAYTM/vi@airtelaxis/UPI,912888668511,239.00,,45132.02
26-Apr-2026,UPI/CR/807292406485/Himanshu/UTIB/himanshu659@ybl/UPI,054514205335,,"5,550.23",50682.25
27-Apr-2026,POS HP PETROL PUMP GURGAON,038625570308,"1,350.76",,49331.49
27-Apr-2026,UPI/DR/185146032422/Dunzo/ICICI/dunzo@razorpay/UPI,385346652521,"1,440.39",,47891.10
27-Apr-2026,ATM CASH WITHDRAWAL/61948/GURGAON,499514273732,"5,000.00",,42891.10
28-Apr-2026,UPI/DR/836420932570/Blinkit/ICICI/blinkit@kotak/UPI,641500063409,340.63,,42550.47
28-Apr-2026,UPI/DR/211432114230/MakeMyTrip/ICICI/makemytrip@axisbank/UPI,411958272388,949.00,,41601.47
30-Apr-2026,POS BRAND FACTORY GURGAON,284316746739,"2,950.56",,38650.91
30-Apr-2026,UPI/DR/606086439627/Amazon/ICICI/amazon@apl/UPI,921625346496,150.00,,38500.91
01-May-2026,UPI/CR/140386600975/Lalit/BARB/lalittiwa52@ptaxis/UPI,703567533917,,"18,850.80",57351.71
01-May-2026,UPI/CR/283997821576/Ramesh/UTIB/ramesh136@pthdfc/UPI,079105699230,,"6,700.35",64052.06
01-May-2026,POS MAX FASHION GURGAON,726883710182,"1,150.87",,62901.19
01-May-2026,UPI/DR/679833654670/Ola/PAYTM/olamoney@ola/UPI,593740701485,390.66,,62510.53
01-May-2026,UPI/DR/322341732239/Meesho/PAYTM/meesho@ybl/UPI,266899533513,"1,400.88",,61109.65
01-May-2026,UPI/DR/470328147055/Dunzo/ICICI/dunzo@razorpay/UPI,349483380312,"1,580.67",,59528.98
01-May-2026,UPI/DR/050504686221/Swiggy/ICICI/swiggy@icici/UPI,988750558745,"2,730.14",,56798.84
01-May-2026,UPI/CR/121184003984/Mahesh/PUNB/2214336373@axl/UPI,704597351563,,"19,200.80",75999.64
02-May-2026,UPI/DR/596355998844/Flipkart/ICICI/flipkart@ybl/UPI,650514499835,"1,350.49",,74649.15
02-May-2026,ATM CASH WITHDRAWAL/85023/GURGAON,556495086119,"6,500.00",,68149.15
02-May-2026,UPI/DR/537276535149/Flipkart/ICICI/flipkart@ybl/UPI,504834820097,540.05,,67609.10
02-May-2026,UPI/CR/664004894357/Deepa/SBIN/deepa157@oksbi/UPI,640301632868,,"20,950.46",88559.56
02-May-2026,UPI/CR/009792574735/Amit/BKID/amit696@okhdfcbank/UPI,171806091004,,"17,850.46",106410.02
03-May-2026,UPI/DR/372409342443/Mohan/PUNB/8096554112@okhdfcbank/UPI,633450043031,"20,250.59",,86159.43
03-May-2026,UPI/DR/171525728107/Dunzo/ICICI/dunzo@razorpay/UPI,714598242730,"2,060.50",,84098.93
03-May-2026,POS D MART GURGAON,368946596419,"7,150.29",,76948.64
04-May-2026,UPI/DR/123138304441/Rapido/PAYTM/rapido@icici/UPI,608275015643,80.57,,76868.07
05-May-2026,UPI/DR/573115758196/Uber/PAYTM/uber@paytm/UPI,566826051438,510.41,,76357.66
06-May-2026,UPI/DR/960491784287/Varun/UCBA/varuntiwa45@apl/UPI,742862984102,"11,600.08",,64757.58
06-May-2026,UPI/DR/190602505555/Myntra/PAYTM/myntra@ybl/UPI,087108811822,"4,000.94",,60756.64
06-May-2026,UPI/DR/343527001903/Bajaj/LICI/licindia@licindia/UPI,082751207598,"5,600.00",,55156.64
07-May-2026,ATM CASH WITHDRAWAL/19268/GURGAON,913792105285,"3,500.00",,51656.64
07-May-2026,SALARY CREDIT/S9553590939956/Blue Dart Express Ltd,930773022828,,"59,442.67",111099.31
09-May-2026,UPI/DR/558052675108/Jio/PAYTM/vi@airtelaxis/UPI,767906719117,239.00,,110860.31
09-May-2026,POS RELIANCE PETROLEUM GURGAON,319933208955,"3,650.67",,107209.64
