Bank Name,THE FEDERAL BANK LIMITED
Account Number,06555427844681
Account Holder Name,ASHA SRIVASTAVA
Branch,KAROL BAGH
IFSC Code,FDRL0605335
Statement Period,01-12-2024 To 08-05-2026

Date,Description,Ref/ChequeNo,Debit,Credit,Balance
01-12-2024,UPI/DR/465895123847/PhonePe/ICICI/phonepe@ybl/UPI,763334986497,960.68,,1172775.19
02-12-2024,ATM CASH WITHDRAWAL/19228/COIMBATORE,558552783656,"6,000.00",,1166775.19
02-12-2024,UPI/DR/994370118620/Zepto/ICICI/zepto@apl/UPI,690449335337,610.43,,1166164.76
02-12-2024,POS SHELL FUEL STATION COIMBATO,469263316306,"2,550.66",,1163614.10
03-12-2024,UPI/DR/603683420442/Uber/PAYTM/uber@paytm/UPI,599802003478,160.77,,1163453.33
03-12-2024,UPI/DR/192613050745/Naveen/UTIB/naveen851@ptaxis/UPI,711145249862,"12,900.98",,1150552.35
04-12-2024,UPI/DR/455759465598/Vi/PAYTM/jio@paytm/UPI,405956370847,919.00,,1149633.35
05-12-2024,UPI/DR/545194339506/Vi/PAYTM/jio@paytm/UPI,139461758567,329.00,,1149304.35
05-12-2024,UPI/DR/347358543573/Uber/ICICI/uber@paytm/UPI,865556477624,"2,550.11",,1146754.24
05-12-2024,UPI/DR/488608672459/Naveen/HDFC/naveen574@ibl/UPI,219101440927,"13,750.62",,1133003.62
06-12-2024,UPI/DR/116732867162/Meesho/PAYTM/meesho@ybl/UPI,777320818261,900.60,,1132103.02
06-12-2024,SALARY CREDIT/S8135761970013/Accenture India Pvt Ltd,010449384770,,"89,758.89",1221861.91
06-12-2024,ATM CASH WITHDRAWAL/03083/COIMBATORE,754598214975,"4,000.00",,1217861.91
07-12-2024,UPI/DR/346846875927/Swiggy/ICICI/swiggy@icici/UPI,594767654900,"1,720.87",,1216141.04
07-12-2024,UPI/CR/803649430775/Archana/SBIN/7695304138@oksbi/UPI,575596081924,,"7,500.48",1223641.52
08-12-2024,POS METRO CASH CARRY COIMBATORE,731938398311,"1,500.38",,1222141.14
08-12-2024,UPI/DR/986664514503/Zepto/ICICI/zepto@apl/UPI,549739576619,"1,700.86",,1220440.28
09-12-2024,UPI/DR/313129662273/Rohit/KKBK/rohit870@pthdfc/UPI,114393135118,"17,850.70",,1202589.58
09-12-2024,ATM CASH WITHDRAWAL/20207/COIMBATORE,163633467283,"8,500.00",,1194089.58
09-12-2024,NACH/MANDATE/RNT4467754/RENT MANDATE,306758743088,"7,000.00",,1187089.58
10-12-2024,UPI/DR/762746639005/Rapido/PAYTM/rapido@icici/UPI,749673245311,320.27,,1186769.31
10-12-2024,UPI/CR/956515029673/Varsha/UTIB/varshashar66@ybl/UPI,108237561013,,"13,400.70",1200170.01
10-12-2024,UPI/DR/798426463232/Ritu/BARB/ritu911@aubank/UPI,759429548829,"1,700.18",,1198469.83
11-12-2024,UPI/DR/522264691748/Indane/ICICI/indanegas@upi/UPI,197749736702,"1,650.18",,1196819.65
11-12-2024,UPI/CR/236262950565/Divya/FDRL/0638060089@ybl/UPI,230816002773,,"10,150.95",1206970.60
11-12-2024,UPI/CR/786370362212/Asha/KKBK/asha.patil@paytm/UPI,929297573185,,"15,200.40",1222171.00
11-12-2024,UPI/DR/624310647860/Zepto/ICICI/zepto@apl/UPI,567265961557,"1,740.53",,1220430.47
12-12-2024,UPI/DR/063530983231/Seema/UCBA/seema.thapar@axl/UPI,255768069198,"16,800.72",,1203629.75
13-12-2024,NACH/MANDATE/LN384952817956/SBI Home Loans,907853630788,"15,000.00",,1188629.75
13-12-2024,UPI/CR/761195207167/Sunita/UCBA/sunita276@apl/UPI,131463019989,,"20,950.75",1209580.50
13-12-2024,UPI/DR/105231194531/Vi/PAYTM/jio@paytm/UPI,265029716003,499.00,,1209081.50
13-12-2024,UPI/CR/761064591090/Sangita/HDFC/sangitapate65@aubank/UPI,941903190894,,"14,450.30",1223531.80
13-12-2024,UPI/DR/715926962259/Ola/PAYTM/olamoney@ola/UPI,034053730279,180.21,,1223351.59
13-12-2024,UPI/DR/317521046261/Max/LICI/licindia@licindia/UPI,868521816515,"5,500.00",,1217851.59
15-12-2024,UPI/DR/189025470652/IRCTC/ICICI/irctc@upi/UPI,197927033545,549.00,,1217302.59
15-12-2024,UPI/DR/174021488002/TSSPDCL/UPIN/tsspdclpayment@upi/UPI,434453781032,"1,800.56",,1215502.03
16-12-2024,UPI/DR/315678082462/Ola/PAYTM/olamoney@ola/UPI,617897735653,110.67,,1215391.36
16-12-2024,UPI/DR/111462900883/Rani/SBIN/rani.naik@kotak/UPI,821736511893,"12,500.63",,1202890.73
17-12-2024,UPI/DR/155072268986/Sanjay/UCBA/sanjaynamb87@kotak/UPI,956149758079,"1,400.31",,1201490.42
17-12-2024,UPI/DR/033122422644/Zepto/ICICI/zepto@apl/UPI,033932840722,"1,750.48",,1199739.94
18-12-2024,ATM CASH WITHDRAWAL/51394/COIMBATORE,985920682503,"2,500.00",,1197239.94
18-12-2024,UPI/DR/883010141990/PhonePe/ICICI/phonepe@ybl/UPI,470025937862,"1,720.40",,1195519.54
18-12-2024,UPI/DR/200347273724/Vi/PAYTM/jio@paytm/UPI,035167832105,469.00,,1195050.54
18-12-2024,UPI/DR/707913387489/BSNL/ICICI/bsnlbroadband@upi/UPI,077013055778,"2,260.11",,1192790.43
19-12-2024,UPI/CR/036825303134/Sachin/HDFC/sachin.chatterjee@oksbi/UPI,792490418767,,"6,950.72",1199741.15
19-12-2024,POS D MART COIMBATORE,994537216888,"8,100.87",,1191640.28
19-12-2024,ATM CASH WITHDRAWAL/12633/COIMBATORE,865702570106,"8,500.00",,1183140.28
20-12-2024,UPI/DR/676312338794/ACT/RAZORPAY/broadband@paytm/UPI,508498789470,"1,249.00",,1181891.28
21-12-2024,UPI/DR/481127449421/Paytm/ICICI/paytm@paytm/UPI,463936869801,"2,620.32",,1179270.96
21-12-2024,UPI/DR/666095492090/Sangita/SBIN/sangitabaja38@ptsbi/UPI,848898006915,"5,350.02",,1173920.94
21-12-2024,IMPS/P2M/467421600355//Nisha Verma/UTIB,453708154056,"9,300.99",,1164619.95
22-12-2024,UPI/DR/859856771552/Jio/ICICI/jio@paytm/UPI,296914598245,"2,300.53",,1162319.42
23-12-2024,POS METRO CASH CARRY COIMBATORE,682240634703,"3,050.44",,1159268.98
23-12-2024,UPI/DR/936849451829/Himanshu/SBIN/1196528779@oksbi/UPI,888448973365,"11,100.87",,1148168.11
23-12-2024,UPI/DR/169852624151/Maya/PUNB/7721829832@ybl/UPI,146933418091,"6,450.53",,1141717.58
24-12-2024,POS BHARAT PETROLEUM COIMBATO,683722800917,"1,250.64",,1140466.94
24-12-2024,UPI/DR/099350671928/Amazon/ICICI/amazon@apl/UPI,994229200026,"2,210.57",,1138256.37
25-12-2024,UPI/DR/605809534863/Rakesh/UCBA/4481516434@okhdfcbank/UPI,338425303014,"2,200.91",,1136055.46
25-12-2024,UPI/DR/128444089555/Nisha/PUNB/nisha413@okaxis/UPI,565866360467,"13,050.28",,1123005.18
26-12-2024,INTEREST CREDIT,351036729922,,350.72,1123355.90
27-12-2024,UPI/DR/485386934513/Sushma/UTIB/sushma.shukla@apl/UPI,042445813138,"12,200.53",,1111155.37
27-12-2024,UPI/DR/960170314529/Ola/PAYTM/olamoney@ola/UPI,469911425373,800.08,,1110355.29
27-12-2024,POS PANTALOONS COIMBATORE,319010462836,"4,700.79",,1105654.50
28-12-2024,UPI/DR/602743835602/Vi/PAYTM/jio@paytm/UPI,676017522785,239.00,,1105415.50
28-12-2024,UPI/DR/226175097799/Myntra/ICICI/myntra@ybl/UPI,084117582510,699.00,,1104716.50
29-12-2024,UPI/DR/497213026383/Ola/ICICI/olamoney@ola/UPI,968058763299,"1,530.75",,1103185.75
29-12-2024,UPI/CR/135707135617/Deepa/KKBK/deepabaja15@upi/UPI,320667164697,,"4,100.72",1107286.47
30-12-2024,POS BIG BAZAAR COIMBATORE,239423183574,"6,600.02",,1100686.45
02-01-2025,UPI/DR/889385915001/BigBasket/ICICI/bigbasket@ybl/UPI,188911774541,"1,770.61",,1098915.84
02-01-2025,UPI/DR/775709022362/Vi/PAYTM/jio@paytm/UPI,181429930856,919.00,,1097996.84
03-01-2025,UPI/CR/194150932603/Nikhil/BKID/nikhil.naik@pthdfc/UPI,851404873968,,"1,900.47",1099897.31
03-01-2025,IMPS/P2M/667849917365//Rohit Roy/KKBK,978851761992,"24,600.88",,1075296.43
04-01-2025,UPI/CR/673921163513/Kavya/BARB/kavya.ghosh@ptaxis/UPI,515653558694,,"17,150.70",1092447.13
05-01-2025,SALARY CREDIT/S7478504577875/Accenture India Pvt Ltd,947529035021,,"90,293.89",1182741.02
05-01-2025,UPI/DR/789253650481/Vi/PAYTM/jio@paytm/UPI,942537296434,299.00,,1182442.02
06-01-2025,UPI/DR/468953826111/Uber/PAYTM/uber@paytm/UPI,526446535833,840.45,,1181601.57
06-01-2025,UPI/CR/763595924860/Ravi/UTIB/6343088521@ybl/UPI,709469151777,,"16,200.93",1197802.50
06-01-2025,POS RELIANCE PETROLEUM COIMBATO,006851800647,"3,400.61",,1194401.89
06-01-2025,UPI/DR/349781466451/Flipkart/PAYTM/flipkart@ybl/UPI,079559745175,750.18,,1193651.71
06-01-2025,UPI/CR/584576880737/Mohit/UTIB/2624103594@ptaxis/UPI,294741406427,,"7,550.60",1201202.31
06-01-2025,UPI/DR/197917690315/Kapil/FDRL/kapil.thapar@ptsbi/UPI,477179295985,"21,650.83",,1179551.48
06-01-2025,UPI/CR/116732393603/Gaurav/UTIB/gaurav.sen@okaxis/UPI,277958807708,,"14,200.91",1193752.39
07-01-2025,UPI/DR/000302288370/Zepto/ICICI/zepto@apl/UPI,757101815489,"1,540.58",,1192211.81
08-01-2025,NACH/MANDATE/RNT5044163/RENT MANDATE,961167934755,"7,000.00",,1185211.81
08-01-2025,POS D MART COIMBATORE,953788786953,"2,550.81",,1182661.00
08-01-2025,UPI/DR/409709871504/Uber/ICICI/uber@paytm/UPI,199621570641,"1,370.59",,1181290.41
08-01-2025,UPI/DR/754737848992/Rapido/PAYTM/rapido@icici/UPI,475699038354,120.48,,1181169.93
09-01-2025,UPI/DR/306055566088/Vi/PAYTM/jio@paytm/UPI,121083353485,959.00,,1180210.93
10-01-2025,UPI/CR/604151510343/Vikas/UCBA/vikas.chopra@ptaxis/UPI,304432879675,,"19,650.32",1199861.25
10-01-2025,UPI/DR/409710153161/Zepto/ICICI/zepto@apl/UPI,111902516958,"1,290.94",,1198570.31
10-01-2025,ATM CASH WITHDRAWAL/91357/COIMBATORE,410712993292,"8,500.00",,1190070.31
11-01-2025,UPI/DR/785740504131/Vi/PAYTM/jio@paytm/UPI,061461751544,649.00,,1189421.31
12-01-2025,UPI/DR/431159025510/Practo/ICICI/practo@paytm/UPI,767589556346,249.00,,1189172.31
12-01-2025,NACH/MANDATE/LN384952817956/SBI Home Loans,255771952538,"15,000.00",,1174172.31
12-01-2025,UPI/DR/702956616044/Vi/PAYTM/jio@paytm/UPI,311205334420,249.00,,1173923.31
13-01-2025,ATM CASH WITHDRAWAL/73652/COIMBATORE,692530384743,"2,000.00",,1171923.31
13-01-2025,ATM CASH WITHDRAWAL/57836/COIMBATORE,091252539881,"8,000.00",,1163923.31
14-01-2025,UPI/DR/167968332264/Naresh/FDRL/nareshkapo49@ptaxis/UPI,414887195746,"9,300.57",,1154622.74
15-01-2025,ATM CASH WITHDRAWAL/33145/COIMBATORE,946590815454,"7,000.00",,1147622.74
15-01-2025,UPI/DR/028379300492/BigBasket/ICICI/bigbasket@ybl/UPI,839316453231,540.48,,1147082.26
16-01-2025,UPI/DR/458707793353/TSSPDCL/UPIN/tsspdclpayment@upi/UPI,086458587757,"2,850.35",,1144231.91
17-01-2025,UPI/DR/679335268827/Indane/ICICI/indanegas@upi/UPI,996331949728,"2,050.13",,1142181.78
17-01-2025,UPI/DR/669465246129/BSNL/ICICI/bsnlbroadband@upi/UPI,549832664994,870.28,,1141311.50
18-01-2025,UPI/DR/433538403519/BSNL/ICICI/bsnlbroadband@upi/UPI,702233015640,"1,920.77",,1139390.73
19-01-2025,UPI/CR/733133986097/Naresh/BKID/9591850865@okaxis/UPI,476630683399,,"16,650.73",1156041.46
20-01-2025,UPI/CR/314486539212/Ravi/KKBK/8831012174@ptsbi/UPI,417488303841,,"17,650.28",1173691.74
20-01-2025,UPI/DR/516023824856/Netmeds/ICICI/netmeds@paytm/UPI,760981319570,"2,950.48",,1170741.26
20-01-2025,UPI/DR/982005415587/Manish/UCBA/4423133680@ptyes/UPI,124433462786,"7,550.54",,1163190.72
22-01-2025,UPI/DR/009747104383/Rahul/UCBA/rahul.tiwari@okicici/UPI,661067446006,"21,650.76",,1141539.96
22-01-2025,ATM CASH WITHDRAWAL/16931/COIMBATORE,553971111897,"3,000.00",,1138539.96
22-01-2025,UPI/CR/518325015771/Sangita/BARB/2210551790@oksbi/UPI,022122658186,,"20,600.28",1159140.24
22-01-2025,UPI/DR/033573775232/Rapido/PAYTM/rapido@icici/UPI,783460148260,230.66,,1158909.58
23-01-2025,UPI/DR/339227480088/BSNL/ICICI/bsnlbroadband@upi/UPI,304306208847,"2,550.35",,1156359.23
23-01-2025,UPI/CR/533997665545/Arjun/FDRL/arjunroy27@axl/UPI,536054969533,,"12,450.40",1168809.63
24-01-2025,POS RELIANCE PETROLEUM COIMBATO,601246275112,"3,900.34",,1164909.29
25-01-2025,UPI/CR/949315429256/Saurabh/BDBL/saurabhdesa14@okaxis/UPI,929444509495,,"20,200.95",1185110.24
26-01-2025,POS V MART COIMBATORE,449282106430,"6,400.43",,1178709.81
26-01-2025,UPI/DR/647077484202/Flipkart/ICICI/flipkart@ybl/UPI,022561257705,480.07,,1178229.74
27-01-2025,UPI/DR/288469890433/Uber/PAYTM/uber@paytm/UPI,096958290115,150.10,,1178079.64
27-01-2025,UPI/DR/783828084620/Amazon/PAYTM/amazon@apl/UPI,363915501173,"1,500.25",,1176579.39
28-01-2025,UPI/DR/243554162314/Meesho/PAYTM/meesho@ybl/UPI,009732711545,"2,650.20",,1173929.19
28-01-2025,UPI/DR/939519659103/Rani/BARB/rani273@ibl/UPI,612331557548,"13,300.24",,1160628.95
30-01-2025,UPI/CR/696843272230/Shivam/BARB/shivam510@ptyes/UPI,865294417291,,"11,600.76",1172229.71
31-01-2025,POS RELIANCE MART COIMBATORE,897682400021,"5,850.04",,1166379.67
31-01-2025,UPI/DR/609693795993/BigBasket/ICICI/bigbasket@ybl/UPI,528423357359,220.18,,1166159.49
31-01-2025,UPI/DR/795288018780/Swiggy/ICICI/swiggy@icici/UPI,301117916923,"2,190.00",,1163969.49
01-02-2025,POS INDIAN OIL COIMBATO,298519430833,"3,300.55",,1160668.94
01-02-2025,UPI/DR/469951006631/BSNL/ICICI/bsnlbroadband@upi/UPI,553512831915,"2,170.17",,1158498.77
01-02-2025,UPI/DR/607540299213/Ola/PAYTM/olamoney@ola/UPI,163980276966,670.93,,1157827.84
01-02-2025,UPI/DR/097740802850/BSNL/ICICI/bsnlbroadband@upi/UPI,530431454723,280.01,,1157547.83
02-02-2025,UPI/CR/742790023170/Mukesh/BKID/mukeshrao43@aubank/UPI,082684702560,,"18,250.52",1175798.35
02-02-2025,UPI/CR/080987773075/Shreya/BARB/shreya.mishra@axl/UPI,335397003749,,"11,050.46",1186848.81
03-02-2025,UPI/DR/424838977222/BigBasket/ICICI/bigbasket@ybl/UPI,771379750997,430.49,,1186418.32
03-02-2025,UPI/DR/192605863412/Seema/FDRL/seemayada93@kotak/UPI,870949141156,"9,900.80",,1176517.52
04-02-2025,ATM CASH WITHDRAWAL/79995/COIMBATORE,311414250636,"8,000.00",,1168517.52
05-02-2025,ATM CASH WITHDRAWAL/82982/COIMBATORE,730500526554,"2,000.00",,1166517.52
05-02-2025,ATM CASH WITHDRAWAL/52828/COIMBATORE,886345202169,"4,500.00",,1162017.52
06-02-2025,POS SHELL FUEL STATION COIMBATO,118676331405,"2,200.92",,1159816.60
06-02-2025,UPI/DR/806137871192/Vi/PAYTM/jio@paytm/UPI,005174898086,819.00,,1158997.60
06-02-2025,POS MAX FASHION COIMBATORE,451270557871,"4,650.29",,1154347.31
06-02-2025,SALARY CREDIT/S1043440206929/Accenture India Pvt Ltd,728906837636,,"93,065.89",1247413.20
07-02-2025,UPI/DR/818638355601/BigBasket/ICICI/bigbasket@ybl/UPI,906209089435,"1,820.26",,1245592.94
07-02-2025,NACH/MANDATE/RNT0377441/RENT MANDATE,283336531674,"7,000.00",,1238592.94
08-02-2025,UPI/DR/119193773085/Sachin/UCBA/sachindutt94@pthdfc/UPI,855087967040,"7,600.74",,1230992.20
08-02-2025,UPI/CR/280976507933/Arun/BDBL/arun.singh@ptaxis/UPI,069390970377,,"4,500.63",1235492.83
08-02-2025,POS LIFESTYLE STORES COIMBATORE,831837802323,"1,100.25",,1234392.58
09-02-2025,UPI/CR/870529624897/Shivam/KKBK/shivamrao40@paytm/UPI,890477005731,,"1,100.33",1235492.91
09-02-2025,UPI/CR/850779980082/Preeti/UCBA/preeti.kapoor@apl/UPI,773608434049,,"13,750.25",1249243.16
09-02-2025,POS PANTALOONS COIMBATORE,183276721490,"4,900.30",,1244342.86
10-02-2025,UPI/DR/446220059208/Ola/PAYTM/olamoney@ola/UPI,633578420694,180.52,,1244162.34
11-02-2025,UPI/CR/970958452164/Mohit/PUNB/mohitnair33@axl/UPI,484118818281,,"12,050.09",1256212.43
11-02-2025,NACH/MANDATE/LN384952817956/SBI Home Loans,838923252126,"15,000.00",,1241212.43
12-02-2025,ATM CASH WITHDRAWAL/11231/COIMBATORE,175542268841,"3,500.00",,1237712.43
12-02-2025,UPI/DR/367432691558/Vi/PAYTM/jio@paytm/UPI,850007754563,879.00,,1236833.43
13-02-2025,UPI/DR/416639103770/Nykaa/PAYTM/nykaa@razorpay/UPI,565968419835,"2,550.89",,1234282.54
13-02-2025,UPI/DR/097434769189/Rekha/HDFC/rekha.thapar@upi/UPI,153874042718,"15,700.59",,1218581.95
13-02-2025,UPI/DR/011851241306/Rapido/PAYTM/rapido@icici/UPI,377842119545,510.95,,1218071.00
13-02-2025,POS BRAND FACTORY COIMBATORE,140297466913,"2,150.97",,1215920.03
15-02-2025,UPI/DR/240629574047/Vi/PAYTM/jio@paytm/UPI,254484602118,669.00,,1215251.03
16-02-2025,UPI/DR/775738775132/Amazon/PAYTM/amazon@apl/UPI,000475806357,"3,850.48",,1211400.55
16-02-2025,UPI/DR/227389471750/Blinkit/ICICI/blinkit@kotak/UPI,020171419119,"1,100.85",,1210299.70
16-02-2025,UPI/CR/554162563095/Himanshu/UTIB/0386832599@okaxis/UPI,025999803132,,"17,650.26",1227949.96
17-02-2025,UPI/DR/069520024343/Flipkart/PAYTM/flipkart@ybl/UPI,376154273205,"1,150.57",,1226799.39
17-02-2025,UPI/DR/932721818080/Rekha/FDRL/rekhachau20@pthdfc/UPI,122070178501,"15,900.55",,1210898.84
18-02-2025,UPI/DR/298022791895/Archana/HDFC/archana.mehta@ybl/UPI,390969214391,"19,000.21",,1191898.63
18-02-2025,UPI/DR/934346968294/TSSPDCL/UPIN/tsspdclpayment@upi/UPI,315096149746,"1,200.66",,1190697.97
19-02-2025,UPI/DR/846889205011/Ola/PAYTM/olamoney@ola/UPI,980559304066,500.70,,1190197.27
19-02-2025,UPI/DR/161850231665/Divya/HDFC/9942207749@apl/UPI,744398739752,"2,100.84",,1188096.43
19-02-2025,UPI/DR/933738843089/Indane/ICICI/indanegas@upi/UPI,816909631162,"2,550.01",,1185546.42
20-02-2025,NEFT/N6252479541636/Bajaj Auto Ltd,278209593740,,"26,000.20",1211546.62
20-02-2025,UPI/DR/468673747112/Vi/PAYTM/jio@paytm/UPI,288577700888,569.00,,1210977.62
21-02-2025,UPI/DR/818708011693/Prashant/UCBA/prashant.kapoor@okicici/UPI,024547769750,"16,950.63",,1194026.99
21-02-2025,POS HP PETROL PUMP COIMBATO,766740279711,"1,950.53",,1192076.46
22-02-2025,UPI/DR/600180114150/Ola/ICICI/olamoney@ola/UPI,309736050384,180.19,,1191896.27
22-02-2025,ATM CASH WITHDRAWAL/32482/COIMBATORE,517659303630,"1,000.00",,1190896.27
23-02-2025,UPI/DR/375967894095/Jio/ICICI/jio@paytm/UPI,093989435998,"1,880.32",,1189015.95
23-02-2025,UPI/CR/776522796051/Manoj/BDBL/manoj.bose@okicici/UPI,140098678782,,"15,550.03",1204565.98
25-02-2025,POS BRAND FACTORY COIMBATORE,013720370894,"2,450.61",,1202115.37
26-02-2025,UPI/DR/138218189036/Uber/ICICI/uber@paytm/UPI,247311285197,510.68,,1201604.69
26-02-2025,UPI/DR/787360512264/Preeti/HDFC/5058355482@kotak/UPI,197053601969,"7,400.00",,1194204.69
27-02-2025,UPI/CR/843139281726/Ankit/PUNB/3711514814@ybl/UPI,468105262237,,"8,650.19",1202854.88
27-02-2025,UPI/DR/644746965071/Paytm/ICICI/paytm@paytm/UPI,641153238154,500.49,,1202354.39
28-02-2025,RTGS/R42930926366/ASHISH MENON/BKID0967972,R42930926366,"266,000.20",,936354.19
28-02-2025,UPI/DR/139937265857/Uber/PAYTM/uber@paytm/UPI,326504771925,840.51,,935513.68
28-02-2025,UPI/DR/243543174178/Kavita/BDBL/7251687360@okaxis/UPI,483737515481,"14,350.01",,921163.67
01-03-2025,UPI/DR/380814168842/Apollo/ICICI/apollopharmacy@ybl/UPI,884916539699,"2,850.75",,918312.92
01-03-2025,UPI/CR/048274923743/Isha/BARB/isha615@okicici/UPI,937772779448,,"21,100.66",939413.58
01-03-2025,UPI/DR/346682949119/Kavya/HDFC/kavya.nair@axl/UPI,832304828719,"19,600.74",,919812.84
02-03-2025,TRANSACTION CHARGES,927956825231,50.00,,919762.84
02-03-2025,UPI/CR/600874703256/Gaurav/BARB/gauravghos53@oksbi/UPI,261806315736,,"20,250.77",940013.61
02-03-2025,GST ON CHARGES,230950855712,9.00,,940004.61
02-03-2025,UPI/CR/040131467199/Mohit/HDFC/mohit218@apl/UPI,993598488159,,"8,700.54",948705.15
03-03-2025,POS BIG BAZAAR COIMBATORE,186642402869,"7,700.79",,941004.36
03-03-2025,UPI/DR/069642008189/Zomato/ICICI/zomato@axisbank/UPI,549878348162,"1,210.89",,939793.47
03-03-2025,ATM CASH WITHDRAWAL/80651/COIMBATORE,280519306697,"9,000.00",,930793.47
03-03-2025,POS CENTRAL MALL COIMBATORE,379198439513,"2,600.83",,928192.64
03-03-2025,UPI/CR/181824729885/Deepak/FDRL/deepak333@okhdfcbank/UPI,985582884562,,"17,650.59",945843.23
03-03-2025,UPI/DR/536461832168/Swiggy/ICICI/swiggy@icici/UPI,227141914716,"1,430.62",,944412.61
03-03-2025,ATM CASH WITHDRAWAL/52169/COIMBATORE,688411704387,"4,500.00",,939912.61
05-03-2025,POS D MART COIMBATORE,817780484966,"5,950.63",,933961.98
05-03-2025,SALARY CREDIT/S2388694998432/Accenture India Pvt Ltd,185066438391,,"91,409.89",1025371.87
06-03-2025,UPI/DR/521554672180/Lalit/UTIB/lalitkhan72@ptyes/UPI,981584587363,"15,100.25",,1010271.62
07-03-2025,UPI/DR/756222874873/Uber/PAYTM/uber@paytm/UPI,819575472100,680.17,,1009591.45
07-03-2025,UPI/DR/808425339105/BigBasket/ICICI/bigbasket@ybl/UPI,122133934537,"1,980.87",,1007610.58
07-03-2025,NACH/MANDATE/LN384952817956/SBI Home Loans,454764233063,"15,000.00",,992610.58
08-03-2025,UPI/DR/961345442792/Max/LICI/licindia@licindia/UPI,776168462567,"5,500.00",,987110.58
08-03-2025,UPI/DR/039215009491/Rapido/PAYTM/rapido@icici/UPI,186228846373,470.75,,986639.83
08-03-2025,ATM CASH WITHDRAWAL/74460/COIMBATORE,301142216385,"6,500.00",,980139.83
09-03-2025,NEFT/N9104093225971/Madura Garments Pvt ,786208247678,,"37,500.53",1017640.36
10-03-2025,NACH/MANDATE/RNT8610433/RENT MANDATE,692906696782,"7,000.00",,1010640.36
10-03-2025,UPI/DR/729332704102/BigBasket/ICICI/bigbasket@ybl/UPI,242092567964,440.02,,1010200.34
10-03-2025,UPI/DR/978732552612/Rapido/PAYTM/rapido@icici/UPI,837152764238,450.80,,1009749.54
11-03-2025,UPI/DR/507607600258/Indane/ICICI/indanegas@upi/UPI,424297367523,"2,000.55",,1007748.99
11-03-2025,UPI/DR/687050162319/Anil/UCBA/anilagar13@ptaxis/UPI,221786741999,"11,350.26",,996398.73
11-03-2025,UPI/DR/707707829350/TSSPDCL/UPIN/tsspdclpayment@upi/UPI,499941366579,"3,550.71",,992848.02
12-03-2025,UPI/DR/488187653974/Rapido/PAYTM/rapido@icici/UPI,685844985484,350.99,,992497.03
12-03-2025,IMPS/P2M/717205862075//Lalit Chaudhary/SBIN,604735107302,"33,600.48",,958896.55
13-03-2025,UPI/DR/637023458063/Vandana/FDRL/vandana.dutta@upi/UPI,266499832268,"5,150.18",,953746.37
14-03-2025,UPI/DR/160001115134/Vi/PAYTM/jio@paytm/UPI,833551205677,379.00,,953367.37
14-03-2025,UPI/DR/974678785459/Vi/PAYTM/jio@paytm/UPI,836254957510,639.00,,952728.37
14-03-2025,UPI/CR/960174950978/Himanshu/UTIB/0500806019@ptyes/UPI,835640961936,,"9,600.41",962328.78
15-03-2025,UPI/CR/734866236622/Sneha/BKID/sneha.mehta@upi/UPI,174582866052,,"20,000.76",982329.54
16-03-2025,UPI/DR/056273206015/Blinkit/ICICI/blinkit@kotak/UPI,900940681140,"2,550.61",,979778.93
16-03-2025,POS SHELL FUEL STATION COIMBATO,524129113240,"1,800.63",,977978.30
16-03-2025,UPI/DR/540080186959/Maya/PUNB/maya.kapoor@paytm/UPI,288127852812,"19,600.53",,958377.77
17-03-2025,UPI/DR/260543187514/Krishna/UTIB/3741905185@ptaxis/UPI,758196799262,"4,500.42",,953877.35
17-03-2025,UPI/CR/637898928731/Prashant/BARB/prashantchop58@apl/UPI,519574595685,,"2,100.62",955977.97
18-03-2025,UPI/DR/279389362808/Uber/ICICI/uber@paytm/UPI,483674068775,"1,930.44",,954047.53
18-03-2025,UPI/CR/827243543847/Varsha/BDBL/varsha820@oksbi/UPI,382157310634,,"15,050.60",969098.13
18-03-2025,UPI/DR/591243671400/Myntra/PAYTM/myntra@ybl/UPI,883505088186,"5,600.88",,963497.25
18-03-2025,ATM CASH WITHDRAWAL/06351/COIMBATORE,269151119770,"6,500.00",,956997.25
20-03-2025,POS RELIANCE MART COIMBATORE,709043234777,"4,400.90",,952596.35
20-03-2025,POS HP PETROL PUMP COIMBATO,513801315399,"1,250.88",,951345.47
20-03-2025,IMPS/P2M/991356740789//Ajay Chopra/BDBL,531802524391,"22,700.92",,928644.55
20-03-2025,UPI/DR/169799687079/Ola/ICICI/olamoney@ola/UPI,525981650494,430.13,,928214.42
20-03-2025,UPI/DR/692151340030/Vi/PAYTM/jio@paytm/UPI,030329485809,689.00,,927525.42
23-03-2025,UPI/DR/095413255061/Deepak/UTIB/deepak506@oksbi/UPI,091287781196,"9,300.49",,918224.93
23-03-2025,UPI/DR/096996089595/ACT/RAZORPAY/broadband@paytm/UPI,276049868632,"1,299.00",,916925.93
24-03-2025,UPI/DR/054456541616/Vivek/FDRL/vivekmeht80@pthdfc/UPI,651711258599,"16,800.91",,900125.02
25-03-2025,UPI/DR/555147307192/Vi/PAYTM/jio@paytm/UPI,574207682732,559.00,,899566.02
26-03-2025,UPI/CR/477512810712/Rohit/KKBK/rohitbose91@ptaxis/UPI,104088478044,,"2,350.85",901916.87
26-03-2025,UPI/DR/425060184991/Ola/ICICI/olamoney@ola/UPI,615687072141,"1,880.65",,900036.22
26-03-2025,UPI/DR/872695044702/Amazon/PAYTM/amazon@apl/UPI,036269985138,"4,750.92",,895285.30
27-03-2025,ATM CASH WITHDRAWAL/80883/COIMBATORE,000207653938,"6,500.00",,888785.30
28-03-2025,INTEREST CREDIT,632084584652,,360.29,889145.59
28-03-2025,GST ON CHARGES,451289948667,45.00,,889100.59
28-03-2025,TRANSACTION CHARGES,841053032402,250.00,,888850.59
28-03-2025,UPI/DR/061509747142/Zepto/ICICI/zepto@apl/UPI,973634229591,580.29,,888270.30
29-03-2025,UPI/DR/796374563812/Paytm/ICICI/paytm@paytm/UPI,949604200061,990.46,,887279.84
30-03-2025,UPI/DR/735606653738/Swiggy/ICICI/swiggy@icici/UPI,302494410017,"1,590.68",,885689.16
31-03-2025,UPI/CR/431412523723/Babita/KKBK/babita.menon@paytm/UPI,425233755026,,"5,550.22",891239.38
31-03-2025,UPI/DR/577937581503/Zomato/ICICI/zomato@axisbank/UPI,782886321105,"2,180.27",,889059.11
01-04-2025,UPI/DR/575974130242/MedPlus/ICICI/medplus@icici/UPI,412947327286,"2,360.63",,886698.48
01-04-2025,POS LIFESTYLE STORES COIMBATORE,264900369792,"3,700.02",,882998.46
03-04-2025,UPI/DR/301768807770/Dunzo/ICICI/dunzo@razorpay/UPI,239960398124,"2,300.97",,880697.49
03-04-2025,UPI/CR/563586660737/Gaurav/BARB/gauravchop98@okhdfcbank/UPI,193916091218,,"9,050.44",889747.93
04-04-2025,SALARY CREDIT/S7359126134167/Accenture India Pvt Ltd,146489955501,,"90,528.89",980276.82
04-04-2025,UPI/DR/189566080782/Divya/PUNB/divya.sethi@okhdfcbank/UPI,364752855632,"20,600.09",,959676.73
04-04-2025,UPI/DR/978639876796/BSNL/ICICI/bsnlbroadband@upi/UPI,059377981066,"1,260.64",,958416.09
04-04-2025,UPI/DR/045874931202/Uber/ICICI/uber@paytm/UPI,068040167205,"1,300.42",,957115.67
05-04-2025,POS BIG BAZAAR COIMBATORE,806838273809,"5,150.19",,951965.48
05-04-2025,UPI/DR/264571823347/BSNL/ICICI/bsnlbroadband@upi/UPI,918916361815,"2,240.21",,949725.27
06-04-2025,UPI/DR/741775067525/Paytm/ICICI/paytm@paytm/UPI,197782670639,"2,130.46",,947594.81
06-04-2025,UPI/DR/417100460866/Gaurav/FDRL/7281572625@aubank/UPI,303814884417,"6,350.24",,941244.57
07-04-2025,NACH/MANDATE/RNT1612253/RENT MANDATE,966231644976,"7,000.00",,934244.57
08-04-2025,UPI/DR/525787474610/Asha/UCBA/8454241870@ptsbi/UPI,919125254460,"6,850.59",,927393.98
08-04-2025,UPI/DR/411885146907/Suresh/UCBA/sureshrao68@okicici/UPI,968298684213,"12,600.50",,914793.48
09-04-2025,NACH/MANDATE/LN384952817956/SBI Home Loans,496237350984,"15,000.00",,899793.48
09-04-2025,POS MORE SUPER MARKET COIMBATORE,151247371205,"2,350.50",,897442.98
09-04-2025,UPI/DR/234507522691/Naresh/BKID/1062541604@ptyes/UPI,508329346372,850.74,,896592.24
10-04-2025,UPI/CR/293449452952/Gopal/BKID/3475646921@kotak/UPI,071256430968,,"5,850.17",902442.41
10-04-2025,UPI/DR/416000021092/Vi/PAYTM/jio@paytm/UPI,239074449176,919.00,,901523.41
11-04-2025,UPI/DR/143287108818/Zepto/ICICI/zepto@apl/UPI,312701074706,"2,080.29",,899443.12
11-04-2025,UPI/DR/938896783500/Rohit/BKID/rohitpill67@pthdfc/UPI,887560928168,"4,500.72",,894942.40
11-04-2025,POS RELIANCE MART COIMBATORE,366052766756,"5,500.58",,889441.82
11-04-2025,UPI/DR/530990783191/Kunal/BKID/kunal564@aubank/UPI,808252503392,200.15,,889241.67
12-04-2025,UPI/CR/276300002526/Tarun/KKBK/tarunmeno29@ptaxis/UPI,661780408760,,"7,400.63",896642.30
12-04-2025,UPI/CR/919474061520/Rajesh/BKID/rajesh.chaudhary@okaxis/UPI,359653804589,,"20,550.06",917192.36
12-04-2025,UPI/DR/685575194666/Ola/PAYTM/olamoney@ola/UPI,229865139879,350.74,,916841.62
12-04-2025,ATM CASH WITHDRAWAL/05621/COIMBATORE,440886387105,"2,000.00",,914841.62
12-04-2025,UPI/DR/547423039964/Amazon/ICICI/amazon@apl/UPI,214498966786,"1,290.50",,913551.12
12-04-2025,UPI/DR/643327077974/ACT/RAZORPAY/broadband@paytm/UPI,209892109038,549.00,,913002.12
12-04-2025,UPI/CR/677743615712/Kamal/BKID/kamal748@ibl/UPI,345287470399,,"6,300.03",919302.15
13-04-2025,POS HP PETROL PUMP COIMBATO,394883733876,900.80,,918401.35
13-04-2025,POS PANTALOONS COIMBATORE,956825588857,"8,050.64",,910350.71
15-04-2025,UPI/DR/698543368812/Rapido/PAYTM/rapido@icici/UPI,012247376687,260.41,,910090.30
16-04-2025,UPI/DR/496974823931/BigBasket/ICICI/bigbasket@ybl/UPI,799342470345,"1,960.95",,908129.35
17-04-2025,POS CENTRAL MALL COIMBATORE,100946444716,"6,600.94",,901528.41
17-04-2025,UPI/CR/728822681492/Sachin/HDFC/sachin.patel@paytm/UPI,724854096156,,"1,450.93",902979.34
17-04-2025,UPI/DR/608666938117/Dunzo/ICICI/dunzo@razorpay/UPI,851684586232,"2,350.59",,900628.75
18-04-2025,UPI/DR/904840638546/Vi/PAYTM/jio@paytm/UPI,544425389961,769.00,,899859.75
19-04-2025,POS V MART COIMBATORE,708569780869,"4,200.98",,895658.77
20-04-2025,ATM CASH WITHDRAWAL/24996/COIMBATORE,775223566527,"6,000.00",,889658.77
20-04-2025,UPI/DR/321031595361/Ola/PAYTM/olamoney@ola/UPI,352083226903,80.31,,889578.46
20-04-2025,ATM CASH WITHDRAWAL/69357/COIMBATORE,666852273931,"6,000.00",,883578.46
22-04-2025,UPI/DR/783363893557/Vi/PAYTM/jio@paytm/UPI,286975256520,549.00,,883029.46
22-04-2025,ATM CASH WITHDRAWAL/18590/COIMBATORE,800180198545,"9,500.00",,873529.46
22-04-2025,UPI/DR/593066237135/TSSPDCL/UPIN/tsspdclpayment@upi/UPI,332763181462,"3,550.36",,869979.10
23-04-2025,UPI/DR/336971836109/Nykaa/PAYTM/nykaa@razorpay/UPI,067442659650,600.52,,869378.58
24-04-2025,UPI/DR/023887287228/Harish/BDBL/9043723396@pthdfc/UPI,821610485758,"3,800.24",,865578.34
25-04-2025,UPI/DR/425739422383/Swiggy/ICICI/swiggy@icici/UPI,387285614259,"1,440.91",,864137.43
26-04-2025,UPI/DR/676709167223/BSNL/ICICI/bsnlbroadband@upi/UPI,233762938999,800.66,,863336.77
26-04-2025,POS D MART COIMBATORE,106741215500,"2,000.90",,861335.87
26-04-2025,UPI/CR/596069981189/Manish/BARB/2571473164@pthdfc/UPI,795665358833,,"4,650.75",865986.62
26-04-2025,UPI/DR/555582292149/Indane/ICICI/indanegas@upi/UPI,074373039781,"2,650.05",,863336.57
27-04-2025,UPI/DR/184279784180/Amazon/PAYTM/amazon@apl/UPI,771544431078,"2,000.53",,861336.04
29-04-2025,UPI/DR/848426006686/Vi/PAYTM/jio@paytm/UPI,089912106671,849.00,,860487.04
29-04-2025,POS SHELL FUEL STATION COIMBATO,465103756898,"1,250.72",,859236.32
30-04-2025,UPI/DR/646990404942/Swiggy/ICICI/swiggy@icici/UPI,641747102990,"1,100.07",,858136.25
30-04-2025,TRANSACTION CHARGES,765596716649,190.00,,857946.25
30-04-2025,UPI/CR/907721528877/Kunal/UCBA/0857617363@apl/UPI,134088112368,,"17,950.61",875896.86
30-04-2025,GST ON CHARGES,855592664000,34.20,,875862.66
01-05-2025,UPI/DR/748862784304/Jio/ICICI/jio@paytm/UPI,931767451748,"2,000.20",,873862.46
01-05-2025,UPI/DR/898908460308/Zepto/ICICI/zepto@apl/UPI,307775628018,"2,030.69",,871831.77
01-05-2025,UPI/CR/075905221744/Sumit/BKID/0472122506@paytm/UPI,087201581775,,"20,250.15",892081.92
01-05-2025,UPI/DR/852090514021/Uber/ICICI/uber@paytm/UPI,699652070825,"2,370.38",,889711.54
01-05-2025,POS RELIANCE MART COIMBATORE,499462540949,"5,650.58",,884060.96
02-05-2025,UPI/DR/342641956067/Amazon/PAYTM/amazon@apl/UPI,431930486906,"2,050.33",,882010.63
02-05-2025,POS SHELL FUEL STATION COIMBATO,247182010821,"2,350.84",,879659.79
02-05-2025,POS BRAND FACTORY COIMBATORE,942521870249,"5,250.42",,874409.37
02-05-2025,UPI/DR/469121373946/Uber/ICICI/uber@paytm/UPI,776050285934,520.45,,873888.92
02-05-2025,UPI/CR/390758510470/Pallavi/KKBK/pallavi.singh@okicici/UPI,883646367752,,"15,250.47",889139.39
03-05-2025,UPI/DR/442853493196/Rapido/PAYTM/rapido@icici/UPI,700406655593,880.95,,888258.44
04-05-2025,UPI/DR/018985978358/Nykaa/PAYTM/nykaa@razorpay/UPI,281951604502,"2,100.46",,886157.98
06-05-2025,UPI/DR/619201868053/Dunzo/ICICI/dunzo@razorpay/UPI,899424595503,"2,260.44",,883897.54
06-05-2025,ATM CASH WITHDRAWAL/32105/COIMBATORE,622216000042,"9,000.00",,874897.54
07-05-2025,UPI/DR/503146529823/Rajesh/BDBL/rajeshverm13@kotak/UPI,585347053428,"20,050.98",,854846.56
07-05-2025,SALARY CREDIT/S8965491168067/Accenture India Pvt Ltd,013657474739,,"91,919.89",946766.45
07-05-2025,UPI/DR/960932536723/Sneha/HDFC/sneha.saxena@ptaxis/UPI,088517523502,"3,400.23",,943366.22
08-05-2025,POS BHARAT PETROLEUM COIMBATO,380117222247,"2,000.32",,941365.90
08-05-2025,UPI/DR/318828174806/Nikhil/KKBK/nikhil.srivastava@ybl/UPI,940092852197,"9,250.57",,932115.33
08-05-2025,UPI/DR/410586592130/Swiggy/ICICI/swiggy@icici/UPI,753077753807,430.21,,931685.12
10-05-2025,UPI/DR/536028269968/Jio/ICICI/jio@paytm/UPI,426644307537,"2,140.75",,929544.37
10-05-2025,POS CENTRAL MALL COIMBATORE,393804264636,"3,800.98",,925743.39
11-05-2025,NACH/MANDATE/RNT3005836/RENT MANDATE,389909718375,"7,000.00",,918743.39
12-05-2025,NACH/MANDATE/LN384952817956/SBI Home Loans,047578830893,"15,000.00",,903743.39
13-05-2025,UPI/DR/421218787265/Renu/SBIN/renu262@pthdfc/UPI,934461284817,"20,450.25",,883293.14
15-05-2025,UPI/DR/941057153924/ACT/RAZORPAY/broadband@paytm/UPI,804648606107,799.00,,882494.14
15-05-2025,UPI/DR/375656727225/IRCTC/ICICI/irctc@upi/UPI,557079009549,449.00,,882045.14
16-05-2025,UPI/DR/751850056165/Vi/PAYTM/jio@paytm/UPI,720154455090,519.00,,881526.14
16-05-2025,UPI/DR/292200985414/PhonePe/ICICI/phonepe@ybl/UPI,096412897386,"1,390.49",,880135.65
18-05-2025,UPI/CR/136745422671/Kavya/FDRL/kavya172@ybl/UPI,054988557481,,"20,100.76",900236.41
18-05-2025,UPI/DR/696722405818/Indane/ICICI/indanegas@upi/UPI,457769839777,"1,150.75",,899085.66
18-05-2025,POS RELIANCE PETROLEUM COIMBATO,796536288669,"4,050.05",,895035.61
19-05-2025,UPI/DR/504599686441/TSSPDCL/UPIN/tsspdclpayment@upi/UPI,675004988694,"4,150.99",,890884.62
19-05-2025,UPI/DR/989176502642/Vi/PAYTM/jio@paytm/UPI,773142375282,759.00,,890125.62
20-05-2025,UPI/CR/882505227970/Seema/BARB/seema.sharma@axl/UPI,998927751702,,"16,950.41",907076.03
20-05-2025,UPI/DR/961695530323/Ola/PAYTM/olamoney@ola/UPI,695714901115,820.74,,906255.29
22-05-2025,POS V MART COIMBATORE,437125805611,"4,950.62",,901304.67
22-05-2025,ATM CASH WITHDRAWAL/70898/COIMBATORE,775371784470,"9,500.00",,891804.67
22-05-2025,UPI/DR/201638411088/Vi/PAYTM/jio@paytm/UPI,705953223052,969.00,,890835.67
23-05-2025,UPI/DR/860699876592/Sarita/BKID/saritamish83@ptaxis/UPI,160659696440,100.52,,890735.15
23-05-2025,POS V MART COIMBATORE,984691707692,"1,400.50",,889334.65
25-05-2025,UPI/DR/339937622984/Ola/PAYTM/olamoney@ola/UPI,960044977630,710.47,,888624.18
25-05-2025,UPI/DR/241462992591/Nykaa/PAYTM/nykaa@razorpay/UPI,589066656099,"4,800.88",,883823.30
26-05-2025,UPI/DR/353285015289/Vi/PAYTM/jio@paytm/UPI,057429973435,529.00,,883294.30
26-05-2025,POS STAR BAZAAR COIMBATORE,137229564779,"7,900.44",,875393.86
26-05-2025,UPI/DR/767660973943/Uber/ICICI/uber@paytm/UPI,205779161817,"1,450.08",,873943.78
27-05-2025,ATM CASH WITHDRAWAL/21105/COIMBATORE,481483508745,"5,000.00",,868943.78
27-05-2025,UPI/DR/805339691585/Ankit/BKID/ankitpand25@axl/UPI,455074843912,"17,000.97",,851942.81
28-05-2025,UPI/DR/461918890504/Siddharth/BARB/1539687655@ptsbi/UPI,549578157554,"18,250.47",,833692.34
30-05-2025,POS STAR BAZAAR COIMBATORE,189428157048,"8,300.91",,825391.43
30-05-2025,UPI/CR/774040784109/Deepak/FDRL/deepak179@apl/UPI,865949897877,,"11,350.80",836742.23
30-05-2025,UPI/DR/116821436466/Dunzo/ICICI/dunzo@razorpay/UPI,240723391786,"1,540.29",,835201.94
31-05-2025,UPI/DR/797175927200/Blinkit/ICICI/blinkit@kotak/UPI,586591068691,"1,520.26",,833681.68
31-05-2025,TRANSACTION CHARGES,867116944995,460.00,,833221.68
31-05-2025,UPI/DR/858227862981/Suresh/FDRL/suresh.dubey@aubank/UPI,721646184937,"1,200.12",,832021.56
31-05-2025,GST ON CHARGES,761456073401,82.80,,831938.76
01-06-2025,UPI/DR/265599170336/Ola/ICICI/olamoney@ola/UPI,845316111548,550.53,,831388.23
01-06-2025,ATM CASH WITHDRAWAL/80134/COIMBATORE,124944569460,"7,000.00",,824388.23
02-06-2025,UPI/CR/679593987003/Kunal/UCBA/kunal.jain@okhdfcbank/UPI,846987578639,,350.12,824738.35
02-06-2025,UPI/DR/505079774943/Blinkit/ICICI/blinkit@kotak/UPI,508259904105,"2,250.03",,822488.32
02-06-2025,POS MAX FASHION COIMBATORE,316415494986,"2,800.24",,819688.08
03-06-2025,UPI/CR/352727300186/Harish/BKID/harish.kapoor@ptaxis/UPI,870549475647,,"8,300.66",827988.74
04-06-2025,UPI/DR/881869720145/Vivek/BARB/vivek592@kotak/UPI,661313859671,"16,750.09",,811238.65
04-06-2025,UPI/DR/654666402652/Vi/PAYTM/jio@paytm/UPI,680666784671,679.00,,810559.65
04-06-2025,UPI/DR/225501742008/Uber/ICICI/uber@paytm/UPI,663060860030,990.32,,809569.33
04-06-2025,UPI/DR/886361744956/Paytm/ICICI/paytm@paytm/UPI,442072614821,"2,200.34",,807368.99
04-06-2025,UPI/DR/548213666393/Prashant/FDRL/prashantkulk97@ptsbi/UPI,347114225358,"9,400.46",,797968.53
05-06-2025,UPI/DR/746688730948/Zepto/ICICI/zepto@apl/UPI,276771091208,820.98,,797147.55
06-06-2025,UPI/DR/384522537848/Uber/PAYTM/uber@paytm/UPI,876689251568,80.85,,797066.70
06-06-2025,ATM CASH WITHDRAWAL/68400/COIMBATORE,548379334559,"6,500.00",,790566.70
06-06-2025,UPI/DR/857333389521/Flipkart/ICICI/flipkart@ybl/UPI,517495174933,"1,080.76",,789485.94
07-06-2025,POS BHARAT PETROLEUM COIMBATO,955414306092,"4,050.38",,785435.56
07-06-2025,SALARY CREDIT/S8538386885867/Accenture India Pvt Ltd,740752268186,,"91,194.89",876630.45
07-06-2025,UPI/DR/101764765441/Vi/PAYTM/jio@paytm/UPI,546167582894,879.00,,875751.45
07-06-2025,UPI/DR/079071978540/Max/LICI/licindia@licindia/UPI,856723741163,"5,500.00",,870251.45
08-06-2025,UPI/DR/222224621479/Rapido/PAYTM/rapido@icici/UPI,333857121508,340.79,,869910.66
08-06-2025,UPI/CR/808287350042/Manoj/PUNB/manojmeht66@ybl/UPI,402518176875,,"1,200.77",871111.43
08-06-2025,UPI/DR/414538938443/Blinkit/ICICI/blinkit@kotak/UPI,062588903409,470.61,,870640.82
08-06-2025,IMPS/P2M/306207476357//Deepa Srivastava/PUNB,557287929144,"18,600.06",,852040.76
09-06-2025,UPI/DR/702115289226/Vikas/FDRL/vikaskhan97@oksbi/UPI,524381611445,"12,150.13",,839890.63
09-06-2025,UPI/DR/349414804220/Vi/PAYTM/jio@paytm/UPI,630975542402,569.00,,839321.63
09-06-2025,NACH/MANDATE/RNT1127260/RENT MANDATE,177427802694,"7,000.00",,832321.63
10-06-2025,UPI/DR/036182400047/BSNL/ICICI/bsnlbroadband@upi/UPI,911494599198,570.34,,831751.29
11-06-2025,POS VISHAL MEGA MART COIMBATORE,937765295965,"5,550.52",,826200.77
11-06-2025,NACH/MANDATE/LN384952817956/SBI Home Loans,564693959948,"15,000.00",,811200.77
11-06-2025,UPI/DR/479232547031/Vijay/BKID/vijay356@ptaxis/UPI,663177266485,"18,350.79",,792849.98
11-06-2025,UPI/DR/810807356465/Sapna/HDFC/sapnachat75@ptyes/UPI,421245402433,"8,400.17",,784449.81
11-06-2025,UPI/DR/901696387458/Paytm/ICICI/paytm@paytm/UPI,188216455233,"2,260.24",,782189.57
11-06-2025,POS LIFESTYLE STORES COIMBATORE,812208120914,"5,800.58",,776388.99
11-06-2025,UPI/DR/959796783720/Jyoti/SBIN/jyoti.ghosh@okaxis/UPI,390033658447,"17,850.81",,758538.18
12-06-2025,UPI/DR/733905463578/Vi/PAYTM/jio@paytm/UPI,553303901102,349.00,,758189.18
13-06-2025,UPI/DR/924608141505/BSNL/ICICI/bsnlbroadband@upi/UPI,178177107402,570.93,,757618.25
14-06-2025,POS SHOPPERS STOP COIMBATORE,506054840321,"4,250.50",,753367.75
14-06-2025,UPI/DR/095175162059/Deepa/BKID/0153290351@apl/UPI,763943560975,"19,500.61",,733867.14
14-06-2025,UPI/DR/841076903296/Myntra/ICICI/myntra@ybl/UPI,150577293400,449.00,,733418.14
15-06-2025,UPI/DR/999438567951/MedPlus/ICICI/medplus@icici/UPI,643966490280,"2,470.27",,730947.87
15-06-2025,UPI/DR/051030702381/MakeMyTrip/ICICI/makemytrip@axisbank/UPI,576231869779,649.00,,730298.87
15-06-2025,UPI/DR/676284671610/TSSPDCL/UPIN/tsspdclpayment@upi/UPI,507678689559,"3,750.52",,726548.35
15-06-2025,UPI/DR/851765470514/Ramesh/FDRL/ramesh.joshi@okicici/UPI,253222094866,"13,400.03",,713148.32
15-06-2025,POS BHARAT PETROLEUM COIMBATO,121433486107,"2,550.20",,710598.12
15-06-2025,UPI/DR/167087897420/BigBasket/ICICI/bigbasket@ybl/UPI,612239455086,"1,650.78",,708947.34
15-06-2025,UPI/DR/916312840469/Neha/UCBA/neha.mishra@ptsbi/UPI,176585928892,"17,950.03",,690997.31
15-06-2025,UPI/DR/422225309431/Vi/PAYTM/jio@paytm/UPI,551460750210,579.00,,690418.31
16-06-2025,ATM CASH WITHDRAWAL/25348/COIMBATORE,483962858039,"2,500.00",,687918.31
16-06-2025,UPI/DR/003862346703/Nykaa/PAYTM/nykaa@razorpay/UPI,800755734966,"5,400.73",,682517.58
17-06-2025,UPI/DR/690128207999/Meesho/PAYTM/meesho@ybl/UPI,290187125828,"3,050.11",,679467.47
18-06-2025,UPI/DR/178456789507/BSNL/ICICI/bsnlbroadband@upi/UPI,623199939437,"1,770.38",,677697.09
18-06-2025,UPI/DR/328520685850/Uber/ICICI/uber@paytm/UPI,222207759281,"2,740.52",,674956.57
18-06-2025,UPI/DR/943433336391/BigBasket/ICICI/bigbasket@ybl/UPI,716841757657,"1,700.71",,673255.86
19-06-2025,UPI/DR/642851675903/BSNL/ICICI/bsnlbroadband@upi/UPI,063678729667,"1,620.10",,671635.76
20-06-2025,UPI/DR/034898998968/Ravi/BKID/ravidutt88@paytm/UPI,494966947310,"10,600.40",,661035.36
20-06-2025,UPI/DR/263699330981/Ola/PAYTM/olamoney@ola/UPI,661984348748,730.54,,660304.82
20-06-2025,UPI/DR/862636215660/Uber/PAYTM/uber@paytm/UPI,469922694321,210.95,,660093.87
20-06-2025,UPI/DR/342753972479/Ravi/HDFC/ravibane19@ibl/UPI,692425169143,"18,300.66",,641793.21
20-06-2025,UPI/CR/537224846141/Himanshu/BARB/himanshu.malhotra@ibl/UPI,039704185216,,"14,950.54",656743.75
20-06-2025,POS CENTRAL MALL COIMBATORE,255968865826,"8,050.18",,648693.57
20-06-2025,ATM CASH WITHDRAWAL/37945/COIMBATORE,270880930266,"5,000.00",,643693.57
21-06-2025,UPI/DR/679565932713/PhonePe/ICICI/phonepe@ybl/UPI,148114619629,460.50,,643233.07
21-06-2025,UPI/DR/027459671470/BigBasket/ICICI/bigbasket@ybl/UPI,191418440110,"1,740.89",,641492.18
23-06-2025,UPI/CR/148467797813/Vikram/BDBL/7531026448@pthdfc/UPI,060570049421,,"4,000.63",645492.81
24-06-2025,UPI/CR/617980970099/Naveen/BARB/naveen.yadav@ybl/UPI,099034745940,,"10,250.17",655742.98
24-06-2025,UPI/DR/762871928637/Ola/ICICI/olamoney@ola/UPI,083213328112,"1,980.58",,653762.40
24-06-2025,NEFT/N6463093971956/ICICI Lombard GIC,348037735102,,"45,500.82",699263.22
24-06-2025,UPI/DR/953420645711/Meesho/PAYTM/meesho@ybl/UPI,392040573562,"4,100.35",,695162.87
26-06-2025,UPI/CR/687071390019/Nikhil/UCBA/7413332217@ptyes/UPI,528980227355,,"16,750.08",711912.95
26-06-2025,UPI/DR/537544416613/Indane/ICICI/indanegas@upi/UPI,666291156321,"2,750.79",,709162.16
27-06-2025,UPI/DR/611546400083/ACT/RAZORPAY/broadband@paytm/UPI,331284411432,349.00,,708813.16
28-06-2025,INTEREST CREDIT,953091475088,,815.80,709628.96
28-06-2025,UPI/DR/261293835238/Kiran/SBIN/kirankulk67@axl/UPI,336246388764,"15,250.02",,694378.94
28-06-2025,UPI/CR/189435331126/Vishal/BKID/1333359482@oksbi/UPI,459953850768,,"31,400.14",725779.08
29-06-2025,UPI/DR/512999339081/Rahul/KKBK/rahul.khanna@apl/UPI,646726352317,"4,550.67",,721228.41
29-06-2025,UPI/CR/414537747204/Santosh/PUNB/santoshpand49@axl/UPI,611519359760,,"70,900.79",792129.20
29-06-2025,ATM CASH WITHDRAWAL/84176/COIMBATORE,890930587145,"10,000.00",,782129.20
29-06-2025,UPI/CR/046120409939/Arun/HDFC/7442369848@ptsbi/UPI,237695993693,,"32,600.76",814729.96
30-06-2025,UPI/CR/492457258257/Mukesh/BARB/mukeshkuma42@oksbi/UPI,263317444575,,"29,400.01",844129.97
30-06-2025,UPI/CR/840806386509/Sneha/HDFC/sneha.singh@aubank/UPI,339965259099,,"57,200.76",901330.73
01-07-2025,UPI/DR/927277640493/Naveen/PUNB/naveen.mukherjee@ptyes/UPI,400524382983,"15,800.93",,885529.80
01-07-2025,UPI/CR/363077601423/Arjun/PUNB/0207374330@axl/UPI,512396795536,,"8,650.75",894180.55
01-07-2025,POS RELIANCE PETROLEUM COIMBATO,126503772791,900.78,,893279.77
02-07-2025,UPI/DR/635773053733/Ola/PAYTM/olamoney@ola/UPI,934591410981,160.12,,893119.65
03-07-2025,POS VISHAL MEGA MART COIMBATORE,740494710620,"7,500.36",,885619.29
03-07-2025,UPI/DR/981210966173/Rapido/PAYTM/rapido@icici/UPI,580723073185,280.78,,885338.51
03-07-2025,UPI/DR/751198222283/1mg/ICICI/tatahealth@icici/UPI,099837569276,430.44,,884908.07
04-07-2025,UPI/DR/616496005199/Swiggy/ICICI/swiggy@icici/UPI,986737711149,"1,870.81",,883037.26
04-07-2025,UPI/DR/295672403707/Pallavi/BDBL/pallavi492@ibl/UPI,746538893617,"14,950.80",,868086.46
05-07-2025,SALARY CREDIT/S9028255319282/Accenture India Pvt Ltd,023785085288,,"90,906.89",958993.35
05-07-2025,ATM CASH WITHDRAWAL/70427/COIMBATORE,999832018951,"7,500.00",,951493.35
05-07-2025,ATM CASH WITHDRAWAL/30806/COIMBATORE,510417766803,"4,500.00",,946993.35
05-07-2025,UPI/CR/619063563979/Ritu/FDRL/ritu569@ptaxis/UPI,905509013191,,"3,850.91",950844.26
05-07-2025,ATM CASH WITHDRAWAL/43021/COIMBATORE,442807090115,"6,000.00",,944844.26
05-07-2025,UPI/DR/140786509816/Paytm/ICICI/paytm@paytm/UPI,925177058131,970.20,,943874.06
06-07-2025,UPI/DR/401088764677/Sachin/BARB/sachin.joshi@ybl/UPI,352872867043,"18,200.68",,925673.38
06-07-2025,UPI/DR/735671140714/Paytm/ICICI/paytm@paytm/UPI,619738216208,"1,930.78",,923742.60
07-07-2025,NACH/MANDATE/LN384952817956/SBI Home Loans,292687335309,"15,000.00",,908742.60
08-07-2025,ATM CASH WITHDRAWAL/34938/COIMBATORE,156767881165,"8,000.00",,900742.60
08-07-2025,UPI/DR/908567516898/Jio/ICICI/jio@paytm/UPI,337334884452,"1,370.76",,899371.84
09-07-2025,POS SHELL FUEL STATION COIMBATO,499143714181,"3,800.19",,895571.65
09-07-2025,POS BRAND FACTORY COIMBATORE,393583103762,"8,000.99",,887570.66
10-07-2025,UPI/DR/780969393148/Flipkart/ICICI/flipkart@ybl/UPI,568453898696,"2,030.00",,885540.66
10-07-2025,NACH/MANDATE/RNT0562951/RENT MANDATE,232028171805,"7,000.00",,878540.66
11-07-2025,UPI/CR/085348924983/Preeti/KKBK/preeti.pillai@paytm/UPI,275218841297,,"10,800.83",889341.49
12-07-2025,UPI/DR/641137328243/Zepto/ICICI/zepto@apl/UPI,216048041574,"1,230.75",,888110.74
13-07-2025,UPI/DR/058300916555/Ola/ICICI/olamoney@ola/UPI,404074093761,170.80,,887939.94
13-07-2025,POS SHELL FUEL STATION COIMBATO,580694411129,"4,350.67",,883589.27
13-07-2025,UPI/DR/622407114215/Rapido/PAYTM/rapido@icici/UPI,007459632532,860.33,,882728.94
15-07-2025,UPI/DR/116317790311/Vi/PAYTM/jio@paytm/UPI,582013482887,279.00,,882449.94
16-07-2025,UPI/DR/024099916006/Rapido/PAYTM/rapido@icici/UPI,872545290116,750.04,,881699.90
16-07-2025,UPI/DR/472313351375/Ola/PAYTM/olamoney@ola/UPI,702155872039,740.57,,880959.33
19-07-2025,NEFT/N6034570864291/Hexaware Technologie,708487901584,,"49,000.32",929959.65
19-07-2025,UPI/DR/610203824021/Indane/ICICI/indanegas@upi/UPI,035130749791,"2,700.29",,927259.36
19-07-2025,POS HP PETROL PUMP COIMBATO,785489065621,"1,800.00",,925459.36
19-07-2025,UPI/DR/215732008754/Flipkart/PAYTM/flipkart@ybl/UPI,520278503959,"1,900.80",,923558.56
20-07-2025,POS V MART COIMBATORE,431986817030,"5,750.81",,917807.75
21-07-2025,UPI/DR/730546637602/Uber/ICICI/uber@paytm/UPI,485144521368,310.85,,917496.90
21-07-2025,UPI/CR/606473405301/Archana/BDBL/archana.kulkarni@paytm/UPI,708127632771,,"8,650.86",926147.76
22-07-2025,UPI/DR/981428737272/Geeta/BDBL/geeta552@ibl/UPI,830182673434,"16,950.81",,909196.95
23-07-2025,UPI/DR/763560124103/TSSPDCL/UPIN/tsspdclpayment@upi/UPI,311294621470,"1,500.53",,907696.42
24-07-2025,UPI/DR/203514007891/Amazon/ICICI/amazon@apl/UPI,616567629820,450.53,,907245.89
24-07-2025,POS SHOPPERS STOP COIMBATORE,133101827683,"7,600.47",,899645.42
24-07-2025,POS CENTRAL MALL COIMBATORE,607646201719,"6,850.13",,892795.29
24-07-2025,POS CENTRAL MALL COIMBATORE,589502937060,"7,400.37",,885394.92
25-07-2025,UPI/CR/622241051563/Rajesh/HDFC/rajesh702@paytm/UPI,162040845215,,"13,200.69",898595.61
25-07-2025,UPI/DR/179290683895/Blinkit/ICICI/blinkit@kotak/UPI,898247783937,950.73,,897644.88
26-07-2025,ATM CASH WITHDRAWAL/19720/COIMBATORE,018532622054,"1,500.00",,896144.88
26-07-2025,UPI/CR/022505435784/Santosh/SBIN/santoshmish11@ptyes/UPI,361469653522,,"18,200.09",914344.97
27-07-2025,UPI/CR/520627207994/Shivam/KKBK/2703064654@axl/UPI,083055057790,,"10,350.75",924695.72
27-07-2025,POS SHOPPERS STOP COIMBATORE,876816979576,"4,750.65",,919945.07
27-07-2025,UPI/DR/877311498104/Dunzo/ICICI/dunzo@razorpay/UPI,661765053684,140.50,,919804.57
27-07-2025,POS SHELL FUEL STATION COIMBATO,210044895520,"2,750.46",,917054.11
28-07-2025,UPI/DR/110803854303/Vi/PAYTM/jio@paytm/UPI,279953480291,839.00,,916215.11
28-07-2025,UPI/CR/315599693638/Rajesh/UCBA/rajesh.khanna@axl/UPI,012615687508,,"10,400.00",926615.11
29-07-2025,UPI/DR/277496317994/Gaurav/KKBK/gaurav109@okhdfcbank/UPI,614570611652,"4,300.20",,922314.91
30-07-2025,UPI/DR/726040484800/BigBasket/ICICI/bigbasket@ybl/UPI,968071976296,"1,420.16",,920894.75
30-07-2025,ATM CASH WITHDRAWAL/22649/COIMBATORE,797961924960,"2,000.00",,918894.75
01-08-2025,UPI/DR/626327654293/Blinkit/ICICI/blinkit@kotak/UPI,179645957643,"2,020.66",,916874.09
01-08-2025,ATM CASH WITHDRAWAL/54777/COIMBATORE,779681770127,"10,000.00",,906874.09
01-08-2025,UPI/CR/723888882800/Suresh/BKID/suresh.shukla@ibl/UPI,244989090282,,"7,350.73",914224.82
02-08-2025,UPI/CR/532007729302/Akash/BDBL/akash425@ybl/UPI,782585399170,,"12,800.27",927025.09
02-08-2025,UPI/DR/910267066638/Blinkit/ICICI/blinkit@kotak/UPI,218521342860,990.79,,926034.30
02-08-2025,IMPS/P2M/164801471186//Sumit Mukherjee/BDBL,885722578884,"39,300.23",,886734.07
02-08-2025,UPI/DR/604526349675/Manoj/UTIB/8971547890@okaxis/UPI,063888176616,"11,600.25",,875133.82
03-08-2025,UPI/DR/025740602831/Uber/ICICI/uber@paytm/UPI,401259376492,420.21,,874713.61
03-08-2025,UPI/DR/645261695600/Vishal/BKID/vishalsen94@paytm/UPI,694581264299,"18,800.91",,855912.70
03-08-2025,UPI/DR/573693436323/Zepto/ICICI/zepto@apl/UPI,402005050931,"2,380.05",,853532.65
03-08-2025,UPI/CR/466118003070/Mukesh/FDRL/6704651308@ptaxis/UPI,498161754969,,"6,750.54",860283.19
05-08-2025,UPI/DR/106739797722/Vi/PAYTM/jio@paytm/UPI,860981005390,349.00,,859934.19
05-08-2025,UPI/DR/514496572730/Vi/PAYTM/jio@paytm/UPI,235436462407,709.00,,859225.19
05-08-2025,UPI/DR/204402426420/Uber/ICICI/uber@paytm/UPI,992287022106,"1,160.16",,858065.03
05-08-2025,UPI/DR/885670235406/Vi/PAYTM/jio@paytm/UPI,540617510418,209.00,,857856.03
06-08-2025,UPI/DR/155637026901/Rajesh/FDRL/rajeshverm94@ptyes/UPI,255039852043,"17,850.85",,840005.18
06-08-2025,SALARY CREDIT/S9111447343260/Accenture India Pvt Ltd,226491184583,,"92,944.89",932950.07
06-08-2025,UPI/DR/373703706167/Dunzo/ICICI/dunzo@razorpay/UPI,876081085579,"2,760.64",,930189.43
06-08-2025,ATM CASH WITHDRAWAL/86249/COIMBATORE,390533651264,"5,500.00",,924689.43
07-08-2025,ATM CASH WITHDRAWAL/74254/COIMBATORE,562013892358,"3,000.00",,921689.43
07-08-2025,NACH/MANDATE/RNT0365853/RENT MANDATE,233251220996,"7,000.00",,914689.43
07-08-2025,ATM CASH WITHDRAWAL/60093/COIMBATORE,494884427677,"3,000.00",,911689.43
07-08-2025,UPI/DR/923347740809/Uber/PAYTM/uber@paytm/UPI,064014607337,310.54,,911378.89
08-08-2025,UPI/DR/082798550251/Pooja/BKID/pooja622@pthdfc/UPI,813885010789,"8,150.57",,903228.32
08-08-2025,UPI/DR/120077792389/Amazon/ICICI/amazon@apl/UPI,210603278367,520.39,,902707.93
09-08-2025,UPI/DR/329810972927/Practo/ICICI/practo@paytm/UPI,238207071023,399.00,,902308.93
09-08-2025,UPI/DR/602918853162/Rapido/PAYTM/rapido@icici/UPI,508785532896,80.80,,902228.13
09-08-2025,UPI/DR/619906906376/BSNL/ICICI/bsnlbroadband@upi/UPI,040502853881,"2,730.44",,899497.69
09-08-2025,UPI/CR/767713764580/Akash/UTIB/akash.naik@pthdfc/UPI,497180930400,,"18,000.22",917497.91
10-08-2025,UPI/CR/162480791944/Sapna/UTIB/sapnakapo39@axl/UPI,404491850750,,"5,300.45",922798.36
11-08-2025,UPI/DR/597345049386/Mahesh/KKBK/2866769955@ptsbi/UPI,527901842960,"9,950.25",,912848.11
12-08-2025,UPI/DR/052027730362/1mg/ICICI/tatahealth@icici/UPI,693865320643,220.12,,912627.99
12-08-2025,UPI/DR/941778560072/Varun/BDBL/varun340@ptyes/UPI,820387784618,"3,050.31",,909577.68
12-08-2025,NACH/MANDATE/LN384952817956/SBI Home Loans,623775206620,"15,000.00",,894577.68
13-08-2025,UPI/DR/017829525482/Akash/BARB/akash.dutta@ptyes/UPI,355591369506,"10,450.66",,884127.02
13-08-2025,UPI/DR/754655102985/Ola/PAYTM/olamoney@ola/UPI,415241821532,400.31,,883726.71
13-08-2025,UPI/DR/623288640495/BigBasket/ICICI/bigbasket@ybl/UPI,548147531004,"1,150.62",,882576.09
15-08-2025,UPI/CR/771704907080/Ajay/BKID/3374275806@aubank/UPI,793538133807,,"10,300.88",892876.97
15-08-2025,UPI/DR/044548796323/Vi/PAYTM/jio@paytm/UPI,442716067372,989.00,,891887.97
15-08-2025,UPI/DR/758881728756/BigBasket/ICICI/bigbasket@ybl/UPI,023920538383,"1,920.67",,889967.30
15-08-2025,UPI/DR/863369612385/Mohit/PUNB/3787782238@oksbi/UPI,109266226290,"17,200.36",,872766.94
17-08-2025,UPI/DR/944222672805/Jio/ICICI/jio@paytm/UPI,374236313629,"1,110.26",,871656.68
17-08-2025,UPI/DR/339336811722/BigBasket/ICICI/bigbasket@ybl/UPI,354379480927,"2,470.58",,869186.10
17-08-2025,UPI/DR/496417227285/Indane/ICICI/indanegas@upi/UPI,954557759191,"1,600.07",,867586.03
17-08-2025,UPI/DR/420308606413/TSSPDCL/UPIN/tsspdclpayment@upi/UPI,158690734271,"2,000.95",,865585.08
18-08-2025,UPI/CR/729315870542/Neha/UTIB/neha.sethi@ptyes/UPI,736753816314,,"9,050.25",874635.33
18-08-2025,UPI/DR/424942016485/Amazon/ICICI/amazon@apl/UPI,817380080176,"2,650.26",,871985.07
19-08-2025,UPI/CR/864050339979/Vishal/SBIN/vishal.chaudhary@upi/UPI,366932456292,,"21,350.89",893335.96
19-08-2025,POS INDIAN OIL COIMBATO,397214529539,"4,350.66",,888985.30
20-08-2025,UPI/DR/148012841139/Vi/PAYTM/jio@paytm/UPI,364899710279,789.00,,888196.30
20-08-2025,UPI/CR/052351837776/Mukesh/HDFC/mukesh210@okaxis/UPI,926799570705,,"14,400.98",902597.28
20-08-2025,UPI/DR/039580444522/Rapido/PAYTM/rapido@icici/UPI,476711219152,470.06,,902127.22
21-08-2025,UPI/DR/560026953201/Jio/ICICI/jio@paytm/UPI,227780446524,740.45,,901386.77
21-08-2025,UPI/DR/245052523318/Myntra/PAYTM/myntra@ybl/UPI,290126830562,"2,500.73",,898886.04
21-08-2025,UPI/DR/797692290897/Archana/KKBK/archana.malhotra@ibl/UPI,212862992339,"18,500.41",,880385.63
21-08-2025,UPI/DR/777816737972/Ola/ICICI/olamoney@ola/UPI,588597461872,"1,360.10",,879025.53
21-08-2025,UPI/CR/554990442742/Lalit/BDBL/lalitbose20@okhdfcbank/UPI,251496436834,,"13,500.40",892525.93
22-08-2025,UPI/DR/862236759195/Rapido/PAYTM/rapido@icici/UPI,807507944806,160.49,,892365.44
23-08-2025,UPI/DR/001116468464/Myntra/PAYTM/myntra@ybl/UPI,709769156472,"2,550.38",,889815.06
23-08-2025,POS SHELL FUEL STATION COIMBATO,259694017601,"2,500.88",,887314.18
25-08-2025,POS METRO CASH CARRY COIMBATORE,038436388643,600.11,,886714.07
25-08-2025,POS BRAND FACTORY COIMBATORE,625689411211,"6,500.31",,880213.76
25-08-2025,UPI/DR/375390275682/Paytm/ICICI/paytm@paytm/UPI,244601489626,"2,400.66",,877813.10
26-08-2025,UPI/DR/468211092445/Ola/PAYTM/olamoney@ola/UPI,573074789048,500.18,,877312.92
26-08-2025,UPI/DR/289311529965/Ola/ICICI/olamoney@ola/UPI,666409138150,"1,690.46",,875622.46
28-08-2025,UPI/DR/008619112202/Hotstar/ICICI/hotstar@hdfcbank/UPI,410580796994,199.00,,875423.46
30-08-2025,UPI/DR/216078149032/Mukesh/UCBA/mukeshverm58@ptyes/UPI,152646905682,"1,700.29",,873723.17
30-08-2025,UPI/DR/041252820813/Naresh/UTIB/naresh534@ptaxis/UPI,727421155919,"10,000.74",,863722.43
31-08-2025,UPI/CR/413203943576/Pankaj/UCBA/pankaj990@oksbi/UPI,195779984701,,"2,550.97",866273.40
31-08-2025,ATM CASH WITHDRAWAL/87157/COIMBATORE,530222972983,"4,500.00",,861773.40
31-08-2025,POS V MART COIMBATORE,037046649264,350.30,,861423.10
01-09-2025,UPI/DR/468482762211/Manish/KKBK/manishshah62@okaxis/UPI,066472472054,"2,750.41",,858672.69
01-09-2025,UPI/DR/860149822788/Flipkart/ICICI/flipkart@ybl/UPI,892452963273,"1,750.85",,856921.84
03-09-2025,UPI/DR/144434997250/Ola/ICICI/olamoney@ola/UPI,515494175195,"1,820.21",,855101.63
03-09-2025,UPI/DR/731619469297/Usha/BKID/usha775@ptyes/UPI,656062496482,"16,450.89",,838650.74
04-09-2025,UPI/DR/304261903421/Amazon/ICICI/amazon@apl/UPI,035459301734,310.31,,838340.43
04-09-2025,UPI/DR/073508609218/Max/LICI/licindia@licindia/UPI,727973846199,"5,500.00",,832840.43
04-09-2025,UPI/CR/567961339724/Sapna/FDRL/sapna.mishra@axl/UPI,895666933025,,"9,000.65",841841.08
05-09-2025,UPI/CR/130290125453/Vikram/BKID/vikrammalh74@ptsbi/UPI,992426371291,,"18,500.69",860341.77
05-09-2025,POS HP PETROL PUMP COIMBATO,470394374835,"2,850.41",,857491.36
06-09-2025,UPI/DR/134884613824/Sachin/UTIB/sachin.nambiar@kotak/UPI,290491576165,"13,200.58",,844290.78
06-09-2025,UPI/DR/970492892943/Swiggy/ICICI/swiggy@icici/UPI,446076895189,"2,650.58",,841640.20
07-09-2025,UPI/DR/553971857725/Paytm/ICICI/paytm@paytm/UPI,313486928565,"2,750.51",,838889.69
07-09-2025,SALARY CREDIT/S2269510053778/Accenture India Pvt Ltd,283368108055,,"88,162.89",927052.58
07-09-2025,POS VISHAL MEGA MART COIMBATORE,697779793661,"8,300.29",,918752.29
07-09-2025,UPI/DR/260263894632/Shreya/BKID/8483065246@apl/UPI,963554028529,"1,250.60",,917501.69
08-09-2025,NACH/MANDATE/RNT2157529/RENT MANDATE,353659743388,"7,000.00",,910501.69
08-09-2025,UPI/DR/859993278479/Jio/ICICI/jio@paytm/UPI,528523262554,"1,880.08",,908621.61
08-09-2025,UPI/DR/519207580079/Uber/ICICI/uber@paytm/UPI,293479516653,"1,320.53",,907301.08
08-09-2025,UPI/DR/130497303991/Rapido/PAYTM/rapido@icici/UPI,993831250031,260.77,,907040.31
08-09-2025,UPI/DR/007425135849/Sonia/UCBA/soniamish79@pthdfc/UPI,649415414753,"9,000.45",,898039.86
08-09-2025,UPI/DR/501882547074/Manish/BDBL/3245495608@ptyes/UPI,174931954166,"16,850.06",,881189.80
09-09-2025,UPI/DR/887780102114/Rapido/PAYTM/rapido@icici/UPI,023744859548,430.65,,880759.15
09-09-2025,POS D MART COIMBATORE,272659720546,"4,050.83",,876708.32
10-09-2025,UPI/DR/232694713881/Santosh/HDFC/santosh.sharma@apl/UPI,872484605789,"12,450.70",,864257.62
11-09-2025,UPI/DR/061273610472/Vi/PAYTM/jio@paytm/UPI,156370056101,379.00,,863878.62
12-09-2025,POS MORE SUPER MARKET COIMBATORE,968296453062,"4,250.39",,859628.23
12-09-2025,UPI/DR/216198843987/Deepa/BDBL/deepa874@ptsbi/UPI,123165630526,"20,150.93",,839477.30
12-09-2025,POS SHELL FUEL STATION COIMBATO,619641654976,"3,750.61",,835726.69
13-09-2025,UPI/CR/491556560773/Naresh/BKID/naresh624@pthdfc/UPI,684759282297,,"14,100.42",849827.11
13-09-2025,UPI/DR/541596821600/Jio/ICICI/jio@paytm/UPI,602965097033,480.20,,849346.91
13-09-2025,UPI/DR/798106965307/Rapido/PAYTM/rapido@icici/UPI,069400561798,210.17,,849136.74
13-09-2025,NACH/MANDATE/LN384952817956/SBI Home Loans,947288034115,"15,000.00",,834136.74
14-09-2025,UPI/DR/375096789489/Amazon/PAYTM/amazon@apl/UPI,941885617293,"2,250.03",,831886.71
14-09-2025,ATM CASH WITHDRAWAL/42756/COIMBATORE,759063763107,"6,500.00",,825386.71
15-09-2025,UPI/DR/197412589346/Uber/ICICI/uber@paytm/UPI,192625332908,"1,820.76",,823565.95
16-09-2025,NEFT/N3803069908945/Patni Computer Syste,204919450973,,"17,000.25",840566.20
18-09-2025,UPI/DR/560810820013/Paytm/ICICI/paytm@paytm/UPI,807325441234,"2,060.63",,838505.57
18-09-2025,UPI/DR/378206486865/Flipkart/ICICI/flipkart@ybl/UPI,581179469953,560.38,,837945.19
20-09-2025,UPI/DR/735646782618/Rakesh/BARB/rakeshmukh34@ibl/UPI,075187455211,"7,250.49",,830694.70
20-09-2025,UPI/DR/356430596960/Jio/ICICI/jio@paytm/UPI,581829976041,"1,660.41",,829034.29
21-09-2025,ATM CASH WITHDRAWAL/60224/COIMBATORE,355426512073,"3,000.00",,826034.29
21-09-2025,ATM CASH WITHDRAWAL/47829/COIMBATORE,920900812226,"7,500.00",,818534.29
21-09-2025,POS RELIANCE PETROLEUM COIMBATO,079878052310,"4,450.44",,814083.85
23-09-2025,UPI/DR/862909621912/Blinkit/ICICI/blinkit@kotak/UPI,702837491537,"1,220.44",,812863.41
23-09-2025,UPI/DR/506091771688/TSSPDCL/UPIN/tsspdclpayment@upi/UPI,368700148493,"2,950.33",,809913.08
25-09-2025,UPI/DR/987962989656/Zepto/ICICI/zepto@apl/UPI,181609459441,260.88,,809652.20
26-09-2025,UPI/DR/255341034193/Ola/ICICI/olamoney@ola/UPI,204696327988,"2,530.21",,807121.99
26-09-2025,UPI/DR/719506599812/Indane/ICICI/indanegas@upi/UPI,079055918849,"2,300.09",,804821.90
26-09-2025,INTEREST CREDIT,656704399800,,"1,085.43",805907.33
26-09-2025,UPI/DR/561837362994/Sunita/PUNB/sunita.mukherjee@oksbi/UPI,818335545597,"11,700.50",,794206.83
26-09-2025,UPI/DR/753059768526/Vi/PAYTM/jio@paytm/UPI,576803909258,429.00,,793777.83
26-09-2025,GST ON CHARGES,405100925465,25.20,,793752.63
26-09-2025,UPI/DR/546963405394/Uber/PAYTM/uber@paytm/UPI,093125415220,720.38,,793032.25
26-09-2025,TRANSACTION CHARGES,252934303607,140.00,,792892.25
27-09-2025,UPI/DR/591506983586/Swiggy/ICICI/swiggy@icici/UPI,501719830694,"2,670.37",,790221.88
28-09-2025,UPI/DR/996446864563/Vi/PAYTM/jio@paytm/UPI,607610752713,759.00,,789462.88
28-09-2025,UPI/DR/720633064317/Flipkart/ICICI/flipkart@ybl/UPI,876013126351,840.36,,788622.52
28-09-2025,UPI/DR/537593957445/Vi/PAYTM/jio@paytm/UPI,084964765008,789.00,,787833.52
29-09-2025,UPI/DR/242697481332/Rajan/BARB/rajan435@apl/UPI,965366181975,"15,550.06",,772283.46
29-09-2025,UPI/DR/370459639869/Myntra/ICICI/myntra@ybl/UPI,274986653080,149.00,,772134.46
29-09-2025,ATM CASH WITHDRAWAL/81901/COIMBATORE,490910385694,"6,000.00",,766134.46
29-09-2025,UPI/DR/427148382959/Ola/PAYTM/olamoney@ola/UPI,226329832491,370.53,,765763.93
29-09-2025,UPI/DR/321554064372/Anita/BDBL/anita846@ibl/UPI,333249760843,"18,650.35",,747113.58
01-10-2025,UPI/DR/001671721279/Zepto/ICICI/zepto@apl/UPI,226076005274,"1,830.43",,745283.15
01-10-2025,UPI/DR/269508042625/Swiggy/ICICI/swiggy@icici/UPI,406906176087,"1,620.80",,743662.35
01-10-2025,UPI/DR/271217279518/Vishal/KKBK/vishal.shukla@ptyes/UPI,639570094544,"4,600.98",,739061.37
02-10-2025,UPI/DR/917930509427/Rapido/PAYTM/rapido@icici/UPI,615721262832,570.31,,738491.06
02-10-2025,UPI/DR/802643653921/Nykaa/PAYTM/nykaa@razorpay/UPI,690685908577,"2,300.87",,736190.19
02-10-2025,UPI/DR/529461472688/Manoj/UCBA/manoj748@pthdfc/UPI,009726954618,"20,900.89",,715289.30
03-10-2025,UPI/DR/074911956327/Ola/PAYTM/olamoney@ola/UPI,283052243928,320.88,,714968.42
04-10-2025,POS PANTALOONS COIMBATORE,541504017905,"3,500.78",,711467.64
04-10-2025,POS HP PETROL PUMP COIMBATO,200261674172,"2,750.01",,708717.63
04-10-2025,POS HP PETROL PUMP COIMBATO,305119153268,"3,750.22",,704967.41
04-10-2025,POS RELIANCE PETROLEUM COIMBATO,655699800468,"3,800.14",,701167.27
06-10-2025,ATM CASH WITHDRAWAL/99995/COIMBATORE,380740944192,"6,000.00",,695167.27
06-10-2025,UPI/DR/120819787586/Paytm/ICICI/paytm@paytm/UPI,415104250575,"1,890.72",,693276.55
07-10-2025,UPI/CR/799027000313/Anil/FDRL/anilahuj53@ybl/UPI,180029228136,,250.08,693526.63
07-10-2025,UPI/CR/451127132865/Archana/BKID/archana237@axl/UPI,073716628165,,550.30,694076.93
07-10-2025,SALARY CREDIT/S6532186984283/Accenture India Pvt Ltd,674671619614,,"91,034.89",785111.82
07-10-2025,UPI/DR/739763124976/BigBasket/ICICI/bigbasket@ybl/UPI,140069994619,810.11,,784301.71
08-10-2025,UPI/DR/552996906785/Rapido/PAYTM/rapido@icici/UPI,367226300482,220.56,,784081.15
08-10-2025,POS LIFESTYLE STORES COIMBATORE,820421007616,"3,750.39",,780330.76
08-10-2025,UPI/DR/685588368553/Blinkit/ICICI/blinkit@kotak/UPI,732551318813,350.53,,779980.23
08-10-2025,ATM CASH WITHDRAWAL/85055/COIMBATORE,717630257538,"2,000.00",,777980.23
09-10-2025,UPI/DR/927843055030/Jio/ICICI/jio@paytm/UPI,862489908433,"1,320.80",,776659.43
10-10-2025,UPI/DR/089433842839/Vikas/PUNB/vikas291@paytm/UPI,457469372769,"17,050.04",,759609.39
10-10-2025,UPI/DR/618261789476/Krishna/BKID/krishna262@upi/UPI,235731705483,"8,100.59",,751508.80
11-10-2025,UPI/DR/815447229681/Uber/PAYTM/uber@paytm/UPI,183088267469,90.51,,751418.29
11-10-2025,UPI/DR/250407953996/Indane/ICICI/indanegas@upi/UPI,979996401214,"2,100.50",,749317.79
11-10-2025,NACH/MANDATE/RNT7156756/RENT MANDATE,015602121332,"7,000.00",,742317.79
12-10-2025,NACH/MANDATE/LN384952817956/SBI Home Loans,420765944953,"15,000.00",,727317.79
13-10-2025,UPI/DR/326472580063/Zomato/ICICI/zomato@axisbank/UPI,719285767062,"2,300.12",,725017.67
13-10-2025,ATM CASH WITHDRAWAL/16677/COIMBATORE,356698375027,"9,500.00",,715517.67
13-10-2025,UPI/DR/780592995826/Uber/PAYTM/uber@paytm/UPI,349854942147,850.08,,714667.59
15-10-2025,ATM CASH WITHDRAWAL/37829/COIMBATORE,040738544306,"4,000.00",,710667.59
15-10-2025,UPI/DR/717021373787/ACT/RAZORPAY/broadband@paytm/UPI,851837280283,599.00,,710068.59
15-10-2025,UPI/DR/624171488146/TSSPDCL/UPIN/tsspdclpayment@upi/UPI,866848074306,"1,700.13",,708368.46
17-10-2025,POS VISHAL MEGA MART COIMBATORE,209359301920,300.66,,708067.80
17-10-2025,UPI/DR/678373822176/Flipkart/PAYTM/flipkart@ybl/UPI,097030389914,"2,200.18",,705867.62
17-10-2025,UPI/DR/110378682033/Tarun/SBIN/tarun762@apl/UPI,873725483389,"20,050.16",,685817.46
17-10-2025,POS RELIANCE MART COIMBATORE,593326129599,"2,850.47",,682966.99
20-10-2025,UPI/DR/578421398747/Zomato/ICICI/zomato@axisbank/UPI,995837773589,"2,530.52",,680436.47
21-10-2025,UPI/DR/843178740000/Rapido/PAYTM/rapido@icici/UPI,529533589570,250.04,,680186.43
21-10-2025,POS BHARAT PETROLEUM COIMBATO,976419216092,950.88,,679235.55
22-10-2025,POS D MART COIMBATORE,886976963620,"4,400.17",,674835.38
22-10-2025,UPI/DR/352924349018/Uber/ICICI/uber@paytm/UPI,697750679950,960.58,,673874.80
23-10-2025,UPI/DR/255263892198/Sapna/KKBK/1607484786@ptaxis/UPI,703463354367,"18,850.22",,655024.58
23-10-2025,UPI/DR/671549385051/Hotstar/ICICI/hotstar@hdfcbank/UPI,399656955676,199.00,,654825.58
24-10-2025,UPI/DR/078686542366/Vi/PAYTM/jio@paytm/UPI,298043120615,989.00,,653836.58
25-10-2025,UPI/DR/964811236818/Swiggy/ICICI/swiggy@icici/UPI,882875368618,330.62,,653505.96
25-10-2025,UPI/DR/526481436372/Vi/PAYTM/jio@paytm/UPI,960999258254,479.00,,653026.96
26-10-2025,UPI/DR/211522282557/Swiggy/ICICI/swiggy@icici/UPI,420646720051,"1,570.95",,651456.01
26-10-2025,UPI/DR/087961392529/Flipkart/PAYTM/flipkart@ybl/UPI,451647903151,"1,200.81",,650255.20
27-10-2025,POS PANTALOONS COIMBATORE,082209825109,"4,550.70",,645704.50
27-10-2025,UPI/DR/538061958355/IRCTC/ICICI/irctc@upi/UPI,761370334698,449.00,,645255.50
27-10-2025,IMPS/P2M/014884580328//Sunita Joshi/FDRL,635976178328,"19,500.05",,625755.45
28-10-2025,POS CENTRAL MALL COIMBATORE,820570649712,"2,600.29",,623155.16
28-10-2025,UPI/DR/114605577204/BSNL/ICICI/bsnlbroadband@upi/UPI,323996700249,790.06,,622365.10
29-10-2025,UPI/DR/256225557797/Geeta/HDFC/geeta472@ibl/UPI,318714025426,750.75,,621614.35
29-10-2025,UPI/DR/489977144892/Sunil/FDRL/sunil885@upi/UPI,690015639016,"1,150.84",,620463.51
29-10-2025,UPI/DR/869068249845/Gaurav/BARB/0011390418@ybl/UPI,709792598036,"21,550.24",,598913.27
29-10-2025,UPI/DR/424762023826/Uber/ICICI/uber@paytm/UPI,602760331424,"2,390.55",,596522.72
30-10-2025,UPI/DR/627307773205/Amazon/ICICI/amazon@apl/UPI,015795046728,"1,210.34",,595312.38
01-11-2025,UPI/DR/497745199431/Paytm/ICICI/paytm@paytm/UPI,899557114189,910.12,,594402.26
01-11-2025,UPI/DR/595045978750/Apollo/ICICI/apollopharmacy@ybl/UPI,282900304321,"2,740.48",,591661.78
01-11-2025,UPI/DR/311003790536/Ramesh/HDFC/ramesh.chatterjee@aubank/UPI,558371981910,"10,050.05",,581611.73
02-11-2025,UPI/CR/193094924731/Manoj/BDBL/manoj.tiwari@paytm/UPI,976912971971,,"16,800.60",598412.33
02-11-2025,UPI/DR/332403728590/Uber/ICICI/uber@paytm/UPI,222219281636,"1,330.53",,597081.80
02-11-2025,ATM CASH WITHDRAWAL/05100/COIMBATORE,874076125074,"8,500.00",,588581.80
02-11-2025,POS RELIANCE PETROLEUM COIMBATO,989711822671,"1,300.71",,587281.09
03-11-2025,UPI/DR/850995743296/Ola/PAYTM/olamoney@ola/UPI,232465830991,290.45,,586990.64
03-11-2025,UPI/DR/699450612139/Vi/PAYTM/jio@paytm/UPI,059582481374,599.00,,586391.64
03-11-2025,UPI/DR/576907605584/Jio/ICICI/jio@paytm/UPI,128268791825,"1,280.96",,585110.68
04-11-2025,UPI/DR/655324909510/Swiggy/ICICI/swiggy@icici/UPI,380828961928,210.34,,584900.34
04-11-2025,UPI/CR/521981290171/Rajan/PUNB/rajanjosh87@oksbi/UPI,790729012844,,"2,850.12",587750.46
04-11-2025,UPI/CR/616565421076/Mukesh/PUNB/mukesh.gupta@ybl/UPI,504778815228,,"12,900.62",600651.08
04-11-2025,UPI/DR/830609998724/Naresh/BKID/nareshpate13@aubank/UPI,051194412837,"14,000.93",,586650.15
04-11-2025,UPI/CR/730911894319/Sapna/UTIB/3034096239@okaxis/UPI,368681722316,,"11,800.91",598451.06
05-11-2025,IMPS/P2M/098531248955//Siddharth Rao/BDBL,840014243896,"38,200.29",,560250.77
06-11-2025,SALARY CREDIT/S6053908680407/Accenture India Pvt Ltd,914557126729,,"89,739.89",649990.66
06-11-2025,ATM CASH WITHDRAWAL/75116/COIMBATORE,750488364809,"2,500.00",,647490.66
06-11-2025,UPI/DR/719448696902/Mohan/BDBL/0595139364@ibl/UPI,081139960095,"5,700.34",,641790.32
07-11-2025,UPI/CR/111337471732/Shivam/PUNB/shivam809@upi/UPI,885585649907,,"1,550.28",643340.60
07-11-2025,POS CENTRAL MALL COIMBATORE,092188374283,"5,700.62",,637639.98
08-11-2025,UPI/DR/483955035971/Meesho/PAYTM/meesho@ybl/UPI,868679694306,"3,900.49",,633739.49
08-11-2025,UPI/DR/158980464316/Rahul/PUNB/rahul.tiwari@upi/UPI,792304426276,"10,800.36",,622939.13
08-11-2025,ATM CASH WITHDRAWAL/56422/COIMBATORE,663179788318,"1,000.00",,621939.13
09-11-2025,NACH/MANDATE/RNT2312522/RENT MANDATE,776737708140,"7,000.00",,614939.13
09-11-2025,POS MAX FASHION COIMBATORE,752125830774,"5,800.48",,609138.65
10-11-2025,UPI/DR/338162135973/ACT/RAZORPAY/broadband@paytm/UPI,964119412779,499.00,,608639.65
11-11-2025,UPI/CR/537048497020/Shweta/SBIN/2650068253@aubank/UPI,181240420709,,"7,900.82",616540.47
12-11-2025,NACH/MANDATE/LN384952817956/SBI Home Loans,137289214453,"15,000.00",,601540.47
13-11-2025,UPI/CR/267489767950/Sangita/BKID/4259699117@ptaxis/UPI,908612662661,,"3,100.95",604641.42
13-11-2025,UPI/CR/959083469984/Pallavi/KKBK/0320794275@pthdfc/UPI,943994397535,,"20,550.60",625192.02
14-11-2025,UPI/DR/304567038434/Shivam/BDBL/3538456066@ptaxis/UPI,069388348829,"11,300.09",,613891.93
14-11-2025,UPI/DR/004915753510/Santosh/KKBK/santoshpill83@ptyes/UPI,997417675219,"6,250.90",,607641.03
15-11-2025,POS METRO CASH CARRY COIMBATORE,217338141968,"7,550.31",,600090.72
15-11-2025,UPI/DR/882059258973/Mohit/PUNB/2168294538@kotak/UPI,916501460086,"1,250.04",,598840.68
16-11-2025,UPI/DR/112599424821/Ola/PAYTM/olamoney@ola/UPI,900543664834,240.88,,598599.80
16-11-2025,UPI/DR/132876077841/Usha/SBIN/usha.nair@ptaxis/UPI,591729816931,"10,500.52",,588099.28
16-11-2025,POS HP PETROL PUMP COIMBATO,483450783920,"2,500.13",,585599.15
16-11-2025,UPI/DR/749746550933/Uber/PAYTM/uber@paytm/UPI,304340735470,360.18,,585238.97
16-11-2025,UPI/CR/964768266893/Divya/PUNB/2031260534@axl/UPI,574523895192,,"4,300.75",589539.72
19-11-2025,UPI/DR/066056896097/TSSPDCL/UPIN/tsspdclpayment@upi/UPI,721093667136,"1,350.66",,588189.06
19-11-2025,POS HP PETROL PUMP COIMBATO,130689016699,"4,300.28",,583888.78
23-11-2025,UPI/DR/040735321961/Blinkit/ICICI/blinkit@kotak/UPI,043962051383,"1,810.29",,582078.49
24-11-2025,UPI/CR/232199879652/Mahesh/BDBL/9652436874@ptyes/UPI,939309818483,,"5,200.42",587278.91
24-11-2025,UPI/DR/195643924598/Yogesh/FDRL/yogesh728@oksbi/UPI,814005567586,"5,250.98",,582027.93
25-11-2025,POS METRO CASH CARRY COIMBATORE,052255279896,"6,650.93",,575377.00
25-11-2025,NEFT/N2496759674101/Bajaj Finserv Ltd,923749992758,,"20,500.59",595877.59
25-11-2025,UPI/DR/006273718133/Indane/ICICI/indanegas@upi/UPI,845089821703,"1,950.13",,593927.46
25-11-2025,UPI/DR/606793435465/Zomato/ICICI/zomato@axisbank/UPI,085701596193,"2,140.45",,591787.01
25-11-2025,POS STAR BAZAAR COIMBATORE,732288695086,"5,700.12",,586086.89
27-11-2025,UPI/DR/114291795821/Vi/PAYTM/jio@paytm/UPI,942471482623,689.00,,585397.89
28-11-2025,ATM CASH WITHDRAWAL/77628/COIMBATORE,158091236374,"9,000.00",,576397.89
29-11-2025,UPI/CR/179057647169/Rohit/BDBL/rohit283@paytm/UPI,004689063755,,"7,250.82",583648.71
29-11-2025,POS HP PETROL PUMP COIMBATO,748193289687,"4,150.31",,579498.40
30-11-2025,UPI/DR/947082224256/Zomato/ICICI/zomato@axisbank/UPI,461186629925,"1,100.94",,578397.46
30-11-2025,POS STAR BAZAAR COIMBATORE,212613171754,"1,150.07",,577247.39
30-11-2025,UPI/DR/142263050599/Uber/ICICI/uber@paytm/UPI,856920283587,330.92,,576916.47
01-12-2025,UPI/DR/899089775667/PhonePe/ICICI/phonepe@ybl/UPI,658277271390,"1,560.66",,575355.81
01-12-2025,UPI/DR/963926420940/Renu/UTIB/renu.menon@apl/UPI,436237981880,"18,450.12",,556905.69
01-12-2025,ATM CASH WITHDRAWAL/61203/COIMBATORE,968659659022,"3,500.00",,553405.69
03-12-2025,UPI/DR/359379189021/Uber/PAYTM/uber@paytm/UPI,791512595958,450.74,,552954.95
03-12-2025,POS BIG BAZAAR COIMBATORE,981096399630,650.62,,552304.33
04-12-2025,POS STAR BAZAAR COIMBATORE,513084254435,"4,050.07",,548254.26
04-12-2025,UPI/CR/633980741329/Isha/KKBK/ishathap16@okaxis/UPI,106653955938,,"8,900.86",557155.12
07-12-2025,SALARY CREDIT/S1819247068765/Accenture India Pvt Ltd,208923883391,,"90,173.89",647329.01
08-12-2025,UPI/DR/222250865314/Uber/PAYTM/uber@paytm/UPI,853654511909,550.66,,646778.35
09-12-2025,POS HP PETROL PUMP COIMBATO,174496125916,"2,150.26",,644628.09
09-12-2025,NACH/MANDATE/RNT0581641/RENT MANDATE,461404891945,"7,000.00",,637628.09
10-12-2025,POS MORE SUPER MARKET COIMBATORE,539147277934,"1,650.14",,635977.95
11-12-2025,UPI/DR/295757593991/Ola/PAYTM/olamoney@ola/UPI,220264131945,280.89,,635697.06
11-12-2025,UPI/DR/593570570695/Kunal/HDFC/kunalnamb27@ibl/UPI,295848942968,"20,650.07",,615046.99
12-12-2025,UPI/DR/458135517110/Naveen/FDRL/2127986520@apl/UPI,146544198553,"5,400.52",,609646.47
12-12-2025,POS CENTRAL MALL COIMBATORE,165104471824,"2,500.96",,607145.51
12-12-2025,UPI/DR/794315709129/Vi/PAYTM/jio@paytm/UPI,609688211052,529.00,,606616.51
13-12-2025,ATM CASH WITHDRAWAL/12340/COIMBATORE,712683257737,"8,000.00",,598616.51
13-12-2025,NACH/MANDATE/LN384952817956/SBI Home Loans,726881036138,"15,000.00",,583616.51
13-12-2025,UPI/DR/409171343969/MedPlus/ICICI/medplus@icici/UPI,154067551016,670.79,,582945.72
13-12-2025,UPI/DR/722938747300/Max/LICI/licindia@licindia/UPI,538987780234,"5,500.00",,577445.72
13-12-2025,UPI/DR/405365972711/Ashish/UCBA/ashish130@aubank/UPI,032010215214,"4,450.74",,572994.98
13-12-2025,UPI/DR/963093526610/BSNL/ICICI/bsnlbroadband@upi/UPI,824180273724,"1,370.27",,571624.71
13-12-2025,UPI/DR/908058885944/Vi/PAYTM/jio@paytm/UPI,610007749485,629.00,,570995.71
13-12-2025,UPI/DR/928880380390/ACT/RAZORPAY/broadband@paytm/UPI,289131606576,"1,099.00",,569896.71
14-12-2025,POS RELIANCE PETROLEUM COIMBATO,701011484157,"3,650.63",,566246.08
15-12-2025,UPI/DR/666299700785/Indane/ICICI/indanegas@upi/UPI,075609440074,"2,800.11",,563445.97
15-12-2025,POS BHARAT PETROLEUM COIMBATO,396128066648,"1,950.82",,561495.15
16-12-2025,UPI/CR/271226749386/Babita/KKBK/9138987678@okicici/UPI,748742317854,,"6,100.30",567595.45
16-12-2025,UPI/DR/756404889396/Usha/PUNB/usha.mehta@kotak/UPI,917140184241,"5,250.20",,562345.25
16-12-2025,UPI/DR/972500304287/TSSPDCL/UPIN/tsspdclpayment@upi/UPI,176953874766,"2,200.55",,560144.70
16-12-2025,POS D MART COIMBATORE,048834257160,"6,100.53",,554044.17
18-12-2025,UPI/DR/635183426107/Vi/PAYTM/jio@paytm/UPI,534650515690,359.00,,553685.17
18-12-2025,UPI/DR/043551593421/PhonePe/ICICI/phonepe@ybl/UPI,573435553775,"2,150.44",,551534.73
18-12-2025,UPI/DR/642221395364/Swiggy/ICICI/swiggy@icici/UPI,010837784541,"1,220.52",,550314.21
19-12-2025,POS D MART COIMBATORE,364018209621,"4,350.47",,545963.74
19-12-2025,UPI/DR/567209533566/Practo/ICICI/practo@paytm/UPI,154590439816,799.00,,545164.74
19-12-2025,UPI/DR/246954562165/Flipkart/ICICI/flipkart@ybl/UPI,763571711764,"1,200.84",,543963.90
20-12-2025,UPI/DR/504636660578/Amazon/PAYTM/amazon@apl/UPI,261487396755,"5,000.40",,538963.50
20-12-2025,POS RELIANCE MART COIMBATORE,516163203069,"5,700.78",,533262.72
20-12-2025,UPI/DR/654120445933/Geeta/UTIB/geeta949@okhdfcbank/UPI,832037319900,"6,900.91",,526361.81
21-12-2025,IMPS/P2M/202433011334//Nikhil Chatterje/BARB,070526567023,"27,800.70",,498561.11
22-12-2025,UPI/DR/266499280194/Krishna/UTIB/krishna.mukherjee@kotak/UPI,318343797282,"7,000.99",,491560.12
23-12-2025,NEFT/N4908224758838/Arvind Ltd,219371778774,,"43,500.00",535060.12
23-12-2025,UPI/DR/982594799252/Uber/PAYTM/uber@paytm/UPI,831133391520,800.22,,534259.90
24-12-2025,UPI/DR/052041985836/Rakesh/FDRL/rakesh342@kotak/UPI,892870099879,"17,900.78",,516359.12
24-12-2025,UPI/DR/721028723563/Ola/ICICI/olamoney@ola/UPI,543663364561,510.96,,515848.16
25-12-2025,UPI/DR/430363571032/BigBasket/ICICI/bigbasket@ybl/UPI,899264968036,"1,170.89",,514677.27
25-12-2025,UPI/DR/587235462153/Amazon/PAYTM/amazon@apl/UPI,493510585246,"5,200.44",,509476.83
25-12-2025,UPI/DR/383883146271/Arun/BARB/1381593133@okaxis/UPI,159760875210,"2,950.20",,506526.63
26-12-2025,UPI/DR/054773572195/Amit/UCBA/amit764@ibl/UPI,107294240656,"3,450.79",,503075.84
26-12-2025,ATM CASH WITHDRAWAL/65332/COIMBATORE,603165276344,"6,500.00",,496575.84
27-12-2025,POS BHARAT PETROLEUM COIMBATO,060598685505,"1,150.47",,495425.37
28-12-2025,UPI/DR/408446065953/Swiggy/ICICI/swiggy@icici/UPI,142360319401,"2,010.18",,493415.19
28-12-2025,UPI/DR/774371981522/Vi/PAYTM/jio@paytm/UPI,139399010670,419.00,,492996.19
28-12-2025,INTEREST CREDIT,137387166982,,380.19,493376.38
28-12-2025,TRANSACTION CHARGES,127322624212,50.00,,493326.38
28-12-2025,UPI/DR/438695835088/Vi/PAYTM/jio@paytm/UPI,218348750430,889.00,,492437.38
28-12-2025,UPI/DR/818918125448/Swiggy/ICICI/swiggy@icici/UPI,813502278316,960.48,,491476.90
28-12-2025,GST ON CHARGES,202716694555,9.00,,491467.90
29-12-2025,UPI/DR/432621856961/Flipkart/ICICI/flipkart@ybl/UPI,684075733892,"2,390.94",,489076.96
29-12-2025,UPI/DR/648199483263/Renu/UCBA/renu.naik@ptyes/UPI,133334261699,"6,400.76",,482676.20
29-12-2025,UPI/DR/078711482460/Jio/ICICI/jio@paytm/UPI,888346746244,"1,590.56",,481085.64
30-12-2025,ATM CASH WITHDRAWAL/45785/COIMBATORE,126768520019,"7,000.00",,474085.64
30-12-2025,UPI/DR/808452470127/Ola/ICICI/olamoney@ola/UPI,005076583565,"1,760.04",,472325.60
30-12-2025,UPI/CR/553228683442/Meena/UTIB/meena.desai@pthdfc/UPI,496339027771,,"16,900.20",489225.80
31-12-2025,UPI/DR/319044904607/Meena/BARB/meena639@okicici/UPI,620528412893,"11,700.69",,477525.11
31-12-2025,UPI/DR/007060023645/Dunzo/ICICI/dunzo@razorpay/UPI,174663831584,"2,710.21",,474814.90
31-12-2025,UPI/DR/963767464114/Uber/ICICI/uber@paytm/UPI,580994949085,"2,630.62",,472184.28
01-01-2026,UPI/DR/566946875586/Tarun/KKBK/tarunshar81@okhdfcbank/UPI,545954252104,"3,750.76",,468433.52
01-01-2026,UPI/DR/675128958736/PhonePe/ICICI/phonepe@ybl/UPI,581779720813,710.17,,467723.35
01-01-2026,UPI/DR/149862442292/Swiggy/ICICI/swiggy@icici/UPI,643832570139,790.66,,466932.69
01-01-2026,ATM CASH WITHDRAWAL/06649/COIMBATORE,122225702744,"8,000.00",,458932.69
02-01-2026,POS MORE SUPER MARKET COIMBATORE,860469196787,700.04,,458232.65
02-01-2026,UPI/DR/724818663319/Paytm/ICICI/paytm@paytm/UPI,952035706744,"2,030.90",,456201.75
02-01-2026,UPI/DR/468250635182/ACT/RAZORPAY/broadband@paytm/UPI,491726074565,949.00,,455252.75
03-01-2026,UPI/DR/757439329093/Uber/PAYTM/uber@paytm/UPI,975807588687,370.66,,454882.09
03-01-2026,POS INDIAN OIL COIMBATO,383170374380,"4,300.46",,450581.63
03-01-2026,UPI/DR/578524619821/Vi/PAYTM/jio@paytm/UPI,784932460583,499.00,,450082.63
04-01-2026,UPI/DR/323423743578/Swiggy/ICICI/swiggy@icici/UPI,652782102283,250.91,,449831.72
04-01-2026,UPI/DR/916505922569/Paytm/ICICI/paytm@paytm/UPI,219628178240,"1,240.87",,448590.85
04-01-2026,UPI/DR/966354884916/Sneha/SBIN/sneha.sen@ptsbi/UPI,530840549434,"17,900.84",,430690.01
05-01-2026,UPI/DR/170985237124/PhonePe/ICICI/phonepe@ybl/UPI,769393345977,670.62,,430019.39
05-01-2026,SALARY CREDIT/S6126138237287/Accenture India Pvt Ltd,941142902061,,"89,637.89",519657.28
06-01-2026,UPI/DR/964966405748/Rajesh/PUNB/rajeshchat59@pthdfc/UPI,133061653214,"11,300.28",,508357.00
06-01-2026,UPI/DR/379598056446/Vi/PAYTM/jio@paytm/UPI,460751594386,689.00,,507668.00
07-01-2026,UPI/DR/501566270989/Ola/ICICI/olamoney@ola/UPI,583929703587,"1,880.13",,505787.87
09-01-2026,UPI/DR/520311240667/Shweta/BARB/shweta708@apl/UPI,293441914497,"17,100.88",,488686.99
09-01-2026,UPI/DR/150027973239/Ola/ICICI/olamoney@ola/UPI,382703761622,"2,580.64",,486106.35
09-01-2026,UPI/DR/870009525994/Vi/PAYTM/jio@paytm/UPI,755397653165,559.00,,485547.35
10-01-2026,NACH/MANDATE/RNT5876811/RENT MANDATE,245658168291,"7,000.00",,478547.35
10-01-2026,UPI/DR/700835426602/Poonam/BKID/poonamshuk69@okhdfcbank/UPI,559600787565,"8,850.93",,469696.42
10-01-2026,UPI/DR/975256390266/Sangita/BARB/sangitasriv89@upi/UPI,230708999395,"17,550.79",,452145.63
10-01-2026,UPI/DR/911445311239/Priya/UCBA/priya346@oksbi/UPI,286002713858,"2,300.32",,449845.31
12-01-2026,ATM CASH WITHDRAWAL/49447/COIMBATORE,951231697664,"3,500.00",,446345.31
12-01-2026,NACH/MANDATE/LN384952817956/SBI Home Loans,092823942790,"15,000.00",,431345.31
12-01-2026,UPI/DR/403613164042/Uber/PAYTM/uber@paytm/UPI,452780919528,230.19,,431115.12
13-01-2026,UPI/DR/072964638636/Radha/BDBL/radhaagar71@kotak/UPI,315585080117,"2,350.34",,428764.78
13-01-2026,ATM CASH WITHDRAWAL/84988/COIMBATORE,981066214867,"4,500.00",,424264.78
13-01-2026,UPI/DR/720397209834/Indane/ICICI/indanegas@upi/UPI,607787541340,"2,450.86",,421813.92
13-01-2026,UPI/DR/521637703706/Ritu/BDBL/ritu.pandey@okhdfcbank/UPI,094369853279,"15,250.38",,406563.54
14-01-2026,UPI/DR/589381494605/Flipkart/ICICI/flipkart@ybl/UPI,540074302480,"1,740.10",,404823.44
14-01-2026,UPI/CR/633630781504/Mina/PUNB/9543462970@ptsbi/UPI,274429246885,,"16,050.33",420873.77
15-01-2026,UPI/DR/987396336262/Flipkart/PAYTM/flipkart@ybl/UPI,269364316341,"2,750.06",,418123.71
15-01-2026,UPI/DR/490766470360/Rapido/PAYTM/rapido@icici/UPI,914468356647,830.02,,417293.69
16-01-2026,ATM CASH WITHDRAWAL/04408/COIMBATORE,459769595039,"8,500.00",,408793.69
16-01-2026,UPI/CR/834542948557/Nikhil/FDRL/nikhil145@aubank/UPI,463721217178,,"5,250.80",414044.49
17-01-2026,POS BHARAT PETROLEUM COIMBATO,266383129299,"1,600.22",,412444.27
17-01-2026,UPI/DR/402773912604/TSSPDCL/UPIN/tsspdclpayment@upi/UPI,266688675242,"3,400.74",,409043.53
18-01-2026,UPI/CR/917698324581/Prashant/BDBL/prashant.kapoor@paytm/UPI,724519198455,,"21,400.73",430444.26
18-01-2026,UPI/DR/583987710515/Paytm/ICICI/paytm@paytm/UPI,941135986460,600.46,,429843.80
18-01-2026,POS BRAND FACTORY COIMBATORE,145929220250,"7,850.22",,421993.58
19-01-2026,UPI/DR/210663351209/Nisha/BARB/nisha157@ptaxis/UPI,156319553475,"21,050.89",,400942.69
19-01-2026,UPI/DR/178566090432/Vikram/KKBK/2636625159@okhdfcbank/UPI,871807061100,"15,850.88",,385091.81
20-01-2026,UPI/DR/686689254485/Flipkart/PAYTM/flipkart@ybl/UPI,806829431842,"3,550.28",,381541.53
20-01-2026,ATM CASH WITHDRAWAL/03726/COIMBATORE,628612842184,"10,000.00",,371541.53
21-01-2026,POS SHOPPERS STOP COIMBATORE,165723701491,"8,200.38",,363341.15
22-01-2026,UPI/DR/465921531230/BigBasket/ICICI/bigbasket@ybl/UPI,665628629395,"1,510.22",,361830.93
22-01-2026,UPI/DR/414428024604/Zepto/ICICI/zepto@apl/UPI,280434192348,"2,610.59",,359220.34
23-01-2026,POS VISHAL MEGA MART COIMBATORE,955855424612,"5,150.72",,354069.62
23-01-2026,IMPS/P2M/041428369655//Vikram Mukherjee/KKBK,518498581333,"36,200.97",,317868.65
23-01-2026,UPI/DR/716117059903/Sapna/UTIB/sapna960@okaxis/UPI,243187349525,"20,600.40",,297268.25
23-01-2026,UPI/DR/498536882906/Uber/ICICI/uber@paytm/UPI,621963749593,560.64,,296707.61
24-01-2026,UPI/DR/493671005347/Neha/HDFC/0503348953@upi/UPI,975516437976,"11,200.26",,285507.35
24-01-2026,UPI/DR/294923918198/Sunil/PUNB/sunil.roy@oksbi/UPI,608867767830,"6,250.94",,279256.41
24-01-2026,UPI/DR/176536644580/Ola/PAYTM/olamoney@ola/UPI,197397157681,300.44,,278955.97
24-01-2026,UPI/CR/572807166793/Ritu/FDRL/ritu670@axl/UPI,814627041934,,"4,650.76",283606.73
25-01-2026,UPI/CR/468173511195/Gopal/SBIN/0859513006@ptaxis/UPI,382821243929,,"1,800.31",285407.04
25-01-2026,UPI/DR/113705150998/Jio/ICICI/jio@paytm/UPI,063596243694,"1,960.63",,283446.41
25-01-2026,UPI/DR/845237854307/Amazon/PAYTM/amazon@apl/UPI,441259807886,400.88,,283045.53
26-01-2026,UPI/DR/217155010907/Rapido/PAYTM/rapido@icici/UPI,515400220181,190.24,,282855.29
27-01-2026,ATM CASH WITHDRAWAL/61739/COIMBATORE,862487711172,"1,000.00",,281855.29
27-01-2026,TRANSACTION CHARGES,687202437563,230.00,,281625.29
27-01-2026,GST ON CHARGES,637970163117,41.40,,281583.89
28-01-2026,UPI/DR/878919712151/Jio/ICICI/jio@paytm/UPI,217776914615,"2,450.71",,279133.18
28-01-2026,UPI/DR/563518762463/Mamta/HDFC/mamta418@ibl/UPI,427051064776,"12,050.15",,267083.03
29-01-2026,UPI/DR/555403502588/Amazon/ICICI/amazon@apl/UPI,753557114655,"1,880.55",,265202.48
29-01-2026,POS VISHAL MEGA MART COIMBATORE,220416466878,"1,200.09",,264002.39
29-01-2026,UPI/DR/029247207431/BigBasket/ICICI/bigbasket@ybl/UPI,590972817607,"1,640.77",,262361.62
29-01-2026,UPI/DR/661866848801/Sumit/HDFC/sumitnaik29@paytm/UPI,599974299527,"2,000.44",,260361.18
30-01-2026,POS INDIAN OIL COIMBATO,781244141148,"2,400.25",,257960.93
31-01-2026,UPI/CR/423376089041/Lata/HDFC/lata.mehta@apl/UPI,177979960765,,"19,350.46",277311.39
01-02-2026,POS D MART COIMBATORE,364703249666,"2,200.75",,275110.64
01-02-2026,UPI/CR/896672292311/Shivam/UTIB/shivam.kulkarni@axl/UPI,059667819996,,"9,200.37",284311.01
01-02-2026,UPI/DR/625356891457/Flipkart/ICICI/flipkart@ybl/UPI,948020066098,"1,050.02",,283260.99
01-02-2026,UPI/CR/777213795984/Shreya/UTIB/shreya.tiwari@oksbi/UPI,067997462709,,"11,500.96",294761.95
01-02-2026,POS METRO CASH CARRY COIMBATORE,572606246008,"1,700.57",,293061.38
04-02-2026,UPI/DR/797929499147/Isha/PUNB/ishajain21@okicici/UPI,583067640013,"21,500.96",,271560.42
04-02-2026,SALARY CREDIT/S9365198569113/Accenture India Pvt Ltd,649928910024,,"90,132.89",361693.31
04-02-2026,UPI/CR/025029711425/Sapna/BARB/sapna347@okhdfcbank/UPI,924138612933,,"8,450.14",370143.45
06-02-2026,UPI/DR/317048447856/Ola/PAYTM/olamoney@ola/UPI,776665592885,260.50,,369882.95
06-02-2026,UPI/DR/310085986585/Apollo/ICICI/apollopharmacy@ybl/UPI,466532906693,299.00,,369583.95
07-02-2026,NACH/MANDATE/RNT0979896/RENT MANDATE,020305513213,"7,000.00",,362583.95
08-02-2026,UPI/DR/329495802145/Dunzo/ICICI/dunzo@razorpay/UPI,113137865986,"2,000.81",,360583.14
09-02-2026,IMPS/P2M/603770057444//Naresh Tiwari/UTIB,129210304900,"39,400.58",,321182.56
09-02-2026,UPI/DR/911108495328/Rohit/BARB/rohit318@kotak/UPI,293632503151,"9,900.98",,311281.58
10-02-2026,NACH/MANDATE/LN384952817956/SBI Home Loans,224350269452,"15,000.00",,296281.58
10-02-2026,UPI/DR/139060979648/Vi/PAYTM/jio@paytm/UPI,121279512898,829.00,,295452.58
11-02-2026,UPI/DR/280576981813/Dunzo/ICICI/dunzo@razorpay/UPI,522206537820,"2,670.58",,292782.00
11-02-2026,UPI/DR/562172548965/Flipkart/ICICI/flipkart@ybl/UPI,724531338666,"2,620.53",,290161.47
11-02-2026,UPI/DR/477055993344/Vi/PAYTM/jio@paytm/UPI,672475075298,829.00,,289332.47
11-02-2026,UPI/DR/326276107826/Mukesh/PUNB/mukesh298@ptsbi/UPI,268211343083,"3,950.30",,285382.17
12-02-2026,UPI/DR/639487300327/ACT/RAZORPAY/broadband@paytm/UPI,753905368916,449.00,,284933.17
12-02-2026,UPI/DR/857658942796/Rapido/PAYTM/rapido@icici/UPI,824786794531,500.54,,284432.63
13-02-2026,UPI/DR/136257942473/Seema/BARB/7029050979@apl/UPI,948715869575,"17,950.46",,266482.17
13-02-2026,UPI/CR/090617517988/Sushma/FDRL/2024644252@ybl/UPI,896120131680,,"2,100.58",268582.75
13-02-2026,UPI/CR/565717489518/Vikram/BKID/vikrambaja17@apl/UPI,863569561293,,"3,800.41",272383.16
14-02-2026,ATM CASH WITHDRAWAL/09876/COIMBATORE,122805725238,"8,500.00",,263883.16
15-02-2026,UPI/DR/681635097286/Meesho/PAYTM/meesho@ybl/UPI,752687285048,"6,000.01",,257883.15
16-02-2026,UPI/DR/385108224997/Akash/BARB/akashyada16@okicici/UPI,856541535976,"4,150.63",,253732.52
17-02-2026,UPI/DR/971812057902/Asha/UTIB/ashamukh11@ibl/UPI,838290451884,"5,600.40",,248132.12
18-02-2026,UPI/DR/901332199115/Dinesh/KKBK/dinesh.singh@aubank/UPI,695511042491,"6,200.00",,241932.12
20-02-2026,UPI/DR/484594318536/Indane/ICICI/indanegas@upi/UPI,175774167295,"1,800.10",,240132.02
20-02-2026,UPI/DR/760406102751/Ashish/BARB/ashish466@ptsbi/UPI,023419437971,"19,400.36",,220731.66
20-02-2026,UPI/DR/698689227322/Rapido/PAYTM/rapido@icici/UPI,161410903469,800.61,,219931.05
21-02-2026,UPI/DR/897432687238/Dunzo/ICICI/dunzo@razorpay/UPI,346249980906,"1,840.34",,218090.71
21-02-2026,ATM CASH WITHDRAWAL/46807/COIMBATORE,388393129577,"5,000.00",,213090.71
21-02-2026,POS MORE SUPER MARKET COIMBATORE,557141419465,850.25,,212240.46
21-02-2026,UPI/DR/887500241673/Deepak/BDBL/2336917448@apl/UPI,816598373547,"18,250.55",,193989.91
22-02-2026,UPI/DR/151126693543/Vi/PAYTM/jio@paytm/UPI,040029432900,839.00,,193150.91
22-02-2026,UPI/DR/299000024420/Apollo/ICICI/apollopharmacy@ybl/UPI,450665349870,740.48,,192410.43
22-02-2026,UPI/DR/916385906356/TSSPDCL/UPIN/tsspdclpayment@upi/UPI,974915020060,"2,950.94",,189459.49
22-02-2026,UPI/CR/551075073551/Himanshu/FDRL/himanshushah67@ybl/UPI,564270443174,,"17,050.71",206510.20
23-02-2026,UPI/DR/609383204931/Rapido/PAYTM/rapido@icici/UPI,584304933793,240.41,,206269.79
24-02-2026,UPI/DR/290096855933/Pankaj/SBIN/pankaj238@aubank/UPI,970513011212,"6,700.51",,199569.28
24-02-2026,POS BHARAT PETROLEUM COIMBATO,662425435113,"2,150.92",,197418.36
25-02-2026,POS VISHAL MEGA MART COIMBATORE,380595706459,"2,000.24",,195418.12
25-02-2026,UPI/DR/541643698421/Mina/FDRL/mina.khanna@upi/UPI,193071699534,"16,150.61",,179267.51
25-02-2026,UPI/DR/795007336473/Rapido/PAYTM/rapido@icici/UPI,751872917747,420.20,,178847.31
25-02-2026,UPI/DR/057774461296/Vi/PAYTM/jio@paytm/UPI,830236093583,309.00,,178538.31
26-02-2026,UPI/DR/379879663970/Ola/ICICI/olamoney@ola/UPI,107721560198,"2,350.63",,176187.68
26-02-2026,UPI/CR/376710346291/Babita/FDRL/babitaroy73@axl/UPI,027893860332,,"2,500.19",178687.87
27-02-2026,POS MAX FASHION COIMBATORE,584105488063,"4,250.23",,174437.64
27-02-2026,UPI/DR/256311949856/Vi/PAYTM/jio@paytm/UPI,170094489205,539.00,,173898.64
28-02-2026,UPI/DR/562061005087/Anjali/SBIN/anjaliyada81@kotak/UPI,621493169346,"3,050.09",,170848.55
28-02-2026,POS INDIAN OIL COIMBATO,696451178750,"1,650.60",,169197.95
28-02-2026,UPI/DR/440759721994/Kavya/SBIN/kavya803@paytm/UPI,416347831194,"16,200.95",,152997.00
01-03-2026,POS METRO CASH CARRY COIMBATORE,020100096535,"1,750.17",,151246.83
02-03-2026,UPI/DR/401026444489/Naveen/HDFC/6276576851@okaxis/UPI,450190358562,"3,250.51",,147996.32
02-03-2026,UPI/DR/655237728993/Uber/ICICI/uber@paytm/UPI,122074818824,"1,730.36",,146265.96
03-03-2026,UPI/DR/083384439971/Abhishek/BDBL/abhishek.malhotra@paytm/UPI,016690616695,"6,350.96",,139915.00
03-03-2026,UPI/CR/358294718019/Ritu/FDRL/ritumeht57@aubank/UPI,164711942018,,"13,800.65",153715.65
03-03-2026,UPI/DR/820147243360/Zomato/ICICI/zomato@axisbank/UPI,604317350700,"2,700.83",,151014.82
04-03-2026,UPI/DR/437040634042/Vi/PAYTM/jio@paytm/UPI,073180011286,849.00,,150165.82
04-03-2026,UPI/DR/480272678761/Jio/ICICI/jio@paytm/UPI,126614682910,"1,920.75",,148245.07
04-03-2026,UPI/DR/685042666005/Varsha/SBIN/varshabane68@ybl/UPI,945500369847,"17,950.52",,130294.55
05-03-2026,UPI/DR/780380958208/Myntra/PAYTM/myntra@ybl/UPI,637212498085,"1,000.49",,129294.06
05-03-2026,UPI/DR/341996731425/Amazon/ICICI/amazon@apl/UPI,933565168827,"2,110.58",,127183.48
05-03-2026,UPI/DR/551295528578/Max/LICI/licindia@licindia/UPI,947088178814,"5,500.00",,121683.48
06-03-2026,POS V MART COIMBATORE,662642862808,"3,350.16",,118333.32
07-03-2026,UPI/DR/006392358920/Santosh/SBIN/santosh.khanna@ptaxis/UPI,872295995583,"9,150.67",,109182.65
07-03-2026,SALARY CREDIT/S3832927271169/Accenture India Pvt Ltd,620196986879,,"90,747.89",199930.54
08-03-2026,POS PANTALOONS COIMBATORE,455832063868,"1,350.94",,198579.60
08-03-2026,ATM CASH WITHDRAWAL/05228/COIMBATORE,917872235370,"5,000.00",,193579.60
08-03-2026,UPI/DR/826669078617/Rapido/PAYTM/rapido@icici/UPI,536940777172,280.68,,193298.92
09-03-2026,UPI/DR/254655248050/Amazon/ICICI/amazon@apl/UPI,439835021398,"2,400.93",,190897.99
09-03-2026,UPI/CR/480660662420/Jyoti/KKBK/5888462814@ptsbi/UPI,626628719171,,"17,350.28",208248.27
09-03-2026,UPI/CR/461267488262/Nisha/UTIB/nisha970@paytm/UPI,831784497451,,"20,650.77",228899.04
10-03-2026,UPI/DR/109771090086/TSSPDCL/UPIN/tsspdclpayment@upi/UPI,937682120163,"3,900.34",,224998.70
10-03-2026,NACH/MANDATE/RNT1075950/RENT MANDATE,639258845017,"7,000.00",,217998.70
10-03-2026,POS PANTALOONS COIMBATORE,905383487468,"1,900.84",,216097.86
11-03-2026,POS RELIANCE PETROLEUM COIMBATO,627089185146,"3,000.22",,213097.64
11-03-2026,UPI/CR/815735083440/Ravi/UTIB/ravi.sen@oksbi/UPI,890925857308,,"21,000.94",234098.58
12-03-2026,POS HP PETROL PUMP COIMBATO,298184904630,"1,100.34",,232998.24
12-03-2026,UPI/DR/615282902706/Shivam/BARB/shivamkhan67@ptsbi/UPI,029130878618,"10,500.25",,222497.99
12-03-2026,UPI/DR/745998279414/PhonePe/ICICI/phonepe@ybl/UPI,438891037799,"2,180.24",,220317.75
12-03-2026,NACH/MANDATE/LN384952817956/SBI Home Loans,077746404210,"15,000.00",,205317.75
13-03-2026,POS HP PETROL PUMP COIMBATO,011198295063,"1,800.95",,203516.80
13-03-2026,ATM CASH WITHDRAWAL/39291/COIMBATORE,268894698806,"8,000.00",,195516.80
13-03-2026,UPI/DR/486788891338/Divya/PUNB/divya.pandey@aubank/UPI,716222910954,"5,600.25",,189916.55
14-03-2026,UPI/DR/679218775102/Zepto/ICICI/zepto@apl/UPI,113996475647,"1,560.44",,188356.11
15-03-2026,UPI/DR/814533972723/Sarita/FDRL/saritaahuj28@ybl/UPI,833701796280,"21,800.89",,166555.22
17-03-2026,UPI/DR/052423272388/Gaurav/UTIB/gaurav.roy@okaxis/UPI,397144330372,"4,350.38",,162204.84
17-03-2026,POS VISHAL MEGA MART COIMBATORE,992426031663,350.83,,161854.01
17-03-2026,POS VISHAL MEGA MART COIMBATORE,352608318218,"7,700.56",,154153.45
17-03-2026,UPI/DR/368399541589/Uber/ICICI/uber@paytm/UPI,676495189414,340.74,,153812.71
18-03-2026,UPI/DR/862629948487/Flipkart/ICICI/flipkart@ybl/UPI,661033841723,"1,200.17",,152612.54
18-03-2026,UPI/DR/173639063609/Rapido/PAYTM/rapido@icici/UPI,739251747629,760.88,,151851.66
18-03-2026,POS METRO CASH CARRY COIMBATORE,897903999237,"4,600.58",,147251.08
18-03-2026,UPI/CR/507985144015/Divya/HDFC/divyamish23@ybl/UPI,836220603544,,"13,350.85",160601.93
18-03-2026,ATM CASH WITHDRAWAL/70067/COIMBATORE,786596913541,"8,500.00",,152101.93
19-03-2026,IMPS/P2M/093910819121//Anil Mishra/BKID,040185041626,"33,500.96",,118600.97
19-03-2026,UPI/DR/006237130819/Rapido/PAYTM/rapido@icici/UPI,957129266849,810.73,,117790.24
20-03-2026,UPI/DR/997841487973/Amazon/ICICI/amazon@apl/UPI,770008027138,"2,100.38",,115689.86
20-03-2026,UPI/DR/638818619709/Zepto/ICICI/zepto@apl/UPI,248102133054,310.00,,115379.86
22-03-2026,ATM CASH WITHDRAWAL/15212/COIMBATORE,328045112507,"5,500.00",,109879.86
22-03-2026,UPI/DR/589042369394/Uber/PAYTM/uber@paytm/UPI,028518402195,750.35,,109129.51
22-03-2026,UPI/DR/476847730611/Saurabh/BKID/saurabh.kumar@okicici/UPI,243595262980,"9,000.28",,100129.23
23-03-2026,UPI/DR/802494905755/Indane/ICICI/indanegas@upi/UPI,522117792257,"1,800.91",,98328.32
24-03-2026,UPI/DR/364633766813/Mukesh/BARB/7480939469@upi/UPI,593472381010,"20,450.27",,77878.05
24-03-2026,UPI/DR/808516503809/Rapido/PAYTM/rapido@icici/UPI,831955474164,650.13,,77227.92
25-03-2026,UPI/DR/143460029391/Flipkart/ICICI/flipkart@ybl/UPI,409190005198,370.81,,76857.11
26-03-2026,UPI/DR/756732146435/Paytm/ICICI/paytm@paytm/UPI,882721134206,"1,420.80",,75436.31
26-03-2026,UPI/DR/618614325313/Ola/ICICI/olamoney@ola/UPI,873378643736,"2,420.72",,73015.59
27-03-2026,UPI/DR/298514246084/Mamta/KKBK/0589581874@ibl/UPI,332344612420,"18,400.51",,54615.08
28-03-2026,INTEREST CREDIT,390595331561,,"1,095.99",55711.07
28-03-2026,UPI/CR/885793702150/Sonia/BDBL/soniachat62@axl/UPI,380217966590,,"8,150.48",63861.55
28-03-2026,UPI/DR/948076384382/Sarita/UCBA/sarita.chopra@pthdfc/UPI,659043454255,"20,000.90",,43860.65
28-03-2026,UPI/DR/805401851006/Swiggy/ICICI/swiggy@icici/UPI,981319459040,160.58,,43700.07
28-03-2026,UPI/DR/040858262598/Vi/PAYTM/jio@paytm/UPI,509118681491,989.00,,42711.07
29-03-2026,UPI/DR/177692270769/BigBasket/ICICI/bigbasket@ybl/UPI,593787514585,"2,570.80",,40140.27
29-03-2026,UPI/DR/247606863884/Blinkit/ICICI/blinkit@kotak/UPI,119520466157,490.04,,39650.23
29-03-2026,UPI/DR/111922041735/Vi/PAYTM/jio@paytm/UPI,542842534341,699.00,,38951.23
30-03-2026,POS INDIAN OIL COIMBATO,089007775557,"4,350.70",,34600.53
30-03-2026,UPI/CR/907651193370/Maya/BDBL/0707339790@ybl/UPI,057599119221,,"8,300.91",42901.44
31-03-2026,TRANSACTION CHARGES,978375663103,590.00,,42311.44
31-03-2026,GST ON CHARGES,856826062174,106.20,,42205.24
01-04-2026,UPI/DR/749571002787/PhonePe/ICICI/phonepe@ybl/UPI,532821261554,"1,420.75",,40784.49
01-04-2026,UPI/DR/638982123749/BSNL/ICICI/bsnlbroadband@upi/UPI,755477889430,510.67,,40273.82
01-04-2026,UPI/DR/743972776306/Flipkart/PAYTM/flipkart@ybl/UPI,467004736273,"5,300.71",,34973.11
02-04-2026,UPI/CR/871690623530/Arjun/BKID/1728930759@okhdfcbank/UPI,058623174222,,"12,050.52",47023.63
02-04-2026,UPI/DR/114407230964/Rapido/PAYTM/rapido@icici/UPI,763492338978,480.47,,46543.16
03-04-2026,ATM CASH WITHDRAWAL/94832/COIMBATORE,935138383358,"2,500.00",,44043.16
03-04-2026,UPI/DR/689157305056/Rapido/PAYTM/rapido@icici/UPI,076937622293,300.76,,43742.40
03-04-2026,UPI/DR/444895425129/Amazon/ICICI/amazon@apl/UPI,457803040544,"1,940.93",,41801.47
04-04-2026,UPI/DR/005073840543/Vi/PAYTM/jio@paytm/UPI,538841165450,609.00,,41192.47
04-04-2026,SALARY CREDIT/S7102879001704/Accenture India Pvt Ltd,503382606238,,"93,304.89",134497.36
04-04-2026,UPI/DR/019538199681/Ola/PAYTM/olamoney@ola/UPI,735534842727,100.24,,134397.12
05-04-2026,UPI/CR/977730188852/Geeta/BKID/geeta.saxena@apl/UPI,021963701259,,"4,250.61",138647.73
05-04-2026,UPI/DR/120044873139/Zepto/ICICI/zepto@apl/UPI,122607677672,"2,180.17",,136467.56
06-04-2026,UPI/DR/485592592859/Vandana/HDFC/vandanagupt37@ptyes/UPI,497223468958,"13,300.73",,123166.83
06-04-2026,UPI/DR/892103854696/Prashant/BDBL/prashant741@okicici/UPI,785216910213,"11,800.70",,111366.13
07-04-2026,UPI/DR/189479724822/Jio/ICICI/jio@paytm/UPI,510889005681,"2,100.23",,109265.90
08-04-2026,UPI/DR/145684796121/Uber/ICICI/uber@paytm/UPI,786930049860,520.56,,108745.34
09-04-2026,UPI/CR/322408330669/Sangita/PUNB/6374336957@paytm/UPI,873738692798,,"12,700.86",121446.20
09-04-2026,NACH/MANDATE/RNT2379154/RENT MANDATE,045016768614,"7,000.00",,114446.20
10-04-2026,NACH/MANDATE/LN384952817956/SBI Home Loans,009203492261,"15,000.00",,99446.20
10-04-2026,UPI/DR/690845242379/Zomato/ICICI/zomato@axisbank/UPI,979276089986,"2,520.51",,96925.69
10-04-2026,UPI/DR/147516188617/Vi/PAYTM/jio@paytm/UPI,087592601043,189.00,,96736.69
11-04-2026,UPI/DR/989088165800/BigBasket/ICICI/bigbasket@ybl/UPI,289339179648,"1,130.74",,95605.95
12-04-2026,UPI/DR/203212241465/Vi/PAYTM/jio@paytm/UPI,591208980282,229.00,,95376.95
12-04-2026,UPI/CR/649831776663/Vishal/KKBK/vishal780@upi/UPI,802834320016,,"14,000.05",109377.00
12-04-2026,UPI/DR/475903320375/Varun/UTIB/varundube34@upi/UPI,367724902642,"13,400.90",,95976.10
13-04-2026,UPI/DR/373461902851/Naveen/PUNB/1645872363@oksbi/UPI,410873041522,"8,500.43",,87475.67
13-04-2026,POS PANTALOONS COIMBATORE,101397391387,"8,500.57",,78975.10
13-04-2026,NEFT/N8924653976430/Patni Computer Syste,756213987621,,"52,500.22",131475.32
14-04-2026,UPI/CR/481351004391/Rekha/SBIN/8762134843@ptsbi/UPI,326673051935,,"9,850.92",141326.24
15-04-2026,UPI/DR/264810549779/Ola/PAYTM/olamoney@ola/UPI,620704638530,90.39,,141235.85
15-04-2026,UPI/DR/872973325287/Vi/PAYTM/jio@paytm/UPI,211304273737,429.00,,140806.85
16-04-2026,POS BHARAT PETROLEUM COIMBATO,322304972966,"2,650.17",,138156.68
17-04-2026,UPI/DR/338194695501/Sangita/UCBA/sangita.nair@ibl/UPI,197490731489,"7,450.04",,130706.64
17-04-2026,UPI/DR/096907149444/ACT/RAZORPAY/broadband@paytm/UPI,774690705773,"1,099.00",,129607.64
17-04-2026,UPI/DR/656585414894/BSNL/ICICI/bsnlbroadband@upi/UPI,499808476443,860.92,,128746.72
17-04-2026,UPI/DR/559648356168/Ola/PAYTM/olamoney@ola/UPI,793832403992,670.04,,128076.68
17-04-2026,UPI/DR/437244601295/Swati/HDFC/swatishuk18@ptsbi/UPI,303083507799,"15,150.30",,112926.38
18-04-2026,UPI/DR/264163384059/Indane/ICICI/indanegas@upi/UPI,313780642470,"2,550.30",,110376.08
20-04-2026,POS MAX FASHION COIMBATORE,154478640378,"4,400.66",,105975.42
21-04-2026,UPI/DR/934458510524/Flipkart/PAYTM/flipkart@ybl/UPI,509995730253,"4,950.76",,101024.66
22-04-2026,ATM CASH WITHDRAWAL/12493/COIMBATORE,587539974422,"5,500.00",,95524.66
22-04-2026,UPI/CR/924446367553/Kiran/FDRL/kiraniyer31@ptaxis/UPI,941552617311,,"11,050.81",106575.47
22-04-2026,UPI/DR/458991582356/TSSPDCL/UPIN/tsspdclpayment@upi/UPI,792597446066,"3,300.73",,103274.74
22-04-2026,UPI/DR/342570454572/Uber/ICICI/uber@paytm/UPI,591339751084,780.61,,102494.13
22-04-2026,POS RELIANCE PETROLEUM COIMBATO,611594517113,850.60,,101643.53
23-04-2026,UPI/DR/680629560657/Jio/ICICI/jio@paytm/UPI,667654987945,510.98,,101132.55
23-04-2026,UPI/CR/953288322652/Ritu/SBIN/6478798022@ybl/UPI,511150112308,,"4,500.06",105632.61
24-04-2026,UPI/CR/359205738049/Babita/BARB/babita791@upi/UPI,236820926617,,"13,400.63",119033.24
25-04-2026,UPI/DR/421476113891/Harish/SBIN/harish512@okaxis/UPI,579204426973,"16,750.37",,102282.87
25-04-2026,POS STAR BAZAAR COIMBATORE,359189020333,"8,000.39",,94282.48
25-04-2026,UPI/CR/589381395087/Ankit/UTIB/ankitchau26@ptaxis/UPI,039736221819,,"11,750.97",106033.45
25-04-2026,ATM CASH WITHDRAWAL/44003/COIMBATORE,586036809343,"5,000.00",,101033.45
25-04-2026,ATM CASH WITHDRAWAL/73540/COIMBATORE,140441419149,"9,000.00",,92033.45
26-04-2026,POS STAR BAZAAR COIMBATORE,805171692005,"1,100.09",,90933.36
27-04-2026,POS BHARAT PETROLEUM COIMBATO,385765637407,"2,600.26",,88333.10
28-04-2026,UPI/DR/941647861208/Zepto/ICICI/zepto@apl/UPI,798099223189,760.53,,87572.57
29-04-2026,UPI/DR/524082847517/Zepto/ICICI/zepto@apl/UPI,293397419580,"1,470.77",,86101.80
29-04-2026,UPI/DR/909998159912/Sangita/SBIN/sangita757@kotak/UPI,648134969060,"17,700.40",,68401.40
29-04-2026,UPI/DR/432147626865/Nykaa/PAYTM/nykaa@razorpay/UPI,425045705386,"3,050.72",,65350.68
29-04-2026,UPI/DR/877701292784/Seema/KKBK/seema.nair@okaxis/UPI,344159285536,"20,000.26",,45350.42
30-04-2026,UPI/CR/717898769017/Anjali/KKBK/anjali.shukla@apl/UPI,574320471097,,"20,550.73",65901.15
30-04-2026,UPI/CR/642283291065/Preeti/HDFC/3985060487@paytm/UPI,551176814299,,"17,450.39",83351.54
30-04-2026,POS INDIAN OIL COIMBATO,119119377172,"1,950.27",,81401.27
01-05-2026,UPI/DR/297087709568/Asha/UCBA/ashachat30@oksbi/UPI,868803837374,"17,550.99",,63850.28
01-05-2026,UPI/DR/004248118618/Ola/PAYTM/olamoney@ola/UPI,652163811955,80.76,,63769.52
01-05-2026,UPI/DR/628169664596/Flipkart/ICICI/flipkart@ybl/UPI,875884800638,570.85,,63198.67
01-05-2026,UPI/DR/293912673485/Zomato/ICICI/zomato@axisbank/UPI,378605997263,760.24,,62438.43
03-05-2026,UPI/DR/266403914797/Amazon/PAYTM/amazon@apl/UPI,039046594858,"5,300.08",,57138.35
04-05-2026,POS METRO CASH CARRY COIMBATORE,880436790540,"6,400.01",,50738.34
04-05-2026,POS HP PETROL PUMP COIMBATO,984227678018,"1,850.89",,48887.45
06-05-2026,POS METRO CASH CARRY COIMBATORE,331705474150,"2,050.95",,46836.50
06-05-2026,ATM CASH WITHDRAWAL/51566/COIMBATORE,205308577515,"3,000.00",,43836.50
07-05-2026,SALARY CREDIT/S0800242712811/Accenture India Pvt Ltd,351338215175,,"90,571.89",134408.39
07-05-2026,UPI/CR/257695445702/Anita/SBIN/anitabose39@ptyes/UPI,411313985220,,"16,700.19",151108.58
08-05-2026,IMPS/P2M/905328273234//Ashish Verma/SBIN,530673735787,"31,800.12",,119308.46
08-05-2026,UPI/DR/296937018416/Ola/PAYTM/olamoney@ola/UPI,264305298648,900.45,,118408.01
08-05-2026,POS RELIANCE PETROLEUM COIMBATO,392420270446,"2,550.52",,115857.49
08-05-2026,UPI/DR/408175518343/Manoj/FDRL/manoj981@ptyes/UPI,388513542039,"21,700.76",,94156.73
