Bank Name,HDFC BANK LTD
Account Number,17827883120358
Account Holder Name,PALLAVI KAPOOR
Branch,CIVIL LINES
IFSC Code,HDFC0345427
Statement Period,01-12-2024 To 09-05-2026

Date,Description,Ref/ChequeNo,Debit,Credit,Balance
01/12/24,UPI-Jio Recharge-jio@paytm-357199479798-DR VIA UPI,493172498315,130.80,,381362.45
02/12/24,UPI-Preeti Srivastava-9673229650@ptsbi-890321844069-DR VIA UPI,814281922610,"3,500.43",,377862.02
03/12/24,UPI-Blinkit-blinkit@kotak-752909734934-DR VIA UPI,820213671433,630.03,,377231.99
04/12/24,POS RELIANCE MART SURAT,013599380757,"4,450.04",,372781.95
04/12/24,ATW-XXXXXX1502-QBJ80780-SURAT 656771073781,755424604364,"5,500.00",,367281.95
04/12/24,UPI-Rahul Pillai-rahul799@kotak-766927508943-CR VIA UPI,739861668152,,"20,100.80",387382.75
05/12/24,UPI-MedPlus Health-medplus@icici-244303708041-DR VIA UPI,391052070401,"1,070.03",,386312.72
05/12/24,UPI-Rapido-rapido@icici-232261366032-DR VIA UPI,510330699717,410.03,,385902.69
05/12/24,SALARY-S5847715966723/NEFT/Hexaware Technologies,553334717959,,"110,067.23",495969.92
06/12/24,UPI-Rapido-rapido@icici-768035145457-DR VIA UPI,117807156285,830.79,,495139.13
06/12/24,UPI-Mahesh Pillai-maheshpill74@ybl-519456758952-DR VIA UPI,231340595102,"6,750.75",,488388.38
06/12/24,UPI-Blinkit-blinkit@kotak-273675071086-DR VIA UPI,584008823577,460.93,,487927.45
06/12/24,POS RELIANCE PETROLEUM SURAT,454345315792,"3,500.55",,484426.90
07/12/24,UPI-Sanjay Shah-sanjay.shah@ptaxis-058468962660-CR VIA UPI,228249327368,,"17,050.26",501477.16
07/12/24,UPI-Isha Nair-3410044357@ptsbi-649182487841-CR VIA UPI,166639414206,,"5,400.81",506877.97
07/12/24,UPI-Nykaa-nykaa@razorpay-398505288998-DR VIA UPI,980708943106,449.00,,506428.97
07/12/24,UPI-Flipkart-flipkart@ybl-309664699056-DR VIA UPI,877288457259,910.21,,505518.76
08/12/24,ECS-NACH-RNT7502205-RENT MANDATE,272793984138,"18,500.00",,487018.76
08/12/24,UPI-ACT Fibernet-broadband@paytm-862754921923-DR VIA UPI,232279903481,"1,199.00",,485819.76
09/12/24,ECS-NACH-LN811618202917-Manappuram Finance,584945397364,"10,500.00",,475319.76
09/12/24,UPI-Lalit Khanna-lalit920@ptaxis-036501924048-DR VIA UPI,671782878186,"1,900.02",,473419.74
10/12/24,ATW-XXXXXX3825-SQQ06366-SURAT 324620940704,941420343062,"5,000.00",,468419.74
10/12/24,UPI-Bajaj Allianz Life-licindia@licindia-420422720051-DR VIA UPI,111771278097,"5,400.00",,463019.74
11/12/24,POS STAR BAZAAR SURAT,390759785440,"7,350.38",,455669.36
12/12/24,POS SHELL FUEL STATION SURAT,844564836357,"3,850.91",,451818.45
12/12/24,ECS-NACH-SIP2795298-Mirae Asset MF,311183561743,"7,000.00",,444818.45
13/12/24,UPI-Indane Gas-indanegas@upi-512321347974-DR VIA UPI,098777701071,"2,150.00",,442668.45
13/12/24,IMPS-224589527014-Anjali Ahuja-HDFC-XXXXXXX1340-IMPSTXN,949144993583,"30,500.15",,412168.30
13/12/24,POS LIFESTYLE STORES SURAT,459601467031,"4,750.30",,407418.00
13/12/24,UPI-Swati Banerjee-0936911667@ptyes-083497979305-CR VIA UPI,270694604557,,"3,800.22",411218.22
14/12/24,UPI-Meena Nair-meenanair72@axl-956653604927-DR VIA UPI,828725606586,"20,600.36",,390617.86
15/12/24,ATW-XXXXXX2119-VFL09628-SURAT 654067843203,219598213274,"5,500.00",,385117.86
15/12/24,UPI-Airtel Payments-airtel@axis-505213393051-DR VIA UPI,659732677182,929.00,,384188.86
16/12/24,UPI-Amazon Pay-amazon@apl-044180356015-DR VIA UPI,622214802979,"1,830.70",,382358.16
16/12/24,UPI-Nykaa-nykaa@razorpay-449719648710-DR VIA UPI,446699814560,"1,550.35",,380807.81
17/12/24,UPI-Rajesh Banerjee-rajesh.banerjee@ptsbi-215060858998-DR VIA UPI,993298863054,"14,950.58",,365857.23
17/12/24,UPI-Uber India-uber@paytm-987237643393-DR VIA UPI,608708941213,510.22,,365347.01
17/12/24,NEFT*N6826199199032/Hexaware Technologie/CR,208481245870,,"24,000.66",389347.67
18/12/24,UPI-BESCOM-bescompayment@upi-843881523255-DR VIA UPI,661189379478,"2,500.43",,386847.24
19/12/24,UPI-Blinkit-blinkit@kotak-322072599458-DR VIA UPI,122135259979,"2,420.21",,384427.03
19/12/24,UPI-Airtel Payments-airtel@axis-196434726750-DR VIA UPI,748323103698,719.00,,383708.03
20/12/24,UPI-Gaurav Patil-1180591139@ybl-934863785935-DR VIA UPI,593699119480,"8,450.57",,375257.46
22/12/24,POS BIG BAZAAR SURAT,819005026167,"7,150.11",,368107.35
22/12/24,UPI-Airtel Payments-airtel@axis-707815668590-DR VIA UPI,674007505718,459.00,,367648.35
22/12/24,UPI-Vishal Shukla-vishalshuk52@upi-700338196576-DR VIA UPI,635543164405,"3,850.97",,363797.38
23/12/24,POS LIFESTYLE STORES SURAT,141465905632,"4,100.71",,359696.67
23/12/24,UPI-Dunzo-dunzo@razorpay-668850380702-DR VIA UPI,943312411365,"2,520.43",,357176.24
24/12/24,ATW-XXXXXX5938-PDR73618-SURAT 467413353046,198495911139,"3,500.00",,353676.24
25/12/24,UPI-Uber India-uber@paytm-578549109705-DR VIA UPI,638328234285,650.99,,353025.25
26/12/24,UPI-Renu Kapoor-renu.kapoor@okhdfcbank-842080365081-CR VIA UPI,894572908120,,"8,400.40",361425.65
26/12/24,ATW-XXXXXX9634-FTN90755-SURAT 557629728420,264784248615,"9,500.00",,351925.65
26/12/24,POS MORE SUPER MARKET SURAT,042177170501,650.84,,351274.81
27/12/24,UPI-Dunzo-dunzo@razorpay-767384263090-DR VIA UPI,177736977524,190.65,,351084.16
27/12/24,UPI-Ola Cabs-olamoney@ola-529384858498-DR VIA UPI,976896514102,900.33,,350183.83
27/12/24,UPI-Kavita Thapar-kavita.thapar@axl-762291060662-DR VIA UPI,261608961441,"8,650.46",,341533.37
28/12/24,MOBILE BANKING CHARGES,519953483122,440.00,,341093.37
28/12/24,GST ON CHARGES,385111109702,79.20,,341014.17
28/12/24,INTEREST CREDIT,553293841579,,540.68,341554.85
28/12/24,UPI-Varsha Iyer-varsha.iyer@axl-769901930608-CR VIA UPI,054134949649,,"10,650.35",352205.20
30/12/24,ATW-XXXXXX6440-YVY00558-SURAT 096632034600,394584492160,"10,000.00",,342205.20
31/12/24,UPI-Zomato-zomato@axisbank-862627763341-DR VIA UPI,592302816321,970.55,,341234.65
01/01/25,POS SHELL FUEL STATION SURAT,996681136637,"3,150.74",,338083.91
01/01/25,UPI-Amazon Pay-amazon@apl-379262104855-DR VIA UPI,525931393888,"4,600.13",,333483.78
02/01/25,POS HP PETROL PUMP SURAT,605459208070,"2,700.28",,330783.50
02/01/25,UPI-Jio Recharge-jio@paytm-701278638080-DR VIA UPI,817745796234,470.77,,330312.73
02/01/25,POS PANTALOONS SURAT,179605500881,"5,900.79",,324411.94
04/01/25,UPI-Practo-practo@paytm-345253967997-DR VIA UPI,114794763898,899.00,,323512.94
06/01/25,UPI-Sushma Desai-sushmadesa24@ibl-177326609915-CR VIA UPI,040809060734,,"18,750.32",342263.26
06/01/25,UPI-Pooja Tiwari-poojatiwa65@apl-932306020650-CR VIA UPI,519887958643,,"21,300.07",363563.33
06/01/25,UPI-Gaurav Saxena-gauravsaxe86@kotak-021530696542-CR VIA UPI,927070547043,,"11,000.48",374563.81
06/01/25,ATW-XXXXXX6455-LIN81106-SURAT 998587070923,464830270015,"5,000.00",,369563.81
06/01/25,UPI-Bajaj Allianz Life-licindia@licindia-438469794858-DR VIA UPI,298373508496,"5,400.00",,364163.81
06/01/25,UPI-PhonePe Merchant-phonepe@ybl-527816812382-DR VIA UPI,954702889834,"1,850.06",,362313.75
06/01/25,UPI-Kavita Dutta-kavitadutt16@upi-500440059383-CR VIA UPI,450999576387,,"12,900.79",375214.54
06/01/25,SALARY-S8959472277879/NEFT/Hexaware Technologies,887651588160,,"109,606.23",484820.77
07/01/25,POS PANTALOONS SURAT,382791912486,"7,650.72",,477170.05
07/01/25,UPI-Ola Cabs-olamoney@ola-862954321429-DR VIA UPI,813046227489,110.82,,477059.23
08/01/25,UPI-Airtel Payments-airtel@axis-414192608486-DR VIA UPI,270250383432,349.00,,476710.23
08/01/25,UPI-Sunil Srivastava-sunil858@ptsbi-734742338328-CR VIA UPI,723166136931,,"18,700.24",495410.47
10/01/25,ECS-NACH-RNT7489072-RENT MANDATE,161140782960,"18,500.00",,476910.47
10/01/25,ECS-NACH-LN811618202917-Manappuram Finance,482154848698,"10,500.00",,466410.47
11/01/25,NEFT*N5418443193986/Vodafone Idea Ltd/CR,451894975801,,"41,000.46",507410.93
11/01/25,UPI-Uber India-uber@paytm-223541351208-DR VIA UPI,387337648968,"2,520.70",,504890.23
11/01/25,UPI-Naveen Bajaj-naveen.bajaj@okicici-600961662602-DR VIA UPI,448919166106,"8,000.21",,496890.02
11/01/25,UPI-Akash Ahuja-akash746@apl-235797672009-CR VIA UPI,930432352495,,"10,100.20",506990.22
12/01/25,UPI-Paytm Mall-paytm@paytm-278623774811-DR VIA UPI,113908331546,840.54,,506149.68
14/01/25,UPI-Airtel Payments-airtel@axis-454018492645-DR VIA UPI,191787054222,889.00,,505260.68
15/01/25,UPI-Rapido-rapido@icici-631141093633-DR VIA UPI,204027431755,600.02,,504660.66
15/01/25,UPI-BESCOM-bescompayment@upi-925229225822-DR VIA UPI,205573750781,"2,950.43",,501710.23
15/01/25,UPI-Myntra-myntra@ybl-080494928832-DR VIA UPI,984240276118,"1,450.90",,500259.33
15/01/25,UPI-Paytm Mall-paytm@paytm-288349547953-DR VIA UPI,776393587220,"1,920.31",,498339.02
16/01/25,UPI-Tarun Yadav-tarun.yadav@axl-601216839850-DR VIA UPI,882147123338,"1,300.28",,497038.74
16/01/25,ECS-NACH-SIP4704321-Mirae Asset MF,184488685627,"7,000.00",,490038.74
16/01/25,UPI-Blinkit-blinkit@kotak-955825967696-DR VIA UPI,388216949956,"2,750.28",,487288.46
17/01/25,IMPS-826997814866-Kavita Pillai-BKID-XXXXXXX3758-IMPSTXN,699402216070,"29,900.94",,457387.52
17/01/25,UPI-Nykaa-nykaa@razorpay-652043776983-DR VIA UPI,779163427287,"4,000.37",,453387.15
18/01/25,UPI-Indane Gas-indanegas@upi-201286413702-DR VIA UPI,242018796948,"2,200.15",,451187.00
19/01/25,UPI-Uber India-uber@paytm-131479206028-DR VIA UPI,347946106614,710.54,,450476.46
19/01/25,UPI-Rajan Singh-rajan.singh@axl-303665851462-CR VIA UPI,468996458266,,"8,550.21",459026.67
19/01/25,UPI-Ola Cabs-olamoney@ola-812558363859-DR VIA UPI,019050068822,440.61,,458586.06
19/01/25,UPI-Shweta Malhotra-1179204242@pthdfc-005077215355-CR VIA UPI,518002663640,,"14,250.18",472836.24
20/01/25,POS BHARAT PETROLEUM SURAT,775697417282,"1,900.88",,470935.36
20/01/25,UPI-Uber India-uber@paytm-762423420675-DR VIA UPI,130298837021,340.98,,470594.38
20/01/25,UPI-Anjali Srivastava-anjali.srivastava@okaxis-948232019389-CR VIA UPI,988486043221,,"2,900.31",473494.69
20/01/25,POS V MART SURAT,571238695983,"1,300.78",,472193.91
20/01/25,UPI-Abhishek Sen-abhishek700@ptaxis-426001541616-CR VIA UPI,525470417952,,"1,600.48",473794.39
20/01/25,ATW-XXXXXX2192-TIB70032-SURAT 189416880876,634914157363,"4,500.00",,469294.39
21/01/25,UPI-Manish Jain-manishjain42@apl-589540877304-DR VIA UPI,591810665898,"3,000.97",,466293.42
21/01/25,ATW-XXXXXX8231-YMY37111-SURAT 114861935743,061669686882,"5,000.00",,461293.42
21/01/25,UPI-BSNL Broadband-bsnlbroadband@upi-526410733630-DR VIA UPI,912566410809,"2,450.70",,458842.72
22/01/25,UPI-Airtel Payments-airtel@axis-767369817761-DR VIA UPI,785815535143,699.00,,458143.72
22/01/25,UPI-Deepa Khanna-2520744583@ptyes-062610630384-CR VIA UPI,312945689620,,"20,650.08",478793.80
23/01/25,UPI-Airtel Payments-airtel@axis-200344285538-DR VIA UPI,868264682185,979.00,,477814.80
23/01/25,UPI-Shreya Chopra-shreya387@ibl-340333418947-CR VIA UPI,922059873095,,"10,850.50",488665.30
24/01/25,UPI-Sunita Kulkarni-sunitakulk60@aubank-789696169450-CR VIA UPI,257549459760,,"21,550.77",510216.07
25/01/25,UPI-Kavita Malhotra-kavita485@oksbi-925383232288-DR VIA UPI,182478175256,"3,350.05",,506866.02
25/01/25,UPI-Dunzo-dunzo@razorpay-925240280568-DR VIA UPI,668275365540,"1,500.70",,505365.32
26/01/25,UPI-Pooja Shah-poojashah37@apl-896431496415-DR VIA UPI,854693716215,"2,600.87",,502764.45
26/01/25,UPI-Sonia Jain-sonia.jain@ybl-285312008298-DR VIA UPI,581702672550,"3,750.51",,499013.94
29/01/25,UPI-Kavya Desai-2044532448@upi-088131232135-DR VIA UPI,789864633703,"18,150.47",,480863.47
29/01/25,UPI-Airtel Payments-airtel@axis-942569333965-DR VIA UPI,159837260796,799.00,,480064.47
30/01/25,UPI-Lata Kulkarni-lata.kulkarni@aubank-042566030430-DR VIA UPI,308225697192,"13,750.54",,466313.93
31/01/25,POS HP PETROL PUMP SURAT,380180949452,"4,450.29",,461863.64
31/01/25,UPI-Dunzo-dunzo@razorpay-211662365270-DR VIA UPI,322958116234,"1,190.38",,460673.26
31/01/25,UPI-Manoj Agarwal-manojagar76@ptyes-410472306952-CR VIA UPI,061334670004,,"12,500.19",473173.45
02/02/25,IMPS-736458862030-Pallavi Rao-UTIB-XXXXXXX7930-IMPSTXN,247778076758,"41,600.32",,431573.13
03/02/25,POS METRO CASH CARRY SURAT,606066151398,"8,250.19",,423322.94
04/02/25,UPI-Ajay Dutta-ajay447@okicici-843718469728-DR VIA UPI,151717054308,"11,500.17",,411822.77
05/02/25,ATW-XXXXXX4684-EQU26589-SURAT 535745739019,529488830017,"8,500.00",,403322.77
05/02/25,UPI-Hotstar-hotstar@hdfcbank-705216903134-DR VIA UPI,936443031256,449.00,,402873.77
06/02/25,UPI-Flipkart-flipkart@ybl-573979421800-DR VIA UPI,806699163544,"3,550.96",,399322.81
06/02/25,UPI-Bajaj Allianz Life-licindia@licindia-906153619081-DR VIA UPI,437397305759,"5,400.00",,393922.81
07/02/25,POS HP PETROL PUMP SURAT,755785705780,"3,900.25",,390022.56
07/02/25,ATW-XXXXXX1782-EKS89720-SURAT 323775367196,665700997468,"8,000.00",,382022.56
07/02/25,SALARY-S5417154056819/NEFT/Hexaware Technologies,989316973195,,"110,451.23",492473.79
07/02/25,UPI-Rakesh Roy-7046562690@upi-206058087526-CR VIA UPI,543266920921,,"7,950.61",500424.40
08/02/25,UPI-Sonia Ghosh-soniaghos75@ptaxis-940955699591-CR VIA UPI,930346675983,,"8,200.48",508624.88
09/02/25,ECS-NACH-RNT2894780-RENT MANDATE,143759511158,"18,500.00",,490124.88
09/02/25,UPI-BigBasket-bigbasket@ybl-239662007174-DR VIA UPI,868209574690,"1,680.32",,488444.56
10/02/25,ATW-XXXXXX3859-RFM94360-SURAT 507971774533,729089628921,"8,000.00",,480444.56
11/02/25,UPI-Zepto-zepto@apl-134992516441-DR VIA UPI,418475214911,"2,070.96",,478373.60
11/02/25,UPI-Airtel Payments-airtel@axis-086653404468-DR VIA UPI,462643582188,649.00,,477724.60
11/02/25,UPI-PhonePe Merchant-phonepe@ybl-979114122115-DR VIA UPI,210991041140,340.24,,477384.36
12/02/25,UPI-ACT Fibernet-broadband@paytm-506483569332-DR VIA UPI,764425789993,899.00,,476485.36
12/02/25,UPI-BESCOM-bescompayment@upi-095555192420-DR VIA UPI,002874147411,"2,700.93",,473784.43
12/02/25,UPI-Maya Pillai-9708072483@ybl-953168086511-DR VIA UPI,056096312094,"4,050.02",,469734.41
12/02/25,UPI-Amazon Pay-amazon@apl-036186075777-DR VIA UPI,994297587421,200.22,,469534.19
13/02/25,UPI-Varun Menon-varunmeno22@ptyes-575464045062-DR VIA UPI,368657387372,"5,950.73",,463583.46
13/02/25,UPI-Apollo Pharmacy-apollopharmacy@ybl-036321298290-DR VIA UPI,294408687946,599.00,,462984.46
14/02/25,UPI-Myntra-myntra@ybl-560724887176-DR VIA UPI,797183054244,"1,250.96",,461733.50
15/02/25,ECS-NACH-LN811618202917-Manappuram Finance,747099622129,"10,500.00",,451233.50
15/02/25,POS MORE SUPER MARKET SURAT,454234738337,"7,000.41",,444233.09
15/02/25,UPI-PhonePe Merchant-phonepe@ybl-651844011477-DR VIA UPI,806164673126,420.77,,443812.32
16/02/25,UPI-Flipkart-flipkart@ybl-228393450666-DR VIA UPI,144998716168,"2,670.96",,441141.36
16/02/25,UPI-Shreya Chaudhary-shreyachau65@ybl-382787154827-DR VIA UPI,527352111977,"11,050.81",,430090.55
16/02/25,ECS-NACH-SIP3013098-Mirae Asset MF,427104734402,"7,000.00",,423090.55
16/02/25,UPI-Preeti Ahuja-9542542860@okaxis-248503728921-CR VIA UPI,481793516103,,"5,600.48",428691.03
17/02/25,POS LIFESTYLE STORES SURAT,936244237021,"8,250.92",,420440.11
17/02/25,UPI-Rapido-rapido@icici-384365030891-DR VIA UPI,218191337525,650.92,,419789.19
17/02/25,UPI-Ola Cabs-olamoney@ola-714743917148-DR VIA UPI,540489275356,"1,470.58",,418318.61
18/02/25,UPI-Uber India-uber@paytm-348255466204-DR VIA UPI,271122984084,320.95,,417997.66
19/02/25,UPI-Siddharth Patil-siddharthpati63@ptaxis-040690304696-DR VIA UPI,558888621474,"8,800.76",,409196.90
21/02/25,UPI-Jio Recharge-jio@paytm-697291635387-DR VIA UPI,104015112215,"1,520.12",,407676.78
21/02/25,POS HP PETROL PUMP SURAT,008819439442,"2,550.50",,405126.28
21/02/25,UPI-Zepto-zepto@apl-853917961439-DR VIA UPI,925531317815,"1,020.41",,404105.87
22/02/25,UPI-Renu Chaudhary-renu988@ibl-639129602598-DR VIA UPI,059664218801,"19,250.74",,384855.13
23/02/25,UPI-Rajesh Sen-rajesh698@ibl-366121439016-DR VIA UPI,502313522815,"7,850.84",,377004.29
23/02/25,ATW-XXXXXX1485-QZI62498-SURAT 615773200379,323933006580,"1,500.00",,375504.29
23/02/25,UPI-1mg-tatahealth@icici-743168510732-DR VIA UPI,166324153863,260.81,,375243.48
24/02/25,UPI-Usha Ghosh-ushaghos16@okhdfcbank-290950017796-CR VIA UPI,870160847687,,"13,000.60",388244.08
24/02/25,UPI-Pankaj Bose-5739412142@oksbi-881246773803-DR VIA UPI,739138195121,"3,350.01",,384894.07
25/02/25,UPI-Indane Gas-indanegas@upi-139692327507-DR VIA UPI,626843226744,"1,050.97",,383843.10
25/02/25,ATW-XXXXXX8305-LZC05956-SURAT 252616374336,644926550122,"2,000.00",,381843.10
26/02/25,ATW-XXXXXX0812-UAX27233-SURAT 412314900983,240334941923,"6,500.00",,375343.10
27/02/25,UPI-BigBasket-bigbasket@ybl-055867873019-DR VIA UPI,213394294595,950.92,,374392.18
27/02/25,UPI-Sushma Nambiar-sushma.nambiar@ptyes-772053769607-CR VIA UPI,335878112912,,"20,600.73",394992.91
27/02/25,UPI-Uber India-uber@paytm-722038854524-DR VIA UPI,025852162658,700.26,,394292.65
28/02/25,UPI-Airtel Payments-airtel@axis-283141638733-DR VIA UPI,750583610643,679.00,,393613.65
28/02/25,UPI-Divya Mehta-6290851690@ptyes-752022980995-CR VIA UPI,714232870667,,"17,700.85",411314.50
01/03/25,UPI-Kiran Desai-kiran108@pthdfc-327323787580-DR VIA UPI,055481200917,"5,050.10",,406264.40
01/03/25,UPI-Vivek Sen-vivek470@oksbi-748414257824-DR VIA UPI,321076805994,"2,200.19",,404064.21
02/03/25,POS D MART SURAT,433380984547,"2,300.59",,401763.62
02/03/25,UPI-PhonePe Merchant-phonepe@ybl-941508746701-DR VIA UPI,020503328280,410.25,,401353.37
02/03/25,UPI-Mohit Das-mohit581@ybl-585731690865-CR VIA UPI,966114537883,,"14,350.00",415703.37
03/03/25,POS MORE SUPER MARKET SURAT,166575423663,"1,000.38",,414702.99
03/03/25,UPI-Amazon Pay-amazon@apl-683015637733-DR VIA UPI,814469962415,260.96,,414442.03
04/03/25,ATW-XXXXXX7319-LJE17208-SURAT 745194753471,019903264936,"9,500.00",,404942.03
04/03/25,UPI-Dunzo-dunzo@razorpay-673939793514-DR VIA UPI,192017446374,"2,730.66",,402211.37
04/03/25,UPI-Blinkit-blinkit@kotak-034644561358-DR VIA UPI,849919698451,"2,740.82",,399470.55
05/03/25,UPI-Neha Thapar-1828627987@paytm-974064571267-DR VIA UPI,477170154618,"5,400.35",,394070.20
06/03/25,UPI-Rapido-rapido@icici-041757363588-DR VIA UPI,778445251733,130.87,,393939.33
06/03/25,SALARY-S7492648416962/NEFT/Hexaware Technologies,754069608816,,"111,064.23",505003.56
06/03/25,UPI-Swiggy-swiggy@icici-747372609183-DR VIA UPI,899530308124,"1,880.42",,503123.14
06/03/25,UPI-Mamta Verma-5718312467@okhdfcbank-856805113553-DR VIA UPI,854900114911,300.70,,502822.44
08/03/25,UPI-Sunil Desai-sunil.desai@ptyes-845843981344-CR VIA UPI,730971403879,,"6,300.82",509123.26
08/03/25,UPI-Asha Chopra-asha132@pthdfc-471736093909-CR VIA UPI,469271245752,,"10,200.91",519324.17
08/03/25,ECS-NACH-RNT6967853-RENT MANDATE,034536912257,"18,500.00",,500824.17
10/03/25,UPI-Nykaa-nykaa@razorpay-943768580527-DR VIA UPI,210436301304,"1,300.28",,499523.89
11/03/25,UPI-Rapido-rapido@icici-167734449810-DR VIA UPI,260636863390,380.04,,499143.85
11/03/25,ECS-NACH-LN811618202917-Manappuram Finance,822972997019,"10,500.00",,488643.85
11/03/25,ATW-XXXXXX6566-MOG56958-SURAT 985552409373,187962591948,"9,000.00",,479643.85
11/03/25,UPI-Rani Mishra-1727914884@okhdfcbank-837799909884-CR VIA UPI,150533912178,,550.03,480193.88
12/03/25,UPI-Flipkart-flipkart@ybl-520465421855-DR VIA UPI,146761528639,"2,330.14",,477863.74
12/03/25,POS LIFESTYLE STORES SURAT,062960384723,"3,800.37",,474063.37
12/03/25,UPI-Bajaj Allianz Life-licindia@licindia-038652984143-DR VIA UPI,565409970650,"5,400.00",,468663.37
12/03/25,UPI-Archana Singh-archanasing56@pthdfc-209278647527-CR VIA UPI,653943909703,,"16,750.17",485413.54
13/03/25,UPI-Indane Gas-indanegas@upi-195231132680-DR VIA UPI,425597741669,"2,350.70",,483062.84
13/03/25,UPI-BSNL Broadband-bsnlbroadband@upi-751461387539-DR VIA UPI,067175954087,460.63,,482602.21
13/03/25,UPI-Geeta Malhotra-geetamalh57@kotak-137688654468-CR VIA UPI,136816037305,,250.16,482852.37
13/03/25,UPI-Airtel Payments-airtel@axis-450242538709-DR VIA UPI,818286494480,759.00,,482093.37
14/03/25,UPI-Amazon Pay-amazon@apl-715405978817-DR VIA UPI,666203504337,910.16,,481183.21
15/03/25,ATW-XXXXXX0942-UUM95674-SURAT 518603484324,401343412839,"10,000.00",,471183.21
16/03/25,UPI-Rapido-rapido@icici-803977018824-DR VIA UPI,953730220850,710.03,,470473.18
16/03/25,UPI-Paytm Mall-paytm@paytm-633664549479-DR VIA UPI,885362785329,910.06,,469563.12
16/03/25,ECS-NACH-SIP0544776-Mirae Asset MF,089265492034,"7,000.00",,462563.12
16/03/25,POS HP PETROL PUMP SURAT,904163061112,"1,300.95",,461262.17
17/03/25,UPI-Airtel Payments-airtel@axis-744509267833-DR VIA UPI,574588233323,989.00,,460273.17
17/03/25,UPI-Blinkit-blinkit@kotak-790994137438-DR VIA UPI,732730899367,660.53,,459612.64
18/03/25,UPI-Arjun Pandey-6292930752@upi-539356748107-CR VIA UPI,018462560399,,"18,350.19",477962.83
18/03/25,UPI-Myntra-myntra@ybl-698379412628-DR VIA UPI,789026542978,"1,000.90",,476961.93
19/03/25,UPI-Ola Cabs-olamoney@ola-920442138101-DR VIA UPI,951036331431,"2,130.01",,474831.92
19/03/25,UPI-BESCOM-bescompayment@upi-308711559928-DR VIA UPI,603895612798,"1,300.66",,473531.26
20/03/25,UPI-Manish Thapar-manish.thapar@apl-591720999997-DR VIA UPI,658776641730,"22,000.19",,451531.07
20/03/25,POS BHARAT PETROLEUM SURAT,088042551787,"4,500.24",,447030.83
20/03/25,UPI-Dunzo-dunzo@razorpay-613727191845-DR VIA UPI,275539686177,"2,290.99",,444739.84
21/03/25,UPI-ACT Fibernet-broadband@paytm-493522849021-DR VIA UPI,800422689066,349.00,,444390.84
21/03/25,UPI-Vishal Chatterjee-vishal.chatterjee@apl-233682094170-CR VIA UPI,429671143561,,"18,750.45",463141.29
22/03/25,UPI-Airtel Payments-airtel@axis-644872489577-DR VIA UPI,172610958107,619.00,,462522.29
22/03/25,UPI-Swiggy-swiggy@icici-215123526298-DR VIA UPI,953177181071,510.93,,462011.36
23/03/25,UPI-Airtel Payments-airtel@axis-479525371052-DR VIA UPI,805898822204,789.00,,461222.36
23/03/25,POS RELIANCE MART SURAT,130349870230,"3,100.99",,458121.37
23/03/25,POS BHARAT PETROLEUM SURAT,599054906631,"2,150.60",,455970.77
24/03/25,UPI-Uber India-uber@paytm-991186054530-DR VIA UPI,120529555037,920.73,,455050.04
24/03/25,UPI-Dunzo-dunzo@razorpay-034238835099-DR VIA UPI,445877833940,440.53,,454609.51
25/03/25,POS SHOPPERS STOP SURAT,336107468228,"5,250.23",,449359.28
26/03/25,UPI-Paytm Mall-paytm@paytm-753011881116-DR VIA UPI,350004263720,"2,120.78",,447238.50
26/03/25,ATW-XXXXXX7672-TFH79872-SURAT 688137677515,572804605934,"1,000.00",,446238.50
26/03/25,UPI-PhonePe Merchant-phonepe@ybl-206880734997-DR VIA UPI,593145170905,"1,220.58",,445017.92
26/03/25,UPI-Meesho-meesho@ybl-815747500708-DR VIA UPI,834076572681,"3,950.08",,441067.84
28/03/25,INTEREST CREDIT,192809138361,,775.14,441842.98
28/03/25,POS CENTRAL MALL SURAT,762414446033,600.96,,441242.02
28/03/25,UPI-Ajay Pillai-ajay.pillai@upi-396462112329-CR VIA UPI,701040570823,,"21,900.03",463142.05
29/03/25,UPI-Pooja Patil-5334298134@upi-312430124241-DR VIA UPI,420167334722,"13,700.75",,449441.30
29/03/25,MOBILE BANKING CHARGES,570417764921,480.00,,448961.30
29/03/25,UPI-Rapido-rapido@icici-604323329773-DR VIA UPI,394731772852,250.30,,448711.00
29/03/25,GST ON CHARGES,788781674566,86.40,,448624.60
29/03/25,POS BHARAT PETROLEUM SURAT,248532188437,"3,900.63",,444723.97
30/03/25,UPI-Uber India-uber@paytm-134863019264-DR VIA UPI,734001839626,"2,740.33",,441983.64
30/03/25,UPI-Naresh Chatterjee-7068314147@ptyes-633257769643-CR VIA UPI,671213259932,,"2,300.64",444284.28
30/03/25,ATW-XXXXXX6739-TDW22210-SURAT 694711315036,019037994183,"2,000.00",,442284.28
31/03/25,UPI-Jio Recharge-jio@paytm-602746344677-DR VIA UPI,885255513484,590.66,,441693.62
31/03/25,UPI-Zomato-zomato@axisbank-325453934895-DR VIA UPI,277794591263,"1,400.65",,440292.97
01/04/25,UPI-Sonia Kapoor-sonia144@kotak-217417868360-CR VIA UPI,754446410503,,550.80,440843.77
02/04/25,UPI-Flipkart-flipkart@ybl-121544244948-DR VIA UPI,495283943646,"2,260.27",,438583.50
03/04/25,UPI-Shreya Dubey-2467364839@okaxis-397862159948-DR VIA UPI,863407140336,"9,000.12",,429583.38
03/04/25,UPI-1mg-tatahealth@icici-450590520438-DR VIA UPI,217029264778,"1,840.77",,427742.61
03/04/25,UPI-Uber India-uber@paytm-619823474674-DR VIA UPI,444386359772,250.45,,427492.16
04/04/25,UPI-Ola Cabs-olamoney@ola-979329178201-DR VIA UPI,974787753295,700.07,,426792.09
05/04/25,UPI-Bajaj Allianz Life-licindia@licindia-604840642959-DR VIA UPI,639955591185,"5,400.00",,421392.09
06/04/25,UPI-Ola Cabs-olamoney@ola-400146915318-DR VIA UPI,712732301148,670.02,,420722.07
06/04/25,UPI-Zepto-zepto@apl-641708707867-DR VIA UPI,566199745089,920.23,,419801.84
06/04/25,UPI-Kunal Das-kunal.das@okhdfcbank-462731459678-DR VIA UPI,941739038054,"7,100.23",,412701.61
07/04/25,ATW-XXXXXX2368-ZDE14645-SURAT 069466459617,018700461248,"5,500.00",,407201.61
07/04/25,UPI-Zomato-zomato@axisbank-225437580331-DR VIA UPI,596281741103,260.79,,406940.82
07/04/25,SALARY-S4938461942575/NEFT/Hexaware Technologies,021650793148,,"107,632.23",514573.05
08/04/25,UPI-BSNL Broadband-bsnlbroadband@upi-060229288115-DR VIA UPI,700874293271,690.09,,513882.96
08/04/25,UPI-Sarita Mehta-sarita.mehta@ptsbi-087373794312-DR VIA UPI,038990719206,"7,850.90",,506032.06
09/04/25,UPI-Flipkart-flipkart@ybl-263152500565-DR VIA UPI,517151389759,"2,310.19",,503721.87
09/04/25,POS METRO CASH CARRY SURAT,159176186996,"2,300.77",,501421.10
10/04/25,UPI-Airtel Payments-airtel@axis-321180789565-DR VIA UPI,526321388816,949.00,,500472.10
10/04/25,UPI-Swiggy-swiggy@icici-550365427471-DR VIA UPI,281974051570,"2,620.25",,497851.85
11/04/25,ECS-NACH-RNT1349524-RENT MANDATE,560578251924,"18,500.00",,479351.85
11/04/25,UPI-Sneha Desai-3889763016@ptaxis-993516787289-CR VIA UPI,670251380900,,"10,550.41",489902.26
11/04/25,UPI-Flipkart-flipkart@ybl-736734756769-DR VIA UPI,640533400138,"1,500.83",,488401.43
12/04/25,UPI-BESCOM-bescompayment@upi-894285735952-DR VIA UPI,809587042235,"3,700.82",,484700.61
12/04/25,ECS-NACH-LN811618202917-Manappuram Finance,786378213779,"10,500.00",,474200.61
13/04/25,UPI-Airtel Payments-airtel@axis-812163519784-DR VIA UPI,127883132918,759.00,,473441.61
13/04/25,ECS-NACH-SIP9398241-Mirae Asset MF,207454207048,"7,000.00",,466441.61
14/04/25,UPI-Lalit Roy-lalit664@aubank-039943346107-CR VIA UPI,603368802798,,"19,200.77",485642.38
14/04/25,UPI-Ola Cabs-olamoney@ola-843734649455-DR VIA UPI,715668817008,780.44,,484861.94
14/04/25,UPI-Airtel Payments-airtel@axis-377446179205-DR VIA UPI,504746387572,609.00,,484252.94
15/04/25,UPI-Jio Recharge-jio@paytm-722784289154-DR VIA UPI,245193104245,"1,710.77",,482542.17
15/04/25,UPI-Lalit Mukherjee-lalitmukh99@upi-318523085787-DR VIA UPI,602566670453,"19,650.87",,462891.30
16/04/25,UPI-ACT Fibernet-broadband@paytm-999591234704-DR VIA UPI,502978891612,"1,149.00",,461742.30
16/04/25,POS SHELL FUEL STATION SURAT,802594295724,"3,600.92",,458141.38
17/04/25,POS V MART SURAT,715635114750,"1,900.24",,456241.14
18/04/25,UPI-Ramesh Das-ramesh237@ptaxis-197820043911-CR VIA UPI,353310882468,,"10,050.27",466291.41
18/04/25,UPI-Indane Gas-indanegas@upi-704561182278-DR VIA UPI,907099443309,"2,550.07",,463741.34
19/04/25,UPI-Anjali Shah-anjali780@aubank-526819499035-DR VIA UPI,690094647515,"3,350.55",,460390.79
19/04/25,UPI-Jio Recharge-jio@paytm-619722385234-DR VIA UPI,491304177966,250.89,,460139.90
20/04/25,UPI-Siddharth Joshi-1954335674@apl-972257808014-DR VIA UPI,319744995227,"6,550.69",,453589.21
20/04/25,UPI-Paytm Mall-paytm@paytm-713681987728-DR VIA UPI,272118284840,"2,130.46",,451458.75
20/04/25,UPI-Geeta Yadav-geeta866@paytm-308352708750-DR VIA UPI,971054146092,"2,350.37",,449108.38
22/04/25,POS SHELL FUEL STATION SURAT,853456246196,"4,200.59",,444907.79
24/04/25,POS D MART SURAT,960143249019,"3,400.26",,441507.53
24/04/25,UPI-BigBasket-bigbasket@ybl-071030253238-DR VIA UPI,716321085551,160.65,,441346.88
27/04/25,UPI-Flipkart-flipkart@ybl-713189633066-DR VIA UPI,213960390606,390.75,,440956.13
27/04/25,UPI-Shivam Verma-shivam.verma@okicici-212394840938-CR VIA UPI,850204305471,,"21,900.29",462856.42
27/04/25,UPI-Pankaj Shah-0108002389@kotak-407547643990-DR VIA UPI,252313971525,"8,800.98",,454055.44
27/04/25,POS PANTALOONS SURAT,856470309784,"4,950.13",,449105.31
27/04/25,ATW-XXXXXX1852-NGH20873-SURAT 506375819790,302977823421,"1,500.00",,447605.31
27/04/25,UPI-Hotstar-hotstar@hdfcbank-328809830758-DR VIA UPI,107308459338,149.00,,447456.31
28/04/25,IMPS-851220311160-Kapil Joshi-KKBK-XXXXXXX7305-IMPSTXN,591156269315,"14,100.70",,433355.61
28/04/25,UPI-Airtel Payments-airtel@axis-539221924883-DR VIA UPI,952098712261,459.00,,432896.61
28/04/25,UPI-Airtel Payments-airtel@axis-005542079086-DR VIA UPI,106001239856,249.00,,432647.61
29/04/25,UPI-Ola Cabs-olamoney@ola-704408129237-DR VIA UPI,328862209697,210.52,,432437.09
30/04/25,UPI-Brijesh Nair-brijeshnair25@ptaxis-422904922686-DR VIA UPI,528177970007,"16,300.58",,416136.51
01/05/25,UPI-Nikhil Sen-nikhil.sen@apl-789583891005-CR VIA UPI,717776165030,,"17,350.52",433487.03
02/05/25,UPI-Lata Banerjee-latabane19@kotak-272218582194-DR VIA UPI,267865578755,"21,700.49",,411786.54
02/05/25,UPI-Flipkart-flipkart@ybl-837913303374-DR VIA UPI,119115143239,990.89,,410795.65
02/05/25,UPI-Prashant Nambiar-prashantnamb19@oksbi-775267469180-DR VIA UPI,357405017246,700.33,,410095.32
03/05/25,UPI-Uber India-uber@paytm-577977479119-DR VIA UPI,327169016028,540.14,,409555.18
03/05/25,IMPS-378760495144-Babita Patel-UTIB-XXXXXXX9661-IMPSTXN,983198774917,"34,400.82",,375154.36
03/05/25,UPI-Airtel Payments-airtel@axis-925773817884-DR VIA UPI,346267421770,419.00,,374735.36
05/05/25,UPI-Pankaj Yadav-7365023453@apl-603288986512-CR VIA UPI,051791994130,,"1,300.44",376035.80
05/05/25,UPI-Ola Cabs-olamoney@ola-522690517568-DR VIA UPI,033872356135,390.15,,375645.65
05/05/25,POS RELIANCE MART SURAT,573585330674,"8,350.09",,367295.56
06/05/25,UPI-Sunita Nair-sunita.nair@ptsbi-139286465373-DR VIA UPI,908982643541,"21,250.43",,346045.13
07/05/25,SALARY-S3094362089990/NEFT/Hexaware Technologies,383459016920,,"108,339.23",454384.36
07/05/25,UPI-Bajaj Allianz Life-licindia@licindia-185101085491-DR VIA UPI,074618310616,"5,400.00",,448984.36
07/05/25,ATW-XXXXXX1887-AEZ51405-SURAT 750333022454,384892949770,"3,500.00",,445484.36
07/05/25,POS MORE SUPER MARKET SURAT,394707080089,"4,300.08",,441184.28
07/05/25,POS INDIAN OIL SURAT,106753701325,"4,500.50",,436683.78
08/05/25,UPI-Dunzo-dunzo@razorpay-071109687438-DR VIA UPI,868316079080,"2,630.21",,434053.57
09/05/25,ECS-NACH-LN811618202917-Manappuram Finance,820610167059,"10,500.00",,423553.57
09/05/25,UPI-Flipkart-flipkart@ybl-069105834493-DR VIA UPI,723242336001,"1,940.51",,421613.06
09/05/25,UPI-Shreya Ghosh-shreyaghos34@axl-998402494033-DR VIA UPI,706292012180,"10,350.66",,411262.40
10/05/25,UPI-Amazon Pay-amazon@apl-841783432367-DR VIA UPI,295695203097,"1,250.54",,410011.86
12/05/25,ECS-NACH-RNT1947389-RENT MANDATE,706203168169,"18,500.00",,391511.86
12/05/25,UPI-Amit Srivastava-4812983762@ptyes-563070166356-DR VIA UPI,715868370233,"19,150.37",,372361.49
12/05/25,UPI-Airtel Payments-airtel@axis-794262192952-DR VIA UPI,899450817646,999.00,,371362.49
12/05/25,UPI-Naveen Rao-naveen415@ptsbi-993034548960-DR VIA UPI,512592842498,"1,700.79",,369661.70
12/05/25,NEFT*N8662406692154/Arvind Ltd/CR,485684279391,,"17,500.14",387161.84
12/05/25,POS BHARAT PETROLEUM SURAT,134053796791,"4,050.91",,383110.93
12/05/25,POS MAX FASHION SURAT,253554195764,"8,500.18",,374610.75
13/05/25,POS BHARAT PETROLEUM SURAT,963580529743,"4,050.60",,370560.15
14/05/25,UPI-Uber India-uber@paytm-494230261300-DR VIA UPI,018336596152,400.89,,370159.26
14/05/25,UPI-Manoj Khanna-manoj.khanna@axl-301152973414-DR VIA UPI,454038645409,"13,300.52",,356858.74
15/05/25,ATW-XXXXXX5977-DPD64409-SURAT 261254279534,297174699887,"4,000.00",,352858.74
15/05/25,ATW-XXXXXX4716-JXQ24897-SURAT 992317196017,278250814672,"4,000.00",,348858.74
16/05/25,UPI-Archana Roy-archana786@axl-495973055613-CR VIA UPI,319939732857,,"2,250.68",351109.42
16/05/25,POS HP PETROL PUMP SURAT,744101137004,"4,400.28",,346709.14
17/05/25,UPI-Flipkart-flipkart@ybl-916578295360-DR VIA UPI,658903478425,"3,600.76",,343108.38
18/05/25,UPI-ACT Fibernet-broadband@paytm-000109234970-DR VIA UPI,029283744826,749.00,,342359.38
18/05/25,UPI-Ola Cabs-olamoney@ola-434488412604-DR VIA UPI,642154044824,140.05,,342219.33
18/05/25,UPI-Jyoti Sen-jyotisen82@ptsbi-958115734823-DR VIA UPI,450314782438,"18,200.76",,324018.57
19/05/25,UPI-Airtel Payments-airtel@axis-984225153936-DR VIA UPI,829721779159,729.00,,323289.57
19/05/25,UPI-Archana Mehta-archanameht48@aubank-991776224305-CR VIA UPI,481720985664,,"10,900.53",334190.10
19/05/25,ECS-NACH-SIP1320045-Mirae Asset MF,420979082723,"7,000.00",,327190.10
20/05/25,UPI-Blinkit-blinkit@kotak-417965293134-DR VIA UPI,917598957388,180.48,,327009.62
21/05/25,UPI-BESCOM-bescompayment@upi-723510599688-DR VIA UPI,452685880851,"3,200.23",,323809.39
22/05/25,UPI-Uber India-uber@paytm-722343960739-DR VIA UPI,228718300252,"2,070.59",,321738.80
23/05/25,UPI-Mukesh Nambiar-7397544016@ibl-918571281949-CR VIA UPI,113726859218,,"12,750.11",334488.91
23/05/25,POS RELIANCE MART SURAT,180714086250,550.14,,333938.77
24/05/25,UPI-Indane Gas-indanegas@upi-827940091043-DR VIA UPI,276154906933,"1,550.79",,332387.98
24/05/25,UPI-Naveen Patil-2256521696@upi-998344986894-DR VIA UPI,460806977959,"7,250.97",,325137.01
24/05/25,POS METRO CASH CARRY SURAT,413950997844,"4,350.98",,320786.03
25/05/25,UPI-Amazon Pay-amazon@apl-085226734822-DR VIA UPI,372009654025,"1,080.76",,319705.27
26/05/25,GST ON CHARGES,193800597800,32.40,,319672.87
26/05/25,UPI-Amazon Pay-amazon@apl-007937206785-DR VIA UPI,810343752101,"1,580.47",,318092.40
26/05/25,MOBILE BANKING CHARGES,950540787127,180.00,,317912.40
27/05/25,UPI-Dunzo-dunzo@razorpay-319327281373-DR VIA UPI,553641142696,"2,030.25",,315882.15
27/05/25,UPI-Airtel Payments-airtel@axis-637734022868-DR VIA UPI,837517123300,549.00,,315333.15
27/05/25,ATW-XXXXXX0589-QWP99123-SURAT 172984935893,593410477654,"7,500.00",,307833.15
28/05/25,UPI-Isha Bajaj-isha211@apl-437135571869-DR VIA UPI,559256447076,"11,600.71",,296232.44
29/05/25,UPI-Myntra-myntra@ybl-411373763074-DR VIA UPI,026538010552,"1,150.87",,295081.57
30/05/25,POS RELIANCE MART SURAT,213308183836,"5,950.24",,289131.33
30/05/25,UPI-Manish Mukherjee-manish305@okicici-683903449810-DR VIA UPI,104589645753,"5,600.20",,283531.13
31/05/25,UPI-BigBasket-bigbasket@ybl-205735905263-DR VIA UPI,479700511319,"1,870.93",,281660.20
01/06/25,POS MAX FASHION SURAT,216060115061,"6,000.20",,275660.00
01/06/25,UPI-Flipkart-flipkart@ybl-582417735009-DR VIA UPI,706930100802,"1,800.91",,273859.09
01/06/25,UPI-Sushma Chatterjee-sushma105@ptyes-076665070624-CR VIA UPI,102672462384,,"16,150.30",290009.39
02/06/25,UPI-Blinkit-blinkit@kotak-327405998054-DR VIA UPI,439138546837,"1,370.63",,288638.76
03/06/25,UPI-PhonePe Merchant-phonepe@ybl-437565920365-DR VIA UPI,017700029481,"1,170.68",,287468.08
03/06/25,UPI-Anita Chaudhary-anitachau66@oksbi-251664612984-DR VIA UPI,681559442052,"4,650.42",,282817.66
05/06/25,ATW-XXXXXX0050-UDP90635-SURAT 964813282546,805012144252,"9,500.00",,273317.66
07/06/25,UPI-Airtel Payments-airtel@axis-563300503140-DR VIA UPI,256310376663,649.00,,272668.66
07/06/25,UPI-BSNL Broadband-bsnlbroadband@upi-154935818318-DR VIA UPI,949526526482,120.37,,272548.29
07/06/25,UPI-Anita Bose-anita698@kotak-062067590974-CR VIA UPI,735368602877,,"11,150.00",283698.29
07/06/25,UPI-Uber India-uber@paytm-644060069966-DR VIA UPI,107348486679,350.45,,283347.84
07/06/25,UPI-Ola Cabs-olamoney@ola-411349276650-DR VIA UPI,972490668279,560.38,,282787.46
07/06/25,SALARY-S2380478730682/NEFT/Hexaware Technologies,455803626679,,"110,602.23",393389.69
08/06/25,UPI-Dunzo-dunzo@razorpay-834449010679-DR VIA UPI,324065778956,220.94,,393168.75
08/06/25,ECS-NACH-RNT0640579-RENT MANDATE,245946811849,"18,500.00",,374668.75
09/06/25,UPI-Sarita Kapoor-5574374602@ybl-159921866455-DR VIA UPI,108713700807,"6,150.16",,368518.59
09/06/25,UPI-Mohan Ahuja-7692304264@ibl-103720478493-CR VIA UPI,178437283485,,"8,750.21",377268.80
09/06/25,UPI-Uber India-uber@paytm-130190481774-DR VIA UPI,871501775601,280.50,,376988.30
10/06/25,POS D MART SURAT,731378538596,"2,400.45",,374587.85
10/06/25,UPI-Airtel Payments-airtel@axis-054053770272-DR VIA UPI,550473441143,449.00,,374138.85
10/06/25,UPI-Bajaj Allianz Life-licindia@licindia-311843761033-DR VIA UPI,667468643082,"5,400.00",,368738.85
10/06/25,UPI-Girish Singh-girish.singh@ibl-900990810949-CR VIA UPI,322246455947,,"12,300.57",381039.42
11/06/25,ECS-NACH-LN811618202917-Manappuram Finance,887484890796,"10,500.00",,370539.42
11/06/25,POS D MART SURAT,558520611694,300.82,,370238.60
12/06/25,POS HP PETROL PUMP SURAT,283376018031,850.08,,369388.52
12/06/25,UPI-Vivek Bose-4796432828@okicici-670878360048-CR VIA UPI,327853601042,,"12,150.24",381538.76
13/06/25,UPI-ACT Fibernet-broadband@paytm-508463445872-DR VIA UPI,807120430901,599.00,,380939.76
13/06/25,UPI-BSNL Broadband-bsnlbroadband@upi-872973103787-DR VIA UPI,902569582844,950.85,,379988.91
14/06/25,UPI-Kiran Khanna-kiran.khanna@okicici-863960288747-DR VIA UPI,795702441307,"18,300.29",,361688.62
14/06/25,ECS-NACH-SIP8542852-Mirae Asset MF,345298886261,"7,000.00",,354688.62
15/06/25,UPI-Zomato-zomato@axisbank-960071686251-DR VIA UPI,407794378445,"1,340.50",,353348.12
15/06/25,UPI-Zepto-zepto@apl-627521137783-DR VIA UPI,685829994525,"1,510.28",,351837.84
16/06/25,UPI-Krishna Gupta-krishnagupt12@okhdfcbank-709636098373-CR VIA UPI,594169781645,,"1,500.20",353338.04
16/06/25,UPI-Girish Gupta-8685925916@ybl-913149438758-DR VIA UPI,793098981721,"9,600.12",,343737.92
16/06/25,UPI-Ola Cabs-olamoney@ola-016269016495-DR VIA UPI,669842198563,490.51,,343247.41
17/06/25,UPI-Indane Gas-indanegas@upi-541042954200-DR VIA UPI,217053447966,"1,700.05",,341547.36
18/06/25,POS STAR BAZAAR SURAT,595825266825,"4,150.76",,337396.60
18/06/25,UPI-BigBasket-bigbasket@ybl-997294424158-DR VIA UPI,481458310908,"1,910.86",,335485.74
18/06/25,UPI-Siddharth Pillai-siddharthpill99@oksbi-392224283220-DR VIA UPI,867197266541,"9,150.38",,326335.36
19/06/25,UPI-Anita Yadav-anitayada78@okaxis-057206770419-DR VIA UPI,070713318304,950.44,,325384.92
19/06/25,UPI-Airtel Payments-airtel@axis-333450765555-DR VIA UPI,675239006338,339.00,,325045.92
19/06/25,UPI-Dunzo-dunzo@razorpay-322307766952-DR VIA UPI,740282249988,"1,510.60",,323535.32
19/06/25,UPI-BESCOM-bescompayment@upi-474236913078-DR VIA UPI,639374520854,"3,800.14",,319735.18
19/06/25,UPI-Swiggy-swiggy@icici-608998681838-DR VIA UPI,883853424194,"2,360.06",,317375.12
20/06/25,UPI-Uber India-uber@paytm-238473262978-DR VIA UPI,027696923743,570.93,,316804.19
20/06/25,UPI-Yogesh Pandey-4050800843@okicici-189634581992-DR VIA UPI,807781133895,550.12,,316254.07
20/06/25,POS HP PETROL PUMP SURAT,393378895146,"1,450.43",,314803.64
21/06/25,UPI-Mohan Sen-mohan356@apl-526189808754-DR VIA UPI,526003481513,600.25,,314203.39
22/06/25,POS MAX FASHION SURAT,202507077752,"1,600.46",,312602.93
22/06/25,UPI-Blinkit-blinkit@kotak-962866418749-DR VIA UPI,242918119318,"1,480.46",,311122.47
22/06/25,ATW-XXXXXX1141-WOB58466-SURAT 913382429842,496125553702,"1,000.00",,310122.47
23/06/25,NEFT*N8705444400515/Sun Pharmaceutical I/CR,236342851671,,"47,000.76",357123.23
23/06/25,UPI-Jio Recharge-jio@paytm-236881368950-DR VIA UPI,584223786274,"2,730.83",,354392.40
23/06/25,UPI-Flipkart-flipkart@ybl-856780753499-DR VIA UPI,252683890537,"1,940.18",,352452.22
24/06/25,UPI-Jio Recharge-jio@paytm-565930182556-DR VIA UPI,483765916494,"1,330.02",,351122.20
25/06/25,INTEREST CREDIT,497002878509,,965.02,352087.22
25/06/25,UPI-Dunzo-dunzo@razorpay-759274843974-DR VIA UPI,002602568953,"1,030.22",,351057.00
26/06/25,UPI-Kavita Nambiar-kavita191@pthdfc-942197318810-CR VIA UPI,071555009853,,"3,650.03",354707.03
26/06/25,UPI-Mina Chopra-mina105@axl-891312483908-CR VIA UPI,423065541203,,"18,200.48",372907.51
27/06/25,GST ON CHARGES,216161899987,73.80,,372833.71
27/06/25,MOBILE BANKING CHARGES,241775480028,410.00,,372423.71
27/06/25,UPI-Rahul Khanna-rahul.khanna@oksbi-573096677898-DR VIA UPI,413028595791,"15,600.77",,356822.94
27/06/25,POS SHOPPERS STOP SURAT,619502744190,"7,900.24",,348922.70
27/06/25,UPI-Varun Shukla-7223691116@paytm-742365343116-DR VIA UPI,076868162246,"17,250.69",,331672.01
29/06/25,UPI-Gopal Kulkarni-gopal.kulkarni@aubank-181664040560-DR VIA UPI,607088882902,400.10,,331271.91
30/06/25,ATW-XXXXXX7882-CLE96387-SURAT 713967729393,997580335239,"3,500.00",,327771.91
01/07/25,UPI-Rapido-rapido@icici-827825123298-DR VIA UPI,265080122670,200.61,,327571.30
01/07/25,UPI-Rapido-rapido@icici-093893982838-DR VIA UPI,644604437910,890.74,,326680.56
02/07/25,UPI-BSNL Broadband-bsnlbroadband@upi-930762994992-DR VIA UPI,233142799573,800.56,,325880.00
03/07/25,UPI-Nykaa-nykaa@razorpay-615925249508-DR VIA UPI,826221437566,"5,350.95",,320529.05
04/07/25,UPI-Airtel Payments-airtel@axis-434487974729-DR VIA UPI,939628058590,399.00,,320130.05
05/07/25,UPI-Ritu Naik-8144404705@paytm-297736520818-DR VIA UPI,788045298715,"9,300.98",,310829.07
07/07/25,SALARY-S5720409662057/NEFT/Hexaware Technologies,717572557612,,"107,573.23",418402.30
08/07/25,POS CENTRAL MALL SURAT,064224293480,"1,950.47",,416451.83
09/07/25,UPI-Bajaj Allianz Life-licindia@licindia-978073940646-DR VIA UPI,672634247733,"5,400.00",,411051.83
09/07/25,ECS-NACH-RNT9698712-RENT MANDATE,024677769693,"18,500.00",,392551.83
09/07/25,UPI-Sushma Desai-2869447693@ptyes-492257868925-CR VIA UPI,696308281945,,"8,450.14",401001.97
10/07/25,UPI-Nykaa-nykaa@razorpay-449082367278-DR VIA UPI,860539838141,"5,400.50",,395601.47
10/07/25,UPI-Meesho-meesho@ybl-098322887356-DR VIA UPI,492145337597,"4,600.55",,391000.92
11/07/25,UPI-Airtel Payments-airtel@axis-873234761673-DR VIA UPI,621782379744,599.00,,390401.92
12/07/25,ECS-NACH-LN811618202917-Manappuram Finance,234440273908,"10,500.00",,379901.92
12/07/25,POS SHELL FUEL STATION SURAT,035482288563,"4,200.68",,375701.24
12/07/25,UPI-Sushma Ahuja-sushmaahuj59@paytm-151087592461-CR VIA UPI,144044000045,,"9,300.32",385001.56
13/07/25,UPI-Divya Singh-divyasing34@oksbi-965166343045-CR VIA UPI,023364293669,,"6,600.98",391602.54
13/07/25,UPI-Yogesh Tiwari-0855070919@apl-282035013522-DR VIA UPI,466844826376,"20,950.97",,370651.57
14/07/25,UPI-Airtel Payments-airtel@axis-630779109784-DR VIA UPI,320582354920,809.00,,369842.57
14/07/25,UPI-BESCOM-bescompayment@upi-511771396510-DR VIA UPI,607190474841,"3,650.86",,366191.71
14/07/25,IMPS-855411992967-Lata Kapoor-HDFC-XXXXXXX7650-IMPSTXN,394499288415,"19,800.99",,346390.72
15/07/25,ECS-NACH-SIP2869745-Mirae Asset MF,971230838307,"7,000.00",,339390.72
15/07/25,POS D MART SURAT,539085629147,"6,900.08",,332490.64
16/07/25,UPI-Sapna Ahuja-sapna.ahuja@okaxis-486640968313-DR VIA UPI,470372691707,"4,900.69",,327589.95
16/07/25,UPI-PhonePe Merchant-phonepe@ybl-624755944908-DR VIA UPI,170664146141,"1,000.36",,326589.59
17/07/25,UPI-Zepto-zepto@apl-553883675825-DR VIA UPI,005931787425,650.78,,325938.81
17/07/25,UPI-Uber India-uber@paytm-008643361830-DR VIA UPI,391399339946,"1,540.69",,324398.12
17/07/25,UPI-Zomato-zomato@axisbank-749420950348-DR VIA UPI,651044657364,"2,640.55",,321757.57
17/07/25,UPI-Ashish Menon-5519610271@upi-661149763890-CR VIA UPI,102107745063,,"1,700.00",323457.57
19/07/25,UPI-ACT Fibernet-broadband@paytm-164431922966-DR VIA UPI,222577179406,399.00,,323058.57
19/07/25,UPI-Indane Gas-indanegas@upi-059438508480-DR VIA UPI,254585242751,"1,150.58",,321907.99
19/07/25,UPI-Isha Pandey-4772675405@pthdfc-395547171466-CR VIA UPI,978366791251,,"1,900.12",323808.11
19/07/25,UPI-Uber India-uber@paytm-478304674362-DR VIA UPI,590842529192,390.14,,323417.97
20/07/25,NEFT*N8345012391084/Cognizant Technology/CR,475512087885,,"15,000.31",338418.28
20/07/25,POS HP PETROL PUMP SURAT,722331612026,"3,350.01",,335068.27
21/07/25,UPI-Amazon Pay-amazon@apl-249233401537-DR VIA UPI,452734308382,"1,140.11",,333928.16
21/07/25,UPI-Poonam Patil-8970209706@kotak-075853270556-DR VIA UPI,984731214308,"20,800.35",,313127.81
22/07/25,ATW-XXXXXX5069-PNT35727-SURAT 170755352047,859465706395,"6,500.00",,306627.81
22/07/25,POS SHELL FUEL STATION SURAT,279358723781,"2,950.75",,303677.06
23/07/25,ATW-XXXXXX5090-TSV64698-SURAT 509352575274,212439673176,"9,500.00",,294177.06
24/07/25,UPI-Blinkit-blinkit@kotak-397011142125-DR VIA UPI,388333353190,800.12,,293376.94
24/07/25,UPI-Dunzo-dunzo@razorpay-042206755471-DR VIA UPI,566626913895,"2,430.64",,290946.30
24/07/25,UPI-BigBasket-bigbasket@ybl-436960121236-DR VIA UPI,816127186815,"2,050.53",,288895.77
25/07/25,UPI-Kavita Saxena-2715983968@upi-086709317908-DR VIA UPI,776342470254,"19,350.83",,269544.94
25/07/25,POS METRO CASH CARRY SURAT,304123345220,"4,850.85",,264694.09
26/07/25,POS D MART SURAT,541283276786,"3,900.60",,260793.49
28/07/25,UPI-Maya Ahuja-mayaahuj17@upi-151805530724-CR VIA UPI,542790536083,,"21,100.30",281893.79
28/07/25,UPI-BigBasket-bigbasket@ybl-080364994001-DR VIA UPI,135145670602,"1,820.35",,280073.44
29/07/25,POS SHOPPERS STOP SURAT,122124083938,"2,700.24",,277373.20
29/07/25,UPI-Deepa Nair-deepa.nair@apl-566280343669-DR VIA UPI,676578402101,"6,300.49",,271072.71
29/07/25,UPI-Anil Nambiar-anil400@okaxis-670308025513-DR VIA UPI,621587481311,"11,850.08",,259222.63
30/07/25,POS LIFESTYLE STORES SURAT,045468017671,"1,500.67",,257721.96
31/07/25,POS HP PETROL PUMP SURAT,278398922976,850.50,,256871.46
01/08/25,POS METRO CASH CARRY SURAT,730804346495,"2,700.93",,254170.53
05/08/25,UPI-Sachin Banerjee-sachin.banerjee@ptsbi-888625608280-CR VIA UPI,054176057954,,"11,500.00",265670.53
05/08/25,UPI-BSNL Broadband-bsnlbroadband@upi-304784742490-DR VIA UPI,867719971429,450.07,,265220.46
06/08/25,UPI-Myntra-myntra@ybl-518469533358-DR VIA UPI,572598692637,749.00,,264471.46
06/08/25,UPI-Bajaj Allianz Life-licindia@licindia-266908688503-DR VIA UPI,944234454236,"5,400.00",,259071.46
06/08/25,POS CENTRAL MALL SURAT,915858468516,"1,350.61",,257720.85
07/08/25,SALARY-S9277987125066/NEFT/Hexaware Technologies,423113547669,,"108,919.23",366640.08
08/08/25,ECS-NACH-RNT0132909-RENT MANDATE,360680920141,"18,500.00",,348140.08
09/08/25,UPI-Nisha Sethi-nisha.sethi@ptaxis-709640488957-DR VIA UPI,321700155253,"9,500.97",,338639.11
09/08/25,ATW-XXXXXX7579-MYZ93068-SURAT 869615453105,762788522799,"10,000.00",,328639.11
09/08/25,UPI-Poonam Mishra-poonam.mishra@axl-252905207575-CR VIA UPI,988298704686,,600.66,329239.77
10/08/25,POS SHOPPERS STOP SURAT,405255299140,"6,700.67",,322539.10
10/08/25,UPI-Myntra-myntra@ybl-735427218951-DR VIA UPI,737548414322,"2,950.04",,319589.06
11/08/25,UPI-Amazon Pay-amazon@apl-227931193122-DR VIA UPI,389773098683,"3,300.34",,316288.72
11/08/25,UPI-Ola Cabs-olamoney@ola-996937023739-DR VIA UPI,039278545964,"2,020.68",,314268.04
11/08/25,UPI-Himanshu Singh-himanshusing27@aubank-154757373919-CR VIA UPI,397874900552,,"20,200.22",334468.26
11/08/25,UPI-Uber India-uber@paytm-995611343852-DR VIA UPI,996342874374,690.98,,333777.28
13/08/25,UPI-Dunzo-dunzo@razorpay-463300899048-DR VIA UPI,389881763095,"1,880.23",,331897.05
14/08/25,ECS-NACH-LN811618202917-Manappuram Finance,532568975557,"10,500.00",,321397.05
14/08/25,ATW-XXXXXX9832-TZP92653-SURAT 560075228520,988096213849,"6,000.00",,315397.05
14/08/25,UPI-Ajay Sharma-ajayshar81@ibl-796657577728-DR VIA UPI,565228378861,"15,450.25",,299946.80
14/08/25,UPI-Siddharth Dutta-siddharth788@ptaxis-694514297833-CR VIA UPI,261205256220,,900.88,300847.68
15/08/25,NEFT*N7440463045649/Reliance Retail Ltd/CR,567183472223,,"45,500.68",346348.36
15/08/25,ATW-XXXXXX6373-HNW61470-SURAT 863596864690,800664326158,"4,500.00",,341848.36
15/08/25,UPI-Zepto-zepto@apl-570209702951-DR VIA UPI,147503379047,"2,050.87",,339797.49
16/08/25,UPI-Uber India-uber@paytm-576520850374-DR VIA UPI,442379039144,800.40,,338997.09
16/08/25,UPI-Swiggy-swiggy@icici-956610626439-DR VIA UPI,133109183527,"1,260.63",,337736.46
17/08/25,POS SHELL FUEL STATION SURAT,503232234444,"2,750.93",,334985.53
17/08/25,POS BRAND FACTORY SURAT,132259802085,"6,500.40",,328485.13
17/08/25,UPI-Airtel Payments-airtel@axis-648705340599-DR VIA UPI,748504933299,849.00,,327636.13
17/08/25,UPI-BESCOM-bescompayment@upi-826160774388-DR VIA UPI,000727305884,"3,200.22",,324435.91
18/08/25,UPI-Ola Cabs-olamoney@ola-318619913538-DR VIA UPI,098308923146,"1,660.50",,322775.41
18/08/25,UPI-Isha Patil-ishapati73@kotak-565893859979-DR VIA UPI,114337009889,"2,600.83",,320174.58
19/08/25,ECS-NACH-SIP9639957-Mirae Asset MF,236948788048,"7,000.00",,313174.58
20/08/25,UPI-Blinkit-blinkit@kotak-806170209498-DR VIA UPI,138418242743,540.66,,312633.92
20/08/25,UPI-ACT Fibernet-broadband@paytm-889438282871-DR VIA UPI,327472912921,399.00,,312234.92
20/08/25,UPI-Airtel Payments-airtel@axis-587322121405-DR VIA UPI,498320700831,809.00,,311425.92
21/08/25,UPI-Kavya Ghosh-kavya.ghosh@upi-654804573581-DR VIA UPI,229128998379,"19,850.56",,291575.36
21/08/25,UPI-Indane Gas-indanegas@upi-360602029774-DR VIA UPI,636649968979,"2,700.53",,288874.83
21/08/25,POS HP PETROL PUMP SURAT,311263214414,"4,250.59",,284624.24
21/08/25,UPI-Airtel Payments-airtel@axis-566773848833-DR VIA UPI,589233562681,859.00,,283765.24
21/08/25,POS SHELL FUEL STATION SURAT,601703005189,"3,700.22",,280065.02
22/08/25,UPI-Airtel Payments-airtel@axis-613872420815-DR VIA UPI,549822051808,629.00,,279436.02
22/08/25,UPI-Rajesh Kumar-rajesh997@oksbi-109947362764-CR VIA UPI,358427676635,,"9,500.09",288936.11
22/08/25,UPI-Vikram Shah-1008592205@ybl-213664087597-DR VIA UPI,472657464158,"9,800.31",,279135.80
23/08/25,POS MORE SUPER MARKET SURAT,595322716706,"3,850.96",,275284.84
24/08/25,UPI-Lalit Saxena-lalit934@okicici-285175170586-DR VIA UPI,024944894466,"13,150.88",,262133.96
24/08/25,UPI-Zepto-zepto@apl-994874405580-DR VIA UPI,866973524455,"2,110.94",,260023.02
24/08/25,UPI-Uber India-uber@paytm-497089761416-DR VIA UPI,920809041117,"1,390.50",,258632.52
24/08/25,UPI-Anil Singh-0176590808@ibl-532543670471-CR VIA UPI,221669212103,,"6,500.92",265133.44
25/08/25,UPI-Kavya Nambiar-kavya.nambiar@okhdfcbank-058415019395-DR VIA UPI,641739648916,"7,750.25",,257383.19
26/08/25,UPI-Gaurav Roy-gauravroy70@okhdfcbank-098784770016-CR VIA UPI,613310441564,,400.79,257783.98
27/08/25,MOBILE BANKING CHARGES,934132495265,390.00,,257393.98
27/08/25,UPI-Rapido-rapido@icici-651649692263-DR VIA UPI,028309685449,200.74,,257193.24
27/08/25,GST ON CHARGES,803995301661,70.20,,257123.04
30/08/25,ATW-XXXXXX0130-YLV19051-SURAT 435825915653,470128727154,"7,000.00",,250123.04
30/08/25,UPI-Deepak Malhotra-deepak941@okhdfcbank-795308283013-CR VIA UPI,921738360083,,"5,600.46",255723.50
30/08/25,POS SHELL FUEL STATION SURAT,451005163933,850.79,,254872.71
01/09/25,UPI-Ola Cabs-olamoney@ola-945497105631-DR VIA UPI,223542815090,590.01,,254282.70
02/09/25,UPI-ACT Fibernet-broadband@paytm-975623043692-DR VIA UPI,097163322663,549.00,,253733.70
02/09/25,POS CENTRAL MALL SURAT,339621346926,"3,800.94",,249932.76
02/09/25,UPI-Amit Das-5466134266@paytm-049277328940-DR VIA UPI,727181881419,"5,850.10",,244082.66
02/09/25,UPI-BSNL Broadband-bsnlbroadband@upi-127344695165-DR VIA UPI,462485870298,"1,730.54",,242352.12
03/09/25,UPI-Kunal Malhotra-kunal.malhotra@okaxis-568828390836-CR VIA UPI,727326278157,,"19,950.73",262302.85
03/09/25,UPI-Harish Verma-8942465453@oksbi-634875288645-CR VIA UPI,304480804276,,"9,700.53",272003.38
04/09/25,UPI-Vandana Yadav-1735766232@oksbi-046821778508-DR VIA UPI,338089875143,"15,950.35",,256053.03
04/09/25,UPI-Jio Recharge-jio@paytm-974436237318-DR VIA UPI,963191358073,"2,690.11",,253362.92
05/09/25,POS METRO CASH CARRY SURAT,453902885692,"6,700.18",,246662.74
05/09/25,UPI-Divya Rao-divya150@axl-064955343659-CR VIA UPI,542811734659,,"4,000.41",250663.15
05/09/25,UPI-Flipkart-flipkart@ybl-780226745419-DR VIA UPI,627746910348,"2,190.07",,248473.08
06/09/25,UPI-Ola Cabs-olamoney@ola-110290944810-DR VIA UPI,624323506013,790.21,,247682.87
07/09/25,SALARY-S0637499442648/NEFT/Hexaware Technologies,103936175613,,"112,142.23",359825.10
08/09/25,UPI-Kamal Roy-kamal.roy@paytm-653475539011-DR VIA UPI,335208690128,"6,350.28",,353474.82
08/09/25,UPI-Blinkit-blinkit@kotak-596764279192-DR VIA UPI,515971122169,"2,580.65",,350894.17
08/09/25,POS METRO CASH CARRY SURAT,367465816420,"3,550.82",,347343.35
08/09/25,UPI-Bajaj Allianz Life-licindia@licindia-496356459505-DR VIA UPI,642909875877,"5,400.00",,341943.35
09/09/25,ECS-NACH-RNT0277305-RENT MANDATE,042001290759,"18,500.00",,323443.35
09/09/25,POS INDIAN OIL SURAT,299756563162,"3,450.90",,319992.45
09/09/25,UPI-Hotstar-hotstar@hdfcbank-189304908435-DR VIA UPI,296795398306,949.00,,319043.45
11/09/25,ECS-NACH-LN811618202917-Manappuram Finance,571957992088,"10,500.00",,308543.45
11/09/25,UPI-Paytm Mall-paytm@paytm-206061229603-DR VIA UPI,257602646879,810.49,,307732.96
12/09/25,UPI-Uber India-uber@paytm-970125670907-DR VIA UPI,594285181131,890.70,,306842.26
12/09/25,UPI-Zepto-zepto@apl-484096783395-DR VIA UPI,141193577305,"1,630.06",,305212.20
12/09/25,UPI-Mamta Kapoor-8962993056@okaxis-354142441498-CR VIA UPI,726265842150,,"2,150.47",307362.67
13/09/25,ATW-XXXXXX7902-YNQ89432-SURAT 909457719745,676274229601,"4,000.00",,303362.67
13/09/25,ECS-NACH-SIP0694795-Mirae Asset MF,703311595675,"7,000.00",,296362.67
13/09/25,UPI-Ajay Dubey-ajaydube91@ptaxis-718154698155-DR VIA UPI,159623583447,"3,800.85",,292561.82
14/09/25,UPI-Rapido-rapido@icici-499243488644-DR VIA UPI,033533979585,420.36,,292141.46
15/09/25,UPI-BESCOM-bescompayment@upi-742383051697-DR VIA UPI,052307133543,"1,250.87",,290890.59
16/09/25,POS HP PETROL PUMP SURAT,662541192683,"4,100.36",,286790.23
17/09/25,UPI-Geeta Chopra-geeta.chopra@oksbi-017467119049-DR VIA UPI,060429484227,"15,100.29",,271689.94
17/09/25,UPI-Airtel Payments-airtel@axis-120306124343-DR VIA UPI,921404333486,469.00,,271220.94
18/09/25,UPI-Paytm Mall-paytm@paytm-749828535406-DR VIA UPI,319414086144,120.63,,271100.31
18/09/25,UPI-Flipkart-flipkart@ybl-887820558891-DR VIA UPI,200949576373,"4,600.97",,266499.34
18/09/25,UPI-Radha Malhotra-radha.malhotra@okhdfcbank-611880190182-DR VIA UPI,629991902622,"3,350.84",,263148.50
18/09/25,UPI-Airtel Payments-airtel@axis-187784401413-DR VIA UPI,783461829324,569.00,,262579.50
18/09/25,UPI-Swiggy-swiggy@icici-913458110017-DR VIA UPI,128057150237,"1,700.21",,260879.29
19/09/25,UPI-BSNL Broadband-bsnlbroadband@upi-615464997533-DR VIA UPI,116889322224,"2,420.11",,258459.18
19/09/25,ATW-XXXXXX0156-AHA42813-SURAT 123718735995,571424563594,"7,500.00",,250959.18
19/09/25,UPI-Indane Gas-indanegas@upi-995732267102-DR VIA UPI,153144529298,"1,350.67",,249608.51
20/09/25,UPI-Ajay Jain-ajay.jain@ibl-339724937621-CR VIA UPI,566832371807,,"4,450.26",254058.77
20/09/25,UPI-Yogesh Shah-yogesh.shah@ptyes-269560764469-DR VIA UPI,923919711774,"1,650.17",,252408.60
20/09/25,UPI-Airtel Payments-airtel@axis-321587935078-DR VIA UPI,882403715347,459.00,,251949.60
21/09/25,POS INDIAN OIL SURAT,698357528534,"1,700.59",,250249.01
21/09/25,UPI-Priya Pillai-priya.pillai@ptaxis-961373121635-CR VIA UPI,666740010875,,"14,250.58",264499.59
21/09/25,UPI-Brijesh Iyer-7774176878@pthdfc-668499485433-CR VIA UPI,115947985477,,"14,300.59",278800.18
21/09/25,UPI-Deepa Patil-5927388634@aubank-816314068704-CR VIA UPI,032363190234,,"3,900.33",282700.51
22/09/25,UPI-Ramesh Srivastava-ramesh.srivastava@kotak-097569262236-DR VIA UPI,854709243224,"21,600.86",,261099.65
22/09/25,UPI-Zepto-zepto@apl-010904365983-DR VIA UPI,914354296922,120.78,,260978.87
23/09/25,UPI-Nikhil Kulkarni-nikhil.kulkarni@pthdfc-058405108096-CR VIA UPI,694239507220,,"7,300.19",268279.06
23/09/25,UPI-Dunzo-dunzo@razorpay-583945063482-DR VIA UPI,324233290802,"1,160.39",,267118.67
23/09/25,UPI-Nykaa-nykaa@razorpay-010939799448-DR VIA UPI,242197669259,"5,850.27",,261268.40
24/09/25,UPI-BigBasket-bigbasket@ybl-144666731853-DR VIA UPI,572708959500,720.57,,260547.83
25/09/25,UPI-Zepto-zepto@apl-003780060961-DR VIA UPI,371374987524,750.59,,259797.24
25/09/25,UPI-Abhishek Saxena-abhisheksaxe43@ybl-981979573632-DR VIA UPI,325924647883,"3,250.23",,256547.01
25/09/25,UPI-Ola Cabs-olamoney@ola-420726814201-DR VIA UPI,983532312681,"1,260.40",,255286.61
27/09/25,POS INDIAN OIL SURAT,305497573350,"1,750.89",,253535.72
28/09/25,INTEREST CREDIT,711041533674,,735.32,254271.04
28/09/25,UPI-Airtel Payments-airtel@axis-877034481824-DR VIA UPI,192720916939,449.00,,253822.04
29/09/25,IMPS-158857460439-Sneha Jain-UTIB-XXXXXXX3417-IMPSTXN,854791683122,"22,300.90",,231521.14
29/09/25,UPI-Blinkit-blinkit@kotak-244973033664-DR VIA UPI,553487767951,"1,280.47",,230240.67
29/09/25,UPI-Rajan Reddy-rajanredd36@aubank-070870848620-DR VIA UPI,199854808000,"8,300.32",,221940.35
30/09/25,ATW-XXXXXX1758-PYR38446-SURAT 486080204385,808765506591,"1,000.00",,220940.35
01/10/25,UPI-Ola Cabs-olamoney@ola-726567150030-DR VIA UPI,552100250051,950.34,,219990.01
02/10/25,UPI-PhonePe Merchant-phonepe@ybl-658907603966-DR VIA UPI,607318495818,"1,440.58",,218549.43
02/10/25,POS V MART SURAT,761930737419,"6,500.37",,212049.06
02/10/25,POS PANTALOONS SURAT,273832848695,800.91,,211248.15
03/10/25,UPI-Swati Kapoor-swati632@axl-003719182012-DR VIA UPI,876225427412,"8,500.91",,202747.24
04/10/25,UPI-Girish Saxena-girishsaxe28@oksbi-486173048015-DR VIA UPI,929790623205,"8,900.88",,193846.36
04/10/25,UPI-Neha Roy-3023445825@ybl-499956178844-CR VIA UPI,040401677103,,"12,950.42",206796.78
05/10/25,UPI-Meena Shukla-8086989822@apl-382463455917-CR VIA UPI,878068795944,,"1,950.71",208747.49
05/10/25,POS MORE SUPER MARKET SURAT,482231207922,"4,350.05",,204397.44
05/10/25,UPI-Paytm Mall-paytm@paytm-291788343043-DR VIA UPI,329902244089,590.40,,203807.04
06/10/25,UPI-Sanjay Chaudhary-6030858778@ptaxis-262550345426-DR VIA UPI,496341959072,"20,300.30",,183506.74
07/10/25,UPI-Ola Cabs-olamoney@ola-742000114884-DR VIA UPI,523055156618,790.11,,182716.63
07/10/25,POS HP PETROL PUMP SURAT,359509538596,"1,900.46",,180816.17
07/10/25,UPI-ACT Fibernet-broadband@paytm-557109674462-DR VIA UPI,661283569475,899.00,,179917.17
07/10/25,SALARY-S1671186302175/NEFT/Hexaware Technologies,152819735806,,"110,624.23",290541.40
07/10/25,UPI-PhonePe Merchant-phonepe@ybl-699488306491-DR VIA UPI,268499799576,600.92,,289940.48
07/10/25,UPI-Amazon Pay-amazon@apl-969937881608-DR VIA UPI,214695064519,"1,310.41",,288630.07
08/10/25,POS METRO CASH CARRY SURAT,314035370837,"3,400.62",,285229.45
08/10/25,ECS-NACH-RNT9713530-RENT MANDATE,193378336921,"18,500.00",,266729.45
09/10/25,ECS-NACH-LN811618202917-Manappuram Finance,261407491569,"10,500.00",,256229.45
10/10/25,UPI-Nykaa-nykaa@razorpay-409260763499-DR VIA UPI,466444834732,"3,100.40",,253129.05
11/10/25,UPI-BSNL Broadband-bsnlbroadband@upi-929303085422-DR VIA UPI,777688299983,950.23,,252178.82
11/10/25,ECS-NACH-SIP5060942-Mirae Asset MF,426474653591,"7,000.00",,245178.82
12/10/25,UPI-Rapido-rapido@icici-110411384278-DR VIA UPI,307516009732,830.12,,244348.70
12/10/25,UPI-Paytm Mall-paytm@paytm-812509553290-DR VIA UPI,224387425388,"1,110.41",,243238.29
12/10/25,UPI-Zomato-zomato@axisbank-065494510756-DR VIA UPI,207708345272,910.62,,242327.67
12/10/25,UPI-Bajaj Allianz Life-licindia@licindia-195636082254-DR VIA UPI,478482851583,"5,400.00",,236927.67
13/10/25,UPI-Ola Cabs-olamoney@ola-098280296983-DR VIA UPI,050414379895,"2,280.97",,234646.70
13/10/25,UPI-Airtel Payments-airtel@axis-659875958198-DR VIA UPI,947272015781,449.00,,234197.70
14/10/25,UPI-Myntra-myntra@ybl-529737487675-DR VIA UPI,708287329435,649.00,,233548.70
14/10/25,UPI-Rapido-rapido@icici-327596917165-DR VIA UPI,586774237042,310.13,,233238.57
14/10/25,ATW-XXXXXX5037-PBD99676-SURAT 261782498916,750253696857,"8,000.00",,225238.57
14/10/25,UPI-Blinkit-blinkit@kotak-233818910540-DR VIA UPI,525134951827,"1,440.26",,223798.31
14/10/25,UPI-Jyoti Thapar-jyoti672@ptaxis-087012354238-DR VIA UPI,363426782128,"7,500.89",,216297.42
15/10/25,UPI-Pooja Dutta-poojadutt43@okaxis-707542495128-CR VIA UPI,047096700933,,"4,650.75",220948.17
15/10/25,UPI-Swiggy-swiggy@icici-735480564314-DR VIA UPI,743377410425,"1,520.49",,219427.68
15/10/25,POS HP PETROL PUMP SURAT,273100809030,"2,550.73",,216876.95
15/10/25,UPI-Airtel Payments-airtel@axis-179963404813-DR VIA UPI,948060778890,449.00,,216427.95
17/10/25,UPI-Seema Shukla-seema.shukla@pthdfc-645967656336-DR VIA UPI,310632100301,"7,850.53",,208577.42
18/10/25,ATW-XXXXXX4341-VYB59628-SURAT 196729365885,592457254944,"6,000.00",,202577.42
19/10/25,UPI-Sumit Menon-sumit.menon@upi-306252289153-DR VIA UPI,415452053856,"7,000.34",,195577.08
19/10/25,UPI-Sneha Malhotra-snehamalh64@okicici-144596004793-CR VIA UPI,119112172304,,"2,700.40",198277.48
19/10/25,UPI-BESCOM-bescompayment@upi-982393938239-DR VIA UPI,798915913328,"4,100.25",,194177.23
19/10/25,UPI-Swiggy-swiggy@icici-241743483046-DR VIA UPI,108332650741,"2,730.62",,191446.61
20/10/25,POS BHARAT PETROLEUM SURAT,812392016304,"2,300.57",,189146.04
20/10/25,UPI-Sangita Chaudhary-6358353576@ptyes-344836721131-CR VIA UPI,444116479329,,"6,150.94",195296.98
21/10/25,ATW-XXXXXX3274-TDU97438-SURAT 066063859376,693632150001,"5,500.00",,189796.98
21/10/25,UPI-Flipkart-flipkart@ybl-352607584238-DR VIA UPI,379867627455,"2,050.55",,187746.43
21/10/25,UPI-Divya Kapoor-divya117@upi-962525265312-CR VIA UPI,332810118372,,"6,400.83",194147.26
22/10/25,UPI-Kiran Pillai-8159158943@okhdfcbank-017561860188-DR VIA UPI,032031900368,"7,000.59",,187146.67
22/10/25,UPI-Blinkit-blinkit@kotak-099897293472-DR VIA UPI,966633295671,850.35,,186296.32
23/10/25,UPI-Meesho-meesho@ybl-840303843472-DR VIA UPI,594294319700,"2,950.16",,183346.16
23/10/25,UPI-Airtel Payments-airtel@axis-173930647613-DR VIA UPI,134235280918,619.00,,182727.16
25/10/25,UPI-Indane Gas-indanegas@upi-428838012138-DR VIA UPI,697771728306,"1,800.73",,180926.43
25/10/25,ATW-XXXXXX0777-GDY98000-SURAT 438545949994,686204255734,"8,500.00",,172426.43
25/10/25,ATW-XXXXXX1245-TNR88910-SURAT 558024573410,216500006695,"2,000.00",,170426.43
28/10/25,UPI-Seema Chaudhary-8889643389@ptsbi-905891812380-DR VIA UPI,940883799548,"17,950.18",,152476.25
28/10/25,UPI-Amazon Pay-amazon@apl-064227144566-DR VIA UPI,552694647846,"1,290.31",,151185.94
29/10/25,UPI-Paytm Mall-paytm@paytm-669745588141-DR VIA UPI,249168056856,"1,110.45",,150075.49
29/10/25,UPI-Uber India-uber@paytm-736295367535-DR VIA UPI,845768575285,80.38,,149995.11
29/10/25,UPI-Blinkit-blinkit@kotak-204690811272-DR VIA UPI,869932091752,"2,140.27",,147854.84
31/10/25,UPI-Sunita Nair-sunita.nair@ybl-263605686722-CR VIA UPI,810597824193,,"20,850.73",168705.57
31/10/25,UPI-Blinkit-blinkit@kotak-656390664898-DR VIA UPI,690488772014,160.40,,168545.17
01/11/25,UPI-Varsha Iyer-varshaiyer58@oksbi-984514872101-CR VIA UPI,342138815892,,"11,200.09",179745.26
02/11/25,UPI-Gaurav Patil-2170893457@okicici-750665023174-DR VIA UPI,060046552568,"13,400.88",,166344.38
02/11/25,UPI-Anita Mishra-anita610@ptaxis-728653485312-CR VIA UPI,605101553491,,"6,350.88",172695.26
03/11/25,UPI-Airtel Payments-airtel@axis-450347792042-DR VIA UPI,799847384807,999.00,,171696.26
03/11/25,ATW-XXXXXX1085-YYI25362-SURAT 574257690498,919624336368,"6,500.00",,165196.26
05/11/25,UPI-Jyoti Rao-jyoti129@ptsbi-276260090380-CR VIA UPI,392523847508,,"12,450.16",177646.42
05/11/25,UPI-Bajaj Allianz Life-licindia@licindia-562910607194-DR VIA UPI,431518284491,"5,400.00",,172246.42
06/11/25,UPI-Uber India-uber@paytm-392027291907-DR VIA UPI,599302714565,510.18,,171736.24
06/11/25,UPI-IRCTC-irctc@upi-048052936315-DR VIA UPI,981506464024,299.00,,171437.24
07/11/25,SALARY-S2295747751746/NEFT/Hexaware Technologies,086130748597,,"107,194.23",278631.47
07/11/25,POS MORE SUPER MARKET SURAT,014951605208,"2,850.50",,275780.97
08/11/25,UPI-Ola Cabs-olamoney@ola-073137338798-DR VIA UPI,803941024902,"1,060.96",,274720.01
09/11/25,IMPS-795695819383-Preeti Roy-FDRL-XXXXXXX9031-IMPSTXN,556266204429,"20,000.52",,254719.49
09/11/25,ECS-NACH-LN811618202917-Manappuram Finance,026299410434,"10,500.00",,244219.49
09/11/25,UPI-PhonePe Merchant-phonepe@ybl-977364698418-DR VIA UPI,534102707793,"1,330.80",,242888.69
09/11/25,POS SHOPPERS STOP SURAT,034882943644,"5,750.09",,237138.60
09/11/25,POS BIG BAZAAR SURAT,106886844630,"6,450.24",,230688.36
09/11/25,UPI-Yogesh Pillai-yogesh.pillai@okicici-222523248362-CR VIA UPI,569895397220,,"19,600.92",250289.28
10/11/25,UPI-Uber India-uber@paytm-427045339513-DR VIA UPI,153197028715,560.27,,249729.01
11/11/25,ECS-NACH-SIP6192070-Mirae Asset MF,966867658093,"7,000.00",,242729.01
11/11/25,POS SHOPPERS STOP SURAT,519053551803,"7,850.11",,234878.90
11/11/25,UPI-Lata Jain-lata.jain@upi-828904979784-DR VIA UPI,565622962943,"18,200.72",,216678.18
11/11/25,ECS-NACH-RNT6558584-RENT MANDATE,094271105126,"18,500.00",,198178.18
12/11/25,UPI-Rajan Agarwal-rajan.agarwal@ptaxis-655883943052-CR VIA UPI,381291556466,,"4,950.00",203128.18
13/11/25,UPI-Ola Cabs-olamoney@ola-492613629850-DR VIA UPI,327083353638,320.00,,202808.18
13/11/25,UPI-Airtel Payments-airtel@axis-395642624840-DR VIA UPI,215976239617,559.00,,202249.18
13/11/25,UPI-ACT Fibernet-broadband@paytm-712613392831-DR VIA UPI,249062933379,949.00,,201300.18
13/11/25,UPI-BESCOM-bescompayment@upi-027423298542-DR VIA UPI,905790734637,"3,200.02",,198100.16
13/11/25,ATW-XXXXXX3227-COV52408-SURAT 449469650290,418743929665,"1,500.00",,196600.16
14/11/25,UPI-Rajesh Sethi-4270527260@okicici-553747203371-DR VIA UPI,044113490516,550.02,,196050.14
15/11/25,UPI-Nisha Mehta-nisha.mehta@axl-658591861810-DR VIA UPI,806888623057,"7,100.78",,188949.36
15/11/25,UPI-Flipkart-flipkart@ybl-440282609913-DR VIA UPI,180954288266,170.86,,188778.50
16/11/25,POS RELIANCE MART SURAT,721506805257,"2,150.05",,186628.45
16/11/25,POS INDIAN OIL SURAT,003313676511,"2,600.17",,184028.28
17/11/25,UPI-Indane Gas-indanegas@upi-567905913615-DR VIA UPI,345501891814,"1,150.29",,182877.99
17/11/25,UPI-Uber India-uber@paytm-723624619204-DR VIA UPI,403803847581,150.47,,182727.52
18/11/25,UPI-Swati Sen-swati.sen@ptaxis-220106712001-CR VIA UPI,450666882050,,"15,100.04",197827.56
18/11/25,UPI-Jio Recharge-jio@paytm-858286558860-DR VIA UPI,993344085931,350.45,,197477.11
18/11/25,UPI-Myntra-myntra@ybl-169143650169-DR VIA UPI,987516961061,"4,900.27",,192576.84
18/11/25,UPI-Dunzo-dunzo@razorpay-255055558774-DR VIA UPI,313710406045,"1,720.06",,190856.78
19/11/25,ATW-XXXXXX4014-TRM94102-SURAT 274318347196,652990001014,"8,000.00",,182856.78
20/11/25,UPI-Ola Cabs-olamoney@ola-205069659624-DR VIA UPI,116259470470,620.11,,182236.67
21/11/25,UPI-Suresh Malhotra-9716906535@ptyes-013737165848-CR VIA UPI,409609845238,,"19,550.78",201787.45
21/11/25,UPI-Flipkart-flipkart@ybl-666431148192-DR VIA UPI,479336939037,"2,220.14",,199567.31
21/11/25,POS BHARAT PETROLEUM SURAT,355538751877,"3,500.11",,196067.20
21/11/25,UPI-Sachin Patil-sachin.patil@okicici-904102902444-DR VIA UPI,079937271291,"17,450.66",,178616.54
22/11/25,UPI-Rapido-rapido@icici-784622592486-DR VIA UPI,315643778838,410.24,,178206.30
24/11/25,UPI-Zomato-zomato@axisbank-935337432360-DR VIA UPI,583813141994,"2,400.72",,175805.58
24/11/25,UPI-Deepa Naik-deepa447@apl-637630906917-CR VIA UPI,468014336434,,"13,850.58",189656.16
25/11/25,IMPS-991137658148-Vikas Singh-UCBA-XXXXXXX4879-IMPSTXN,047663182763,"4,200.53",,185455.63
26/11/25,UPI-Ola Cabs-olamoney@ola-358346025300-DR VIA UPI,265953110879,580.08,,184875.55
27/11/25,POS STAR BAZAAR SURAT,384301272879,"2,100.85",,182774.70
28/11/25,ATW-XXXXXX4004-MHA03188-SURAT 413049611761,041280411662,"9,500.00",,173274.70
29/11/25,UPI-Airtel Payments-airtel@axis-570191519932-DR VIA UPI,225081087922,589.00,,172685.70
29/11/25,UPI-Manoj Ahuja-manoj201@ptyes-452521183975-CR VIA UPI,466221837828,,"2,450.49",175136.19
02/12/25,UPI-Paytm Mall-paytm@paytm-187583843237-DR VIA UPI,057255539801,910.12,,174226.07
03/12/25,UPI-Zomato-zomato@axisbank-864562872728-DR VIA UPI,117395168887,"2,380.61",,171845.46
03/12/25,POS RELIANCE MART SURAT,258123184606,850.95,,170994.51
03/12/25,UPI-Swiggy-swiggy@icici-103563152814-DR VIA UPI,960468648971,"2,390.42",,168604.09
03/12/25,UPI-Zomato-zomato@axisbank-242167227072-DR VIA UPI,513556255145,640.03,,167964.06
04/12/25,POS SHOPPERS STOP SURAT,887909862540,"7,300.70",,160663.36
04/12/25,UPI-Apollo Pharmacy-apollopharmacy@ybl-884107733915-DR VIA UPI,506602680703,"3,340.86",,157322.50
04/12/25,UPI-Airtel Payments-airtel@axis-734990189098-DR VIA UPI,689810040374,419.00,,156903.50
05/12/25,ATW-XXXXXX1732-IUY97283-SURAT 041221329392,858081464749,"1,000.00",,155903.50
05/12/25,POS HP PETROL PUMP SURAT,880348207287,"1,900.19",,154003.31
06/12/25,UPI-Ola Cabs-olamoney@ola-322533927694-DR VIA UPI,183529974665,"1,660.64",,152342.67
06/12/25,SALARY-S7912471888414/NEFT/Hexaware Technologies,544949606075,,"112,284.23",264626.90
06/12/25,UPI-Rapido-rapido@icici-580622975617-DR VIA UPI,974218844941,160.24,,264466.66
08/12/25,UPI-Zepto-zepto@apl-939951028463-DR VIA UPI,572064118873,540.67,,263925.99
08/12/25,ECS-NACH-RNT2125596-RENT MANDATE,823191819328,"18,500.00",,245425.99
09/12/25,UPI-Bajaj Allianz Life-licindia@licindia-506217698760-DR VIA UPI,084714487983,"5,400.00",,240025.99
09/12/25,UPI-ACT Fibernet-broadband@paytm-142143046280-DR VIA UPI,053147567862,299.00,,239726.99
10/12/25,UPI-Rapido-rapido@icici-504727432384-DR VIA UPI,347623331061,350.85,,239376.14
10/12/25,UPI-Uber India-uber@paytm-967782024797-DR VIA UPI,872658917974,550.66,,238825.48
11/12/25,UPI-BESCOM-bescompayment@upi-457832436792-DR VIA UPI,000554012549,"1,150.47",,237675.01
11/12/25,ATW-XXXXXX6899-KXN78573-SURAT 139122688765,235331291347,"7,000.00",,230675.01
11/12/25,UPI-Ola Cabs-olamoney@ola-739742155084-DR VIA UPI,081055313984,700.73,,229974.28
12/12/25,UPI-Sunita Agarwal-7303106944@axl-188210000513-CR VIA UPI,975071900824,,"15,350.09",245324.37
12/12/25,ECS-NACH-SIP4161992-Mirae Asset MF,351418143703,"7,000.00",,238324.37
12/12/25,UPI-Uber India-uber@paytm-762611134882-DR VIA UPI,691169920923,500.10,,237824.27
13/12/25,ECS-NACH-LN811618202917-Manappuram Finance,578098968789,"10,500.00",,227324.27
14/12/25,UPI-Indane Gas-indanegas@upi-808885121531-DR VIA UPI,906853423431,"2,800.78",,224523.49
16/12/25,UPI-Amazon Pay-amazon@apl-525553892992-DR VIA UPI,803541801010,"4,500.89",,220022.60
17/12/25,POS SHELL FUEL STATION SURAT,294040789131,"1,000.85",,219021.75
18/12/25,POS INDIAN OIL SURAT,355765031998,"3,450.70",,215571.05
18/12/25,UPI-Shivam Rao-shivam141@ybl-075988090985-DR VIA UPI,031908661660,"18,700.36",,196870.69
19/12/25,UPI-BigBasket-bigbasket@ybl-063924766693-DR VIA UPI,498791901736,420.72,,196449.97
19/12/25,POS INDIAN OIL SURAT,456854219387,"2,100.94",,194349.03
19/12/25,UPI-Dunzo-dunzo@razorpay-605260336705-DR VIA UPI,791883280837,"2,650.45",,191698.58
19/12/25,UPI-Mohit Mehta-mohit.mehta@axl-705850304017-DR VIA UPI,892921296387,"6,800.53",,184898.05
19/12/25,UPI-BSNL Broadband-bsnlbroadband@upi-609886760479-DR VIA UPI,697719789481,270.88,,184627.17
20/12/25,UPI-PhonePe Merchant-phonepe@ybl-304157611696-DR VIA UPI,301230494283,"1,080.72",,183546.45
20/12/25,UPI-Blinkit-blinkit@kotak-334974294158-DR VIA UPI,600420552984,"2,250.97",,181295.48
20/12/25,ATW-XXXXXX8366-DQA79835-SURAT 828269480651,426413333616,"10,000.00",,171295.48
21/12/25,UPI-Amazon Pay-amazon@apl-083195866789-DR VIA UPI,657206954431,"5,500.79",,165794.69
21/12/25,UPI-Vijay Dubey-vijaydube21@axl-978376378201-CR VIA UPI,487831484967,,"17,750.37",183545.06
21/12/25,POS LIFESTYLE STORES SURAT,127679051368,"3,200.09",,180344.97
22/12/25,UPI-BigBasket-bigbasket@ybl-867217554616-DR VIA UPI,472987247245,"1,640.90",,178704.07
22/12/25,ATW-XXXXXX6454-VUP34227-SURAT 782085444951,099823049949,"7,000.00",,171704.07
23/12/25,UPI-Radha Pillai-radhapill79@apl-868500384556-CR VIA UPI,825044594232,,"19,250.56",190954.63
24/12/25,UPI-Swiggy-swiggy@icici-475859386244-DR VIA UPI,430381634165,"1,020.37",,189934.26
24/12/25,UPI-Paytm Mall-paytm@paytm-525372470736-DR VIA UPI,526236639063,"1,660.50",,188273.76
24/12/25,UPI-Swiggy-swiggy@icici-229470296813-DR VIA UPI,526683574821,"2,670.40",,185603.36
24/12/25,UPI-Lalit Roy-lalit863@kotak-774657975390-CR VIA UPI,595426639402,,"5,900.84",191504.20
24/12/25,UPI-Ola Cabs-olamoney@ola-203903890368-DR VIA UPI,932803615678,"2,360.00",,189144.20
25/12/25,UPI-Airtel Payments-airtel@axis-997812233047-DR VIA UPI,183851111303,759.00,,188385.20
25/12/25,UPI-Ola Cabs-olamoney@ola-137412822542-DR VIA UPI,379727337168,880.68,,187504.52
26/12/25,INTEREST CREDIT,870279115677,,730.25,188234.77
27/12/25,GST ON CHARGES,402131268456,28.80,,188205.97
27/12/25,MOBILE BANKING CHARGES,079709814787,160.00,,188045.97
28/12/25,POS MAX FASHION SURAT,163252504336,"1,750.97",,186295.00
28/12/25,UPI-Shivam Naik-0846903860@ibl-963324705751-DR VIA UPI,815905725467,"13,550.80",,172744.20
28/12/25,UPI-Amazon Pay-amazon@apl-515230701068-DR VIA UPI,363206886361,"2,150.54",,170593.66
28/12/25,UPI-Babita Patel-babita519@ybl-422793818587-DR VIA UPI,512923545302,"18,100.88",,152492.78
29/12/25,UPI-Manoj Saxena-manojsaxe91@oksbi-905150026848-CR VIA UPI,389032659861,,"13,800.68",166293.46
29/12/25,UPI-Kunal Desai-7801418187@axl-931271470002-CR VIA UPI,321826482374,,"5,850.49",172143.95
30/12/25,UPI-Renu Reddy-renu924@ybl-301882647246-DR VIA UPI,097207992920,"22,000.62",,150143.33
31/12/25,UPI-BigBasket-bigbasket@ybl-312473196284-DR VIA UPI,359508954792,"2,440.65",,147702.68
31/12/25,UPI-Ola Cabs-olamoney@ola-021221531768-DR VIA UPI,079496095170,"1,420.13",,146282.55
01/01/26,UPI-Zepto-zepto@apl-111184979600-DR VIA UPI,917492684688,"1,840.78",,144441.77
01/01/26,UPI-Flipkart-flipkart@ybl-758305510577-DR VIA UPI,806403381382,"2,640.57",,141801.20
02/01/26,ATW-XXXXXX5608-BQM78542-SURAT 204703785469,160676133955,"2,000.00",,139801.20
03/01/26,POS RELIANCE PETROLEUM SURAT,235375806016,"3,450.78",,136350.42
03/01/26,UPI-Uber India-uber@paytm-045870776207-DR VIA UPI,769834022115,320.66,,136029.76
05/01/26,UPI-Rapido-rapido@icici-191708339724-DR VIA UPI,237709102507,310.23,,135719.53
05/01/26,UPI-Varun Chaudhary-0187319410@pthdfc-163926475944-CR VIA UPI,685040736669,,"12,450.25",148169.78
05/01/26,UPI-ACT Fibernet-broadband@paytm-004259319428-DR VIA UPI,306776620341,749.00,,147420.78
07/01/26,SALARY-S8987114954997/NEFT/Hexaware Technologies,369997550903,,"108,282.23",255703.01
07/01/26,UPI-Bajaj Allianz Life-licindia@licindia-070870474135-DR VIA UPI,083274947018,"5,400.00",,250303.01
08/01/26,UPI-Blinkit-blinkit@kotak-986449676163-DR VIA UPI,647079506839,"2,100.76",,248202.25
08/01/26,UPI-Rohit Bose-rohit577@kotak-248627731046-CR VIA UPI,866698278394,,"17,650.00",265852.25
09/01/26,UPI-Amazon Pay-amazon@apl-762726359147-DR VIA UPI,052533153978,"1,680.70",,264171.55
10/01/26,UPI-Myntra-myntra@ybl-289712305532-DR VIA UPI,623916403400,199.00,,263972.55
10/01/26,ECS-NACH-RNT4404291-RENT MANDATE,059565865281,"18,500.00",,245472.55
11/01/26,ECS-NACH-LN811618202917-Manappuram Finance,750755470066,"10,500.00",,234972.55
11/01/26,POS BHARAT PETROLEUM SURAT,458435484711,"1,000.70",,233971.85
11/01/26,UPI-Naresh Verma-naresh.verma@upi-253472314080-DR VIA UPI,121648822497,"12,350.73",,221621.12
11/01/26,UPI-Uber India-uber@paytm-128448367708-DR VIA UPI,858477820418,290.42,,221330.70
11/01/26,POS MAX FASHION SURAT,274135629126,"6,700.79",,214629.91
11/01/26,ATW-XXXXXX9183-YKJ58151-SURAT 641293903352,261393337346,"9,000.00",,205629.91
12/01/26,UPI-Nykaa-nykaa@razorpay-367560900612-DR VIA UPI,097476882746,"3,950.59",,201679.32
12/01/26,ECS-NACH-SIP5793714-Mirae Asset MF,532487226925,"7,000.00",,194679.32
12/01/26,UPI-Airtel Payments-airtel@axis-832456461582-DR VIA UPI,060967935429,919.00,,193760.32
13/01/26,POS PANTALOONS SURAT,823561138588,"4,700.14",,189060.18
14/01/26,UPI-Kamal Chaudhary-7548097589@ibl-790579613075-CR VIA UPI,042529264943,,"19,200.32",208260.50
15/01/26,ATW-XXXXXX5279-SNV68031-SURAT 595599371635,502297235077,"8,500.00",,199760.50
16/01/26,UPI-Siddharth Gupta-3999213595@okicici-584347483633-DR VIA UPI,856446698314,"19,450.99",,180309.51
16/01/26,UPI-BESCOM-bescompayment@upi-173229678473-DR VIA UPI,306678664909,900.41,,179409.10
16/01/26,POS HP PETROL PUMP SURAT,922168669561,"2,500.75",,176908.35
16/01/26,UPI-Rapido-rapido@icici-447920752647-DR VIA UPI,722580513486,390.35,,176518.00
17/01/26,UPI-Paytm Mall-paytm@paytm-887124568930-DR VIA UPI,398721510675,"1,230.99",,175287.01
17/01/26,UPI-Ola Cabs-olamoney@ola-864298660739-DR VIA UPI,420148248576,"1,240.35",,174046.66
19/01/26,UPI-Flipkart-flipkart@ybl-081556692809-DR VIA UPI,385849835648,"1,740.91",,172305.75
19/01/26,UPI-Gopal Mukherjee-4887681979@oksbi-893809477357-DR VIA UPI,976219064782,"2,150.65",,170155.10
19/01/26,ATW-XXXXXX9613-IYL37178-SURAT 942622268338,411878775554,"4,000.00",,166155.10
19/01/26,ATW-XXXXXX8550-MMF66962-SURAT 540146933846,764701526283,"8,500.00",,157655.10
20/01/26,POS MAX FASHION SURAT,812814695990,"3,850.51",,153804.59
20/01/26,UPI-Zomato-zomato@axisbank-935079456783-DR VIA UPI,115458691461,"1,490.17",,152314.42
21/01/26,UPI-Flipkart-flipkart@ybl-292097567667-DR VIA UPI,926144595500,"1,650.21",,150664.21
23/01/26,UPI-Indane Gas-indanegas@upi-423556477029-DR VIA UPI,263763984639,"1,300.89",,149363.32
23/01/26,UPI-Sunil Desai-sunildesa62@apl-944412417012-CR VIA UPI,207551424249,,"6,600.31",155963.63
23/01/26,UPI-Airtel Payments-airtel@axis-921582906306-DR VIA UPI,458705844082,429.00,,155534.63
23/01/26,UPI-Akash Mishra-akash570@ptsbi-445878795760-CR VIA UPI,501959072440,,"13,150.83",168685.46
23/01/26,UPI-Jio Recharge-jio@paytm-040693192560-DR VIA UPI,778917558028,"1,410.21",,167275.25
24/01/26,UPI-Ola Cabs-olamoney@ola-110960277368-DR VIA UPI,274157960836,710.48,,166564.77
24/01/26,UPI-Flipkart-flipkart@ybl-341083180912-DR VIA UPI,210310633265,390.23,,166174.54
27/01/26,UPI-Suresh Ghosh-sureshghos14@axl-329180329887-CR VIA UPI,610980384855,,"1,550.40",167724.94
27/01/26,UPI-Kunal Shukla-kunal.shukla@oksbi-340546311831-DR VIA UPI,768781502985,"7,100.37",,160624.57
28/01/26,IMPS-102318002048-Yogesh Naik-FDRL-XXXXXXX0748-IMPSTXN,832073545552,"19,500.05",,141124.52
29/01/26,ATW-XXXXXX6242-TSO95266-SURAT 467895629008,887213739102,"8,000.00",,133124.52
30/01/26,UPI-Tarun Nair-1087195024@axl-180167088730-CR VIA UPI,406183536763,,"12,300.82",145425.34
31/01/26,POS INDIAN OIL SURAT,264870783582,"4,300.97",,141124.37
02/02/26,POS LIFESTYLE STORES SURAT,660893699675,"1,400.80",,139723.57
02/02/26,UPI-Flipkart-flipkart@ybl-465358801150-DR VIA UPI,277798063760,"2,460.23",,137263.34
02/02/26,UPI-Ola Cabs-olamoney@ola-247035783468-DR VIA UPI,166835792990,"1,090.92",,136172.42
03/02/26,UPI-Rohit Sharma-rohitshar62@ptyes-395668057760-DR VIA UPI,598030605816,"4,900.00",,131272.42
03/02/26,UPI-Ola Cabs-olamoney@ola-088783554440-DR VIA UPI,020569998791,420.89,,130851.53
04/02/26,UPI-Jio Recharge-jio@paytm-622293561417-DR VIA UPI,751667477793,"2,360.18",,128491.35
05/02/26,UPI-Flipkart-flipkart@ybl-146632899954-DR VIA UPI,643614689296,"5,600.26",,122891.09
05/02/26,POS HP PETROL PUMP SURAT,381021580402,"3,750.87",,119140.22
05/02/26,UPI-Shivam Dubey-shivam588@upi-223036373357-DR VIA UPI,413947510810,"19,900.24",,99239.98
05/02/26,UPI-Sunita Sharma-sunita855@okicici-956445106412-CR VIA UPI,713752353127,,"14,850.15",114090.13
06/02/26,UPI-Mahesh Srivastava-mahesh311@ybl-659859541466-DR VIA UPI,309255087745,"9,300.02",,104790.11
07/02/26,UPI-Ola Cabs-olamoney@ola-718289118855-DR VIA UPI,268903661527,650.44,,104139.67
07/02/26,SALARY-S2409349773071/NEFT/Hexaware Technologies,064327852321,,"112,435.23",216574.90
07/02/26,UPI-Mohan Kumar-6842784183@ybl-283084849377-CR VIA UPI,947052243228,,"13,350.52",229925.42
08/02/26,ECS-NACH-RNT4435649-RENT MANDATE,396996901273,"18,500.00",,211425.42
08/02/26,UPI-BSNL Broadband-bsnlbroadband@upi-002061579174-DR VIA UPI,419856210987,390.60,,211034.82
09/02/26,ECS-NACH-LN811618202917-Manappuram Finance,384231782625,"10,500.00",,200534.82
10/02/26,ATW-XXXXXX4753-SCO81423-SURAT 776887582013,894669011209,"5,000.00",,195534.82
10/02/26,UPI-Mahesh Bajaj-maheshbaja12@ptsbi-286353570226-CR VIA UPI,168008519338,,"4,850.90",200385.72
11/02/26,UPI-Airtel Payments-airtel@axis-695907449663-DR VIA UPI,130517368407,599.00,,199786.72
11/02/26,UPI-Uber India-uber@paytm-597496489203-DR VIA UPI,339894754180,250.58,,199536.14
12/02/26,ECS-NACH-SIP5461740-Mirae Asset MF,365035349970,"7,000.00",,192536.14
12/02/26,UPI-Bajaj Allianz Life-licindia@licindia-465833799668-DR VIA UPI,248404357257,"5,400.00",,187136.14
12/02/26,ATW-XXXXXX6985-RTG13260-SURAT 283138314745,538164232827,"6,500.00",,180636.14
13/02/26,UPI-Meesho-meesho@ybl-245955688162-DR VIA UPI,587424044008,"1,750.58",,178885.56
13/02/26,UPI-Rapido-rapido@icici-409733769565-DR VIA UPI,216763166650,660.29,,178225.27
13/02/26,POS CENTRAL MALL SURAT,375973385822,"6,900.89",,171324.38
13/02/26,UPI-Varsha Shukla-0999152807@axl-724855327789-DR VIA UPI,785519695769,"13,100.61",,158223.77
13/02/26,UPI-Asha Joshi-asha807@pthdfc-313122192325-DR VIA UPI,429009627575,"7,950.00",,150273.77
14/02/26,UPI-Paytm Mall-paytm@paytm-388621807927-DR VIA UPI,861875041972,"2,180.25",,148093.52
15/02/26,UPI-BESCOM-bescompayment@upi-451138085891-DR VIA UPI,609141064400,"2,650.30",,145443.22
16/02/26,UPI-Uber India-uber@paytm-917874941229-DR VIA UPI,746604698052,820.06,,144623.16
16/02/26,UPI-Meena Malhotra-meena489@ibl-906269801847-CR VIA UPI,030773632044,,"19,100.52",163723.68
16/02/26,ATW-XXXXXX0823-YFT67436-SURAT 965367839761,665830475231,"6,000.00",,157723.68
16/02/26,UPI-Airtel Payments-airtel@axis-217838371348-DR VIA UPI,973195290922,369.00,,157354.68
16/02/26,POS CENTRAL MALL SURAT,061173590271,"1,450.30",,155904.38
18/02/26,UPI-Manish Sen-manishsen17@apl-637391269284-CR VIA UPI,035195355181,,"20,850.69",176755.07
18/02/26,ATW-XXXXXX5923-OCA64212-SURAT 523618325438,703346270010,"9,500.00",,167255.07
20/02/26,UPI-Swiggy-swiggy@icici-531713985203-DR VIA UPI,568877088892,"1,500.57",,165754.50
21/02/26,UPI-Indane Gas-indanegas@upi-399454320046-DR VIA UPI,942435609516,"2,650.26",,163104.24
22/02/26,UPI-Uber India-uber@paytm-552713005426-DR VIA UPI,226845303127,740.66,,162363.58
23/02/26,UPI-BigBasket-bigbasket@ybl-547555092451-DR VIA UPI,018736407248,"1,550.90",,160812.68
23/02/26,UPI-Netmeds-netmeds@paytm-935931839584-DR VIA UPI,561024730967,"2,890.99",,157921.69
23/02/26,UPI-Mohan Joshi-3213076165@kotak-644498630950-DR VIA UPI,740532795602,"20,350.63",,137571.06
23/02/26,UPI-Rani Dubey-ranidube41@kotak-693220425961-CR VIA UPI,498316720782,,"14,650.02",152221.08
23/02/26,POS HP PETROL PUMP SURAT,440083124511,"1,300.56",,150920.52
25/02/26,UPI-Rajan Gupta-rajan187@okaxis-313536458776-DR VIA UPI,937109011054,"18,250.73",,132669.79
27/02/26,UPI-Santosh Thapar-santoshthap11@kotak-859193646592-CR VIA UPI,877778972118,,"9,250.14",141919.93
28/02/26,GST ON CHARGES,175083466708,9.00,,141910.93
28/02/26,UPI-Deepa Chatterjee-deepa394@ptsbi-691629501528-CR VIA UPI,383986099123,,"3,500.37",145411.30
28/02/26,ATW-XXXXXX3419-EEQ98210-SURAT 442977489858,056491070233,"7,500.00",,137911.30
28/02/26,ATW-XXXXXX4005-WAQ66776-SURAT 671911105282,490667007667,"2,500.00",,135411.30
28/02/26,MOBILE BANKING CHARGES,192534432390,50.00,,135361.30
28/02/26,UPI-Asha Kumar-asha214@ybl-287883176569-CR VIA UPI,504180262621,,"12,050.65",147411.95
01/03/26,UPI-Ramesh Tiwari-rameshtiwa46@ptyes-730552977142-DR VIA UPI,974028063428,950.57,,146461.38
01/03/26,UPI-Dunzo-dunzo@razorpay-750802319827-DR VIA UPI,770167103666,"2,190.69",,144270.69
01/03/26,UPI-Dunzo-dunzo@razorpay-691846310298-DR VIA UPI,261410659665,570.16,,143700.53
01/03/26,UPI-Krishna Agarwal-krishna.agarwal@ptaxis-456309829279-CR VIA UPI,165987234379,,"7,100.86",150801.39
01/03/26,ATW-XXXXXX1502-IOU77127-SURAT 345696494958,890245140831,"6,000.00",,144801.39
02/03/26,UPI-Geeta Iyer-geeta960@paytm-865287183745-DR VIA UPI,134368890260,"1,800.00",,143001.39
02/03/26,UPI-Zomato-zomato@axisbank-801775471526-DR VIA UPI,308282076499,"1,390.53",,141610.86
03/03/26,POS SHOPPERS STOP SURAT,397914351740,"5,750.21",,135860.65
03/03/26,UPI-Amazon Pay-amazon@apl-382460496107-DR VIA UPI,818490511640,430.96,,135429.69
03/03/26,UPI-Naveen Patil-naveen935@apl-228646802993-DR VIA UPI,016941928136,"20,400.19",,115029.50
03/03/26,UPI-Dunzo-dunzo@razorpay-022684514412-DR VIA UPI,683272855191,"1,390.95",,113638.55
03/03/26,UPI-Tarun Kulkarni-0247115882@okhdfcbank-019917002797-CR VIA UPI,193523797681,,"13,100.85",126739.40
04/03/26,UPI-Amazon Pay-amazon@apl-955667557746-DR VIA UPI,324436897424,"1,500.10",,125239.30
04/03/26,UPI-Mohan Mukherjee-mohan.mukherjee@upi-956101068024-DR VIA UPI,233747524458,"2,750.34",,122488.96
04/03/26,UPI-Pankaj Nambiar-pankaj569@apl-996316909089-CR VIA UPI,783310515821,,"17,300.46",139789.42
04/03/26,POS MAX FASHION SURAT,126453966293,"8,300.57",,131488.85
05/03/26,UPI-Nisha Saxena-nisha.saxena@okicici-400094505762-CR VIA UPI,259245544001,,"20,500.97",151989.82
05/03/26,UPI-Kamal Malhotra-kamalmalh19@ptyes-253852399872-DR VIA UPI,079549275813,"10,100.74",,141889.08
06/03/26,UPI-Kunal Pillai-kunalpill57@ybl-249267974713-DR VIA UPI,528854501168,"14,600.18",,127288.90
07/03/26,SALARY-S1392375994674/NEFT/Hexaware Technologies,018535607782,,"110,963.23",238252.13
07/03/26,UPI-Uber India-uber@paytm-331388338216-DR VIA UPI,544282855258,170.29,,238081.84
07/03/26,UPI-Bajaj Allianz Life-licindia@licindia-630489839326-DR VIA UPI,149782330974,"5,400.00",,232681.84
08/03/26,ATW-XXXXXX8335-VVZ61874-SURAT 506601882323,823609448896,"5,000.00",,227681.84
08/03/26,UPI-Nisha Patil-nisha476@oksbi-635261673414-CR VIA UPI,159522313961,,"8,450.42",236132.26
08/03/26,UPI-Prashant Pandey-7881741502@axl-137665334766-DR VIA UPI,018097475174,"5,150.76",,230981.50
08/03/26,POS PANTALOONS SURAT,130948563841,"6,650.91",,224330.59
08/03/26,UPI-Airtel Payments-airtel@axis-365739962230-DR VIA UPI,421977398981,469.00,,223861.59
08/03/26,POS BHARAT PETROLEUM SURAT,940078944709,950.02,,222911.57
08/03/26,UPI-Ola Cabs-olamoney@ola-929452263341-DR VIA UPI,426145465594,710.39,,222201.18
08/03/26,UPI-Ola Cabs-olamoney@ola-289906196897-DR VIA UPI,404863210584,890.23,,221310.95
08/03/26,ATW-XXXXXX1924-JSA64078-SURAT 148344872684,091719679620,"6,000.00",,215310.95
09/03/26,UPI-Spotify-spotify@icici-479342863645-DR VIA UPI,028009459190,849.00,,214461.95
09/03/26,UPI-Zepto-zepto@apl-782334502748-DR VIA UPI,720684372345,"2,460.48",,212001.47
09/03/26,UPI-BigBasket-bigbasket@ybl-522836984600-DR VIA UPI,805283557449,"2,790.79",,209210.68
10/03/26,UPI-Airtel Payments-airtel@axis-857243761124-DR VIA UPI,987567442272,769.00,,208441.68
10/03/26,UPI-Anita Kapoor-anita.kapoor@apl-277930085128-CR VIA UPI,188882983806,,"2,500.21",210941.89
10/03/26,UPI-BigBasket-bigbasket@ybl-193557140668-DR VIA UPI,732163586433,"2,670.16",,208271.73
11/03/26,ECS-NACH-RNT2416782-RENT MANDATE,212293544053,"18,500.00",,189771.73
11/03/26,ECS-NACH-LN811618202917-Manappuram Finance,335504605440,"10,500.00",,179271.73
11/03/26,UPI-Mohan Pillai-9225587279@okhdfcbank-842331210902-DR VIA UPI,624156437992,"21,650.83",,157620.90
12/03/26,UPI-Mohit Nair-mohit.nair@axl-685174900832-CR VIA UPI,146415622866,,"11,300.63",168921.53
12/03/26,UPI-Airtel Payments-airtel@axis-500944489345-DR VIA UPI,817120179401,239.00,,168682.53
13/03/26,UPI-Uber India-uber@paytm-837207175568-DR VIA UPI,354473833701,"1,410.39",,167272.14
13/03/26,UPI-Paytm Mall-paytm@paytm-909981778922-DR VIA UPI,142029649896,"2,610.36",,164661.78
13/03/26,UPI-Amazon Pay-amazon@apl-314887134955-DR VIA UPI,718679778373,820.31,,163841.47
14/03/26,UPI-ACT Fibernet-broadband@paytm-606853538535-DR VIA UPI,461475458423,549.00,,163292.47
14/03/26,UPI-Rapido-rapido@icici-884641439988-DR VIA UPI,100491111654,200.64,,163091.83
14/03/26,UPI-BESCOM-bescompayment@upi-899250292863-DR VIA UPI,158442814514,"1,750.37",,161341.46
15/03/26,ECS-NACH-SIP9821674-Mirae Asset MF,349811711990,"7,000.00",,154341.46
16/03/26,UPI-Paytm Mall-paytm@paytm-029239447410-DR VIA UPI,039962784974,640.64,,153700.82
16/03/26,ATW-XXXXXX4422-FSG09884-SURAT 332920909151,450505041365,"6,500.00",,147200.82
17/03/26,UPI-Nisha Saxena-nisha286@okicici-380713216333-DR VIA UPI,210636075484,"6,750.97",,140449.85
19/03/26,ATW-XXXXXX6456-XZG70837-SURAT 111099602200,457543821320,"8,500.00",,131949.85
19/03/26,UPI-Rahul Sharma-rahulshar99@oksbi-787689216101-DR VIA UPI,643349015897,"5,450.76",,126499.09
19/03/26,POS VISHAL MEGA MART SURAT,639050001733,"4,650.73",,121848.36
19/03/26,UPI-Jyoti Shah-jyoti259@upi-030726979715-CR VIA UPI,405360418979,,"19,550.91",141399.27
20/03/26,POS RELIANCE PETROLEUM SURAT,169109792052,"1,850.04",,139549.23
21/03/26,UPI-Rani Kumar-ranikuma57@paytm-911273016316-CR VIA UPI,699280169393,,"6,300.46",145849.69
21/03/26,UPI-Anjali Joshi-0065762736@ybl-248197296021-CR VIA UPI,802696193148,,"5,300.18",151149.87
22/03/26,POS BRAND FACTORY SURAT,300560138647,"2,400.92",,148748.95
22/03/26,UPI-Myntra-myntra@ybl-522595608489-DR VIA UPI,289832608022,599.00,,148149.95
22/03/26,UPI-Myntra-myntra@ybl-676303654087-DR VIA UPI,229735344196,"3,750.43",,144399.52
23/03/26,POS PANTALOONS SURAT,099644916567,"7,700.48",,136699.04
23/03/26,UPI-Flipkart-flipkart@ybl-592529404097-DR VIA UPI,649368559860,"1,240.74",,135458.30
23/03/26,UPI-Mohan Menon-mohanmeno12@paytm-743134656579-DR VIA UPI,305738806557,"9,750.34",,125707.96
24/03/26,UPI-Indane Gas-indanegas@upi-311719481693-DR VIA UPI,246313145320,"1,050.29",,124657.67
24/03/26,ATW-XXXXXX7185-KED98199-SURAT 821763840541,481024845618,"8,000.00",,116657.67
25/03/26,UPI-Abhishek Singh-abhishek695@axl-444080160980-DR VIA UPI,214604635255,"4,700.51",,111957.16
26/03/26,GST ON CHARGES,570154393757,30.60,,111926.56
26/03/26,INTEREST CREDIT,470093011691,,850.42,112776.98
26/03/26,MOBILE BANKING CHARGES,249068286420,170.00,,112606.98
28/03/26,UPI-BigBasket-bigbasket@ybl-486730715288-DR VIA UPI,446165278199,"1,480.47",,111126.51
28/03/26,POS HP PETROL PUMP SURAT,970956987857,"3,050.52",,108075.99
28/03/26,UPI-Dunzo-dunzo@razorpay-380749751834-DR VIA UPI,956026483255,"2,170.82",,105905.17
29/03/26,UPI-Uber India-uber@paytm-475272729897-DR VIA UPI,185564786984,200.56,,105704.61
30/03/26,UPI-Himanshu Ghosh-himanshughos77@okicici-910239390587-CR VIA UPI,547165579695,,"17,850.89",123555.50
30/03/26,UPI-Abhishek Bose-5231786118@apl-805398827493-CR VIA UPI,688934828401,,"13,800.30",137355.80
31/03/26,UPI-Uber India-uber@paytm-845499698203-DR VIA UPI,070590163498,"1,570.86",,135784.94
02/04/26,UPI-Ola Cabs-olamoney@ola-123943647906-DR VIA UPI,993340529628,570.93,,135214.01
03/04/26,UPI-Airtel Payments-airtel@axis-478506547700-DR VIA UPI,722626625933,369.00,,134845.01
04/04/26,UPI-Airtel Payments-airtel@axis-281930723216-DR VIA UPI,303893505542,689.00,,134156.01
04/04/26,POS STAR BAZAAR SURAT,460514094008,"5,550.48",,128605.53
04/04/26,UPI-Swiggy-swiggy@icici-956970659172-DR VIA UPI,294691505618,460.18,,128145.35
05/04/26,UPI-BSNL Broadband-bsnlbroadband@upi-541091035262-DR VIA UPI,644215023984,"1,910.18",,126235.17
05/04/26,UPI-Uber India-uber@paytm-621703787161-DR VIA UPI,936283915463,350.79,,125884.38
05/04/26,SALARY-S1392882330714/NEFT/Hexaware Technologies,718262166213,,"108,003.23",233887.61
06/04/26,POS SHELL FUEL STATION SURAT,761956061068,"1,400.25",,232487.36
06/04/26,ECS-NACH-RNT3375953-RENT MANDATE,252424413385,"18,500.00",,213987.36
06/04/26,UPI-Airtel Payments-airtel@axis-512418341077-DR VIA UPI,208033333081,629.00,,213358.36
06/04/26,UPI-PhonePe Merchant-phonepe@ybl-346899883591-DR VIA UPI,974324575203,"2,800.23",,210558.13
07/04/26,ECS-NACH-LN811618202917-Manappuram Finance,450951730522,"10,500.00",,200058.13
07/04/26,UPI-Rapido-rapido@icici-673207982251-DR VIA UPI,987570825347,410.35,,199647.78
08/04/26,UPI-Rahul Sethi-rahul783@upi-280033494326-DR VIA UPI,095686899589,"18,100.44",,181547.34
09/04/26,UPI-Swiggy-swiggy@icici-649958608127-DR VIA UPI,245770377235,300.02,,181247.32
10/04/26,UPI-Mohan Saxena-1708383253@ptyes-711319092396-DR VIA UPI,530531315704,"20,700.31",,160547.01
10/04/26,UPI-Spotify-spotify@icici-856818531471-DR VIA UPI,278433101678,549.00,,159998.01
10/04/26,NEFT*N8293632539973/Fortis Healthcare Lt/CR,309617187982,,"6,000.31",165998.32
11/04/26,UPI-Siddharth Thapar-siddharththap32@paytm-214437007804-DR VIA UPI,895050773746,"3,300.93",,162697.39
11/04/26,UPI-Blinkit-blinkit@kotak-554590548294-DR VIA UPI,753679767502,970.15,,161727.24
12/04/26,UPI-Bajaj Allianz Life-licindia@licindia-882051146635-DR VIA UPI,241735257958,"5,400.00",,156327.24
12/04/26,UPI-BESCOM-bescompayment@upi-857413844385-DR VIA UPI,090950801977,"4,100.10",,152227.14
12/04/26,POS HP PETROL PUMP SURAT,183519840019,"4,500.76",,147726.38
14/04/26,UPI-Naveen Rao-naveen674@okicici-577623545191-DR VIA UPI,505137419975,"8,550.46",,139175.92
14/04/26,ECS-NACH-SIP3205493-Mirae Asset MF,828557472664,"7,000.00",,132175.92
15/04/26,UPI-Rapido-rapido@icici-630552279455-DR VIA UPI,432595152874,80.08,,132095.84
16/04/26,UPI-Rani Saxena-rani.saxena@okhdfcbank-033720071267-CR VIA UPI,205843234262,,"17,800.80",149896.64
16/04/26,UPI-Amazon Pay-amazon@apl-835454955958-DR VIA UPI,138150783476,"1,490.56",,148406.08
16/04/26,UPI-BigBasket-bigbasket@ybl-676127322111-DR VIA UPI,696829871955,"1,300.51",,147105.57
16/04/26,POS RELIANCE MART SURAT,865090266892,"2,250.32",,144855.25
18/04/26,UPI-Himanshu Joshi-1258656886@apl-256985269007-DR VIA UPI,498694659841,"19,550.80",,125304.45
20/04/26,UPI-Mahesh Shukla-mahesh.shukla@ptaxis-821547404764-CR VIA UPI,852986481181,,"18,100.71",143405.16
21/04/26,UPI-Uber India-uber@paytm-551960760423-DR VIA UPI,497054224339,890.19,,142514.97
21/04/26,UPI-Rapido-rapido@icici-918529361779-DR VIA UPI,832717244332,340.45,,142174.52
24/04/26,UPI-Deepa Pillai-deepa.pillai@okaxis-800883192141-CR VIA UPI,884523100454,,"10,800.49",152975.01
24/04/26,UPI-Usha Pillai-ushapill72@ptaxis-255627242077-DR VIA UPI,432807430061,"11,900.92",,141074.09
24/04/26,POS STAR BAZAAR SURAT,322794173780,950.27,,140123.82
24/04/26,UPI-Indane Gas-indanegas@upi-954833468479-DR VIA UPI,378235496173,"2,650.89",,137472.93
25/04/26,UPI-Airtel Payments-airtel@axis-144606752669-DR VIA UPI,848876768774,339.00,,137133.93
25/04/26,UPI-Ola Cabs-olamoney@ola-648027322395-DR VIA UPI,381162581859,890.98,,136242.95
26/04/26,UPI-Meesho-meesho@ybl-189939103848-DR VIA UPI,346915641155,"5,200.40",,131042.55
26/04/26,UPI-Jyoti Dubey-jyoti894@axl-229737790378-DR VIA UPI,068052993538,"12,050.14",,118992.41
27/04/26,UPI-Rapido-rapido@icici-680164580058-DR VIA UPI,186773134996,400.84,,118591.57
27/04/26,POS BHARAT PETROLEUM SURAT,871604396698,"3,050.60",,115540.97
27/04/26,UPI-Geeta Desai-geetadesa65@apl-022128637393-CR VIA UPI,025843749020,,"12,900.75",128441.72
27/04/26,ATW-XXXXXX0081-ANZ25725-SURAT 245337300593,078558711090,"8,000.00",,120441.72
28/04/26,UPI-Sapna Saxena-sapna574@okicici-874858331201-DR VIA UPI,190594097956,"21,300.62",,99141.10
28/04/26,UPI-Rahul Nair-rahul.nair@ibl-172779384261-DR VIA UPI,799308458311,"12,050.72",,87090.38
29/04/26,UPI-Uber India-uber@paytm-590567781515-DR VIA UPI,662465741750,"2,370.19",,84720.19
29/04/26,ATW-XXXXXX7908-PYE36044-SURAT 410872452160,221674079730,"6,500.00",,78220.19
29/04/26,UPI-Mohan Shah-mohan753@ybl-488040114576-CR VIA UPI,506513377865,,"5,950.19",84170.38
30/04/26,POS BHARAT PETROLEUM SURAT,063669805153,"2,150.58",,82019.80
01/05/26,GST ON CHARGES,106148239164,68.40,,81951.40
01/05/26,UPI-Rapido-rapido@icici-739063190509-DR VIA UPI,232241183542,740.79,,81210.61
01/05/26,MOBILE BANKING CHARGES,540624127975,380.00,,80830.61
01/05/26,UPI-Deepa Gupta-deepa.gupta@aubank-591212344315-CR VIA UPI,864177166709,,"3,400.19",84230.80
02/05/26,UPI-Nykaa-nykaa@razorpay-257883816416-DR VIA UPI,413518516482,350.30,,83880.50
04/05/26,UPI-Brijesh Singh-brijeshsing39@okaxis-739415892945-DR VIA UPI,482192570498,"7,800.95",,76079.55
04/05/26,UPI-Pankaj Reddy-0425888158@oksbi-705715525551-DR VIA UPI,501420131282,"11,600.08",,64479.47
04/05/26,UPI-Neha Ahuja-4075411977@pthdfc-543770416509-DR VIA UPI,661215094256,"5,900.03",,58579.44
04/05/26,UPI-Practo-practo@paytm-566903731244-DR VIA UPI,658353603791,599.00,,57980.44
05/05/26,UPI-Divya Mishra-divyamish34@aubank-592542852559-DR VIA UPI,914513760584,"6,450.58",,51529.86
05/05/26,POS SHELL FUEL STATION SURAT,425544336286,"1,700.78",,49829.08
06/05/26,UPI-Airtel Payments-airtel@axis-841799081413-DR VIA UPI,867970877877,759.00,,49070.08
06/05/26,ATW-XXXXXX7843-AUX84279-SURAT 104879941937,627988154941,"8,500.00",,40570.08
07/05/26,UPI-Airtel Payments-airtel@axis-263126844607-DR VIA UPI,793963305146,439.00,,40131.08
07/05/26,UPI-PhonePe Merchant-phonepe@ybl-155721528006-DR VIA UPI,232608106258,"2,330.51",,37800.57
07/05/26,SALARY-S3269973618815/NEFT/Hexaware Technologies,209275239075,,"110,190.23",147990.80
09/05/26,UPI-BSNL Broadband-bsnlbroadband@upi-129989156883-DR VIA UPI,964886462055,380.06,,147610.74
09/05/26,ATW-XXXXXX3331-DWX95003-SURAT 722332717093,709652614149,"3,500.00",,144110.74
