Bank Name,THE FEDERAL BANK LIMITED
Account Number,19721381060384
Account Holder Name,SAPNA KHANNA
Branch,GOREGAON EAST
IFSC Code,FDRL0209887
Statement Period,01-12-2024 To 09-05-2026

Date,Description,Ref/ChequeNo,Debit,Credit,Balance
01-12-2024,UPI/DR/289850175670/Flipkart/ICICI/flipkart@ybl/UPI,103456245190,"1,050.83",,177231.54
02-12-2024,UPI/DR/679281126433/Shreya/UTIB/shreya.khanna@upi/UPI,447984421701,"14,100.46",,163131.08
02-12-2024,POS VISHAL MEGA MART FARIDABAD,401699908573,500.54,,162630.54
03-12-2024,UPI/CR/006541230892/Kavita/PUNB/kavitabose68@ptsbi/UPI,272017618872,,"17,550.72",180181.26
04-12-2024,UPI/DR/368942079235/Ola/PAYTM/olamoney@ola/UPI,208661018716,80.76,,180100.50
04-12-2024,IMPS/P2M/388471318833//Himanshu Kulkarn/HDFC,723195497019,"37,400.70",,142699.80
05-12-2024,POS PANTALOONS FARIDABAD,974245694017,"8,150.44",,134549.36
05-12-2024,POS BIG BAZAAR FARIDABAD,671308317327,"4,600.05",,129949.31
05-12-2024,UPI/DR/255881347167/Myntra/PAYTM/myntra@ybl/UPI,917153293788,"3,400.23",,126549.08
05-12-2024,UPI/DR/941655885440/Santosh/HDFC/santosh484@okaxis/UPI,358351928539,"17,900.69",,108648.39
05-12-2024,SALARY CREDIT/S4321742059790/Mphasis Limited,512204920201,,"138,117.23",246765.62
06-12-2024,POS V MART FARIDABAD,337059985206,"1,200.19",,245565.43
07-12-2024,UPI/DR/397409217132/Amazon/ICICI/amazon@apl/UPI,330226509494,650.24,,244915.19
08-12-2024,UPI/DR/842846026325/Reliance/LICI/licindia@licindia/UPI,559174677071,"8,300.00",,236615.19
08-12-2024,POS RELIANCE MART FARIDABAD,449627051849,"5,050.96",,231564.23
09-12-2024,NACH/MANDATE/RNT3663211/RENT MANDATE,104358728702,"18,000.00",,213564.23
09-12-2024,IMPS/P2M/823205076541//Santosh Singh/HDFC,415703897576,"31,200.35",,182363.88
09-12-2024,UPI/DR/395698667641/Meena/BKID/meena.kulkarni@axl/UPI,945210212905,"1,250.25",,181113.63
09-12-2024,POS STAR BAZAAR FARIDABAD,067532020057,"3,050.23",,178063.40
10-12-2024,UPI/DR/247529228035/Preeti/HDFC/preeti534@pthdfc/UPI,818490684447,"17,050.36",,161013.04
13-12-2024,UPI/DR/505219622834/Uber/PAYTM/uber@paytm/UPI,840890487923,450.81,,160562.23
15-12-2024,UPI/DR/934939594394/Airtel/PAYTM/vi@airtelaxis/UPI,863107140092,389.00,,160173.23
15-12-2024,UPI/DR/023162692198/Preeti/BARB/preetidube34@apl/UPI,057829148486,"15,550.19",,144623.04
15-12-2024,POS RELIANCE PETROLEUM FARIDABA,615855067242,"2,650.78",,141972.26
15-12-2024,UPI/DR/514001568341/Amit/FDRL/amit323@paytm/UPI,502671558794,"6,650.79",,135321.47
16-12-2024,NACH/MANDATE/SIP7621454/Mirae Asset MF,500756973951,"9,500.00",,125821.47
16-12-2024,NEFT/N1924787827871/Hexaware Technologie,164995374158,,"52,000.55",177822.02
16-12-2024,UPI/DR/498920411510/Rapido/PAYTM/rapido@icici/UPI,921826139662,450.36,,177371.66
17-12-2024,UPI/CR/523985097059/Gopal/KKBK/gopalbaja74@paytm/UPI,731932866835,,"1,500.98",178872.64
17-12-2024,UPI/DR/817768693417/KSEB/UPIN/ksebpayment@upi/UPI,379973814195,"1,100.91",,177771.73
17-12-2024,UPI/DR/874249583971/Santosh/BKID/santoshkulk31@ibl/UPI,838682867589,"9,000.00",,168771.73
18-12-2024,UPI/DR/741480440499/Brijesh/UTIB/9213916184@oksbi/UPI,749058634575,"6,900.67",,161871.06
18-12-2024,POS LIFESTYLE STORES FARIDABAD,526384732246,"6,450.64",,155420.42
19-12-2024,UPI/DR/242407392141/Airtel/PAYTM/vi@airtelaxis/UPI,058759837988,919.00,,154501.42
20-12-2024,UPI/DR/605983689820/Paytm/ICICI/paytm@paytm/UPI,652507663268,"1,350.03",,153151.39
20-12-2024,UPI/DR/601586071328/Swiggy/ICICI/swiggy@icici/UPI,820638539310,940.56,,152210.83
20-12-2024,UPI/DR/694572004053/Amazon/ICICI/amazon@apl/UPI,767177881417,"2,120.85",,150089.98
21-12-2024,UPI/DR/790244289065/Indane/ICICI/indanegas@upi/UPI,678585273225,"1,150.34",,148939.64
22-12-2024,UPI/DR/221910932324/Vivek/UCBA/3889380863@oksbi/UPI,567241165170,"13,100.02",,135839.62
22-12-2024,UPI/CR/961759317988/Sunil/UTIB/4134048357@axl/UPI,600684059246,,"20,650.43",156490.05
22-12-2024,POS INDIAN OIL FARIDABA,402976557166,"2,150.89",,154339.16
22-12-2024,UPI/DR/032644599001/Apollo/ICICI/apollopharmacy@ybl/UPI,821546122766,399.00,,153940.16
22-12-2024,UPI/DR/427252714456/Airtel/PAYTM/vi@airtelaxis/UPI,510122048590,369.00,,153571.16
23-12-2024,UPI/DR/603219489780/Airtel/PAYTM/vi@airtelaxis/UPI,719784094379,449.00,,153122.16
23-12-2024,POS INDIAN OIL FARIDABA,432003173418,"3,700.98",,149421.18
23-12-2024,UPI/DR/076897270205/Meena/SBIN/meena600@oksbi/UPI,128915276466,"14,350.02",,135071.16
24-12-2024,UPI/CR/390146483361/Shweta/FDRL/shwetabose24@okhdfcbank/UPI,342805244880,,"10,400.50",145471.66
24-12-2024,UPI/DR/550478822955/Babita/SBIN/babita198@kotak/UPI,898672578283,"12,150.84",,133320.82
25-12-2024,ATM CASH WITHDRAWAL/22898/FARIDABAD,708144517498,"5,500.00",,127820.82
25-12-2024,UPI/DR/007102338647/Zomato/ICICI/zomato@axisbank/UPI,247631306389,"2,120.43",,125700.39
25-12-2024,UPI/CR/788840409412/Divya/UTIB/divyanair90@ptyes/UPI,772976944395,,"10,100.03",135800.42
25-12-2024,UPI/DR/079212027198/Naveen/UTIB/9748457234@pthdfc/UPI,501070876707,"9,850.41",,125950.01
25-12-2024,ATM CASH WITHDRAWAL/09650/FARIDABAD,226850078747,"3,000.00",,122950.01
26-12-2024,UPI/DR/769885712305/Mukesh/FDRL/mukeshsing49@okaxis/UPI,635079390599,"4,250.39",,118699.62
26-12-2024,UPI/DR/113592453447/Dunzo/ICICI/dunzo@razorpay/UPI,189333047479,"2,480.23",,116219.39
27-12-2024,ATM CASH WITHDRAWAL/14688/FARIDABAD,422091742798,"5,000.00",,111219.39
27-12-2024,GST ON CHARGES,703523852882,79.20,,111140.19
27-12-2024,TRANSACTION CHARGES,484467856015,440.00,,110700.19
27-12-2024,UPI/DR/711141788894/Meena/UTIB/meena357@ibl/UPI,360722891705,"12,250.44",,98449.75
27-12-2024,INTEREST CREDIT,881599594825,,820.32,99270.07
27-12-2024,UPI/CR/929728445941/Shreya/HDFC/5685557359@oksbi/UPI,631657743124,,"5,600.99",104871.06
28-12-2024,POS HP PETROL PUMP FARIDABA,305341553543,"4,100.17",,100770.89
30-12-2024,UPI/CR/312720560804/Mohit/HDFC/mohitshuk37@ibl/UPI,128616284493,,"7,000.71",107771.60
31-12-2024,ATM CASH WITHDRAWAL/69355/FARIDABAD,836899877968,"1,500.00",,106271.60
31-12-2024,POS CENTRAL MALL FARIDABAD,740799489326,"2,000.43",,104271.17
31-12-2024,UPI/DR/730228779976/Akash/HDFC/akashchop81@oksbi/UPI,683552234690,"19,400.35",,84870.82
31-12-2024,UPI/DR/364946200764/Zomato/ICICI/zomato@axisbank/UPI,603633987513,"1,040.81",,83830.01
01-01-2025,UPI/CR/725697415914/Manish/SBIN/7677437005@paytm/UPI,927887803554,,"2,050.43",85880.44
01-01-2025,POS INDIAN OIL FARIDABA,832432075553,"4,000.39",,81880.05
01-01-2025,UPI/DR/630576093580/Ola/ICICI/olamoney@ola/UPI,934088687597,"1,190.19",,80689.86
02-01-2025,UPI/DR/628125524293/Mohit/BARB/3818032784@ptyes/UPI,870786685523,"5,100.70",,75589.16
02-01-2025,UPI/DR/923148746622/Myntra/PAYTM/myntra@ybl/UPI,606933887099,"3,300.15",,72289.01
03-01-2025,UPI/DR/572644499359/Hotstar/ICICI/hotstar@hdfcbank/UPI,971866884463,499.00,,71790.01
03-01-2025,UPI/DR/828324642874/Ola/PAYTM/olamoney@ola/UPI,816059159153,860.06,,70929.95
03-01-2025,UPI/DR/654223401127/Sachin/KKBK/sachin.saxena@kotak/UPI,203106674052,"14,300.90",,56629.05
03-01-2025,UPI/DR/645072270557/Deepak/UTIB/deepak821@ibl/UPI,533962717852,500.75,,56128.30
03-01-2025,UPI/DR/132083809402/BSNL/ICICI/bsnlbroadband@upi/UPI,685179351585,"1,180.51",,54947.79
04-01-2025,UPI/DR/939901731878/Jio/ICICI/jio@paytm/UPI,123802812888,900.93,,54046.86
04-01-2025,SALARY CREDIT/S4816953033789/Mphasis Limited,716727794995,,"139,836.23",193883.09
04-01-2025,UPI/DR/046585602274/Uber/ICICI/uber@paytm/UPI,999097276867,920.46,,192962.63
04-01-2025,UPI/DR/803253016867/BSNL/ICICI/bsnlbroadband@upi/UPI,198790537886,"1,090.22",,191872.41
05-01-2025,UPI/DR/230305046603/Radha/UCBA/radhameno58@okicici/UPI,153000241202,"14,800.95",,177071.46
06-01-2025,UPI/DR/344008850835/Reliance/LICI/licindia@licindia/UPI,882474522097,"8,300.00",,168771.46
06-01-2025,UPI/DR/006346465438/Rapido/PAYTM/rapido@icici/UPI,162565862447,600.48,,168170.98
06-01-2025,ATM CASH WITHDRAWAL/40501/FARIDABAD,734827848267,"6,000.00",,162170.98
07-01-2025,UPI/DR/960438766985/Amazon/ICICI/amazon@apl/UPI,788617430943,"2,590.05",,159580.93
07-01-2025,NACH/MANDATE/RNT3892670/RENT MANDATE,400280591394,"18,000.00",,141580.93
08-01-2025,UPI/DR/270944879201/Mina/UCBA/minachat14@paytm/UPI,662115327142,"9,200.21",,132380.72
09-01-2025,IMPS/P2M/015748269061//Rakesh Kulkarni/UCBA,621238714662,"4,300.16",,128080.56
09-01-2025,UPI/DR/276473667716/Meena/UCBA/meenachop86@paytm/UPI,945374646842,"8,400.37",,119680.19
09-01-2025,UPI/CR/490479581171/Sanjay/BARB/sanjay421@oksbi/UPI,535988121311,,"4,900.48",124580.67
10-01-2025,UPI/DR/100013322442/Airtel/PAYTM/vi@airtelaxis/UPI,656041795628,799.00,,123781.67
10-01-2025,UPI/DR/411256201421/Ola/PAYTM/olamoney@ola/UPI,651761362125,220.57,,123561.10
11-01-2025,UPI/DR/797624030951/Jio/ICICI/jio@paytm/UPI,420716197339,"1,310.65",,122250.45
11-01-2025,UPI/DR/554263709861/KSEB/UPIN/ksebpayment@upi/UPI,169278911333,950.70,,121299.75
12-01-2025,ATM CASH WITHDRAWAL/94401/FARIDABAD,557127263958,"4,500.00",,116799.75
12-01-2025,POS METRO CASH CARRY FARIDABAD,488995739277,"2,650.92",,114148.83
13-01-2025,UPI/CR/251489712828/Arun/UTIB/6844207649@okaxis/UPI,968183675448,,"16,650.50",130799.33
13-01-2025,UPI/DR/144095868176/PhonePe/ICICI/phonepe@ybl/UPI,840554025694,"1,850.32",,128949.01
17-01-2025,UPI/CR/610599739316/Akash/PUNB/akash165@kotak/UPI,030771693835,,"18,150.31",147099.32
17-01-2025,UPI/DR/079622102088/Deepa/UTIB/deepa431@axl/UPI,741615829133,"9,700.24",,137399.08
17-01-2025,NACH/MANDATE/SIP9260330/Mirae Asset MF,133869729609,"9,500.00",,127899.08
18-01-2025,UPI/DR/613776727762/Paytm/ICICI/paytm@paytm/UPI,581578862295,490.24,,127408.84
18-01-2025,UPI/DR/444665095415/Santosh/BKID/2205956992@ptyes/UPI,718982905747,"11,200.23",,116208.61
19-01-2025,UPI/DR/306494145397/Flipkart/PAYTM/flipkart@ybl/UPI,792720016556,"3,850.70",,112357.91
21-01-2025,UPI/DR/523684339489/Paytm/ICICI/paytm@paytm/UPI,563122118185,"1,640.11",,110717.80
22-01-2025,POS SHELL FUEL STATION FARIDABA,052085797806,"1,900.30",,108817.50
22-01-2025,POS BIG BAZAAR FARIDABAD,469241586492,"6,050.36",,102767.14
23-01-2025,UPI/DR/754453984883/Zomato/ICICI/zomato@axisbank/UPI,776274572917,"2,450.60",,100316.54
24-01-2025,UPI/DR/655350214638/Dunzo/ICICI/dunzo@razorpay/UPI,648719329653,960.31,,99356.23
24-01-2025,POS HP PETROL PUMP FARIDABA,951456837621,"2,550.05",,96806.18
24-01-2025,UPI/DR/745410608980/Indane/ICICI/indanegas@upi/UPI,002589373631,"2,450.86",,94355.32
25-01-2025,UPI/DR/538771960668/Blinkit/ICICI/blinkit@kotak/UPI,802134764608,"2,690.65",,91664.67
25-01-2025,UPI/DR/075249181162/Jio/ICICI/jio@paytm/UPI,639277190919,"2,800.04",,88864.63
26-01-2025,UPI/DR/615973377823/Sapna/SBIN/sapnabane73@aubank/UPI,624993690978,"21,150.06",,67714.57
26-01-2025,POS MORE SUPER MARKET FARIDABAD,389249844020,"6,350.95",,61363.62
26-01-2025,POS BHARAT PETROLEUM FARIDABA,299604414533,"4,050.97",,57312.65
27-01-2025,UPI/DR/884389686836/Swiggy/ICICI/swiggy@icici/UPI,531961745535,"2,530.31",,54782.34
27-01-2025,UPI/DR/954067698636/Ola/PAYTM/olamoney@ola/UPI,565986105522,860.04,,53922.30
27-01-2025,UPI/CR/594541039103/Vijay/FDRL/vijay315@okicici/UPI,293525052785,,"17,400.99",71323.29
29-01-2025,UPI/DR/418488421382/Airtel/PAYTM/vi@airtelaxis/UPI,516718744750,809.00,,70514.29
29-01-2025,UPI/DR/969667115608/Swati/KKBK/swati.verma@ybl/UPI,529157356275,"10,350.91",,60163.38
29-01-2025,UPI/CR/320662010749/Anjali/BDBL/anjalidube62@paytm/UPI,687082124832,,"15,500.58",75663.96
29-01-2025,UPI/DR/630103323717/Jio/ICICI/jio@paytm/UPI,999314052928,"2,480.84",,73183.12
30-01-2025,UPI/DR/517924776762/Lalit/SBIN/lalit192@ptyes/UPI,107608086839,"13,750.51",,59432.61
30-01-2025,UPI/DR/570558868152/Rakesh/HDFC/2475790394@pthdfc/UPI,117656222079,"16,450.54",,42982.07
30-01-2025,UPI/DR/716288904289/BSNL/ICICI/bsnlbroadband@upi/UPI,678559929221,"1,930.78",,41051.29
30-01-2025,UPI/DR/234380740280/Dunzo/ICICI/dunzo@razorpay/UPI,003250297169,640.66,,40410.63
01-02-2025,UPI/DR/732721526243/Jio/ICICI/jio@paytm/UPI,772241174797,730.38,,39680.25
01-02-2025,UPI/DR/696253975255/Ravi/HDFC/ravi618@oksbi/UPI,999816650112,"11,450.14",,28230.11
02-02-2025,UPI/DR/980264682572/Sonia/BARB/3202437166@okicici/UPI,002405979034,"6,150.31",,22079.80
02-02-2025,UPI/DR/251130075051/Airtel/PAYTM/vi@airtelaxis/UPI,740637893254,179.00,,21900.80
03-02-2025,UPI/CR/596294393551/Radha/BDBL/2512807133@okaxis/UPI,604214722572,,"1,600.05",23500.85
03-02-2025,UPI/DR/844127465231/Amazon/PAYTM/amazon@apl/UPI,003280288996,"3,700.25",,19800.60
03-02-2025,UPI/CR/693826539181/Girish/UTIB/4080330424@ptsbi/UPI,704470203922,,"21,850.69",41651.29
03-02-2025,UPI/DR/754790607350/Uber/ICICI/uber@paytm/UPI,446410581776,"1,400.93",,40250.36
04-02-2025,UPI/DR/331503242579/Rohit/KKBK/rohit.banerjee@ptyes/UPI,002236920097,"15,800.98",,24449.38
04-02-2025,SALARY CREDIT/S2549393077619/Mphasis Limited,753070858147,,"139,770.23",164219.61
05-02-2025,UPI/DR/410046987896/Reliance/LICI/licindia@licindia/UPI,860792739514,"8,300.00",,155919.61
05-02-2025,ATM CASH WITHDRAWAL/45518/FARIDABAD,403435615157,"9,000.00",,146919.61
05-02-2025,UPI/DR/025145498944/Arjun/BKID/arjun.kapoor@kotak/UPI,684141207736,"9,150.29",,137769.32
05-02-2025,UPI/DR/676585720907/Uber/PAYTM/uber@paytm/UPI,768325365127,120.20,,137649.12
06-02-2025,UPI/CR/879043901958/Dinesh/UTIB/dineshpand10@ybl/UPI,776723572516,,"4,150.21",141799.33
06-02-2025,UPI/DR/208011973363/BSNL/ICICI/bsnlbroadband@upi/UPI,126507021642,"2,780.63",,139018.70
06-02-2025,ATM CASH WITHDRAWAL/43073/FARIDABAD,142615728391,"6,500.00",,132518.70
06-02-2025,UPI/DR/080735856676/Zomato/ICICI/zomato@axisbank/UPI,730854476626,"1,650.00",,130868.70
07-02-2025,UPI/DR/288959993479/Archana/BKID/archana420@kotak/UPI,104187842676,"3,350.32",,127518.38
07-02-2025,NACH/MANDATE/RNT4587211/RENT MANDATE,103815287114,"18,000.00",,109518.38
07-02-2025,UPI/DR/312483938124/Airtel/PAYTM/vi@airtelaxis/UPI,352768818201,569.00,,108949.38
10-02-2025,UPI/DR/130487253817/Jio/ICICI/jio@paytm/UPI,397239534394,140.22,,108809.16
10-02-2025,POS RELIANCE PETROLEUM FARIDABA,869108729162,"4,350.15",,104459.01
10-02-2025,UPI/CR/761428225087/Sapna/KKBK/sapna.thapar@upi/UPI,279579215957,,"14,500.15",118959.16
10-02-2025,UPI/DR/969944278630/Uber/PAYTM/uber@paytm/UPI,333185096614,250.43,,118708.73
11-02-2025,UPI/CR/968034608138/Deepa/PUNB/deepa.sen@pthdfc/UPI,969567977785,,"15,200.07",133908.80
11-02-2025,UPI/DR/560372944001/Paytm/ICICI/paytm@paytm/UPI,109623295821,900.93,,133007.87
13-02-2025,UPI/CR/646271975343/Nisha/BARB/nishashar40@ptsbi/UPI,836112589780,,"18,300.94",151308.81
14-02-2025,UPI/DR/908290461326/KSEB/UPIN/ksebpayment@upi/UPI,095680765631,"4,000.45",,147308.36
15-02-2025,NEFT/N4213455502606/Wipro Limited,529571650332,,"35,500.21",182808.57
15-02-2025,UPI/DR/871951369706/Amazon/ICICI/amazon@apl/UPI,780027434399,790.01,,182018.56
16-02-2025,POS INDIAN OIL FARIDABA,330652063687,"3,600.89",,178417.67
16-02-2025,UPI/DR/062773887456/Blinkit/ICICI/blinkit@kotak/UPI,321551658109,"1,840.17",,176577.50
16-02-2025,UPI/DR/093600002274/Airtel/PAYTM/vi@airtelaxis/UPI,891960423067,769.00,,175808.50
17-02-2025,IMPS/P2M/867753826723//Yogesh Patel/HDFC,363313777145,"13,000.84",,162807.66
17-02-2025,POS MORE SUPER MARKET FARIDABAD,921363948730,"5,550.51",,157257.15
17-02-2025,UPI/DR/667529460987/BigBasket/ICICI/bigbasket@ybl/UPI,480735439208,"2,380.04",,154877.11
18-02-2025,UPI/DR/012208206097/Amazon/ICICI/amazon@apl/UPI,169612487292,850.70,,154026.41
18-02-2025,UPI/DR/421800200637/Airtel/PAYTM/vi@airtelaxis/UPI,047395716849,409.00,,153617.41
19-02-2025,UPI/DR/108129977955/Indane/ICICI/indanegas@upi/UPI,461618232628,"1,100.15",,152517.26
19-02-2025,NACH/MANDATE/SIP4862764/Mirae Asset MF,857639380606,"9,500.00",,143017.26
19-02-2025,UPI/DR/799012962400/Sunita/HDFC/sunita169@ptyes/UPI,620393059072,"2,900.24",,140117.02
22-02-2025,POS LIFESTYLE STORES FARIDABAD,155481433125,"8,100.18",,132016.84
23-02-2025,UPI/DR/375872050845/BSNL/ICICI/bsnlbroadband@upi/UPI,931874893837,520.51,,131496.33
23-02-2025,UPI/CR/989525863385/Manoj/FDRL/manoj251@ybl/UPI,987545951806,,"17,500.16",148996.49
23-02-2025,UPI/DR/335622556914/Airtel/PAYTM/vi@airtelaxis/UPI,583620003060,889.00,,148107.49
24-02-2025,UPI/DR/290412307329/Pankaj/SBIN/0964975381@ptyes/UPI,310624445793,"6,650.35",,141457.14
24-02-2025,UPI/CR/292182390700/Sumit/BARB/2527004686@okhdfcbank/UPI,614340425513,,950.62,142407.76
25-02-2025,UPI/DR/755380831600/Dunzo/ICICI/dunzo@razorpay/UPI,061721091747,"2,670.59",,139737.17
25-02-2025,UPI/DR/401751502952/Hathway/RAZORPAY/broadband@paytm/UPI,361731087409,"1,099.00",,138638.17
26-02-2025,UPI/DR/725136006629/Priya/PUNB/priya.chopra@ybl/UPI,073055837465,"14,250.40",,124387.77
27-02-2025,POS SHOPPERS STOP FARIDABAD,670818362530,"6,000.62",,118387.15
28-02-2025,UPI/DR/517507855962/Paytm/ICICI/paytm@paytm/UPI,525020497971,"1,900.53",,116486.62
28-02-2025,UPI/DR/421175396302/Flipkart/PAYTM/flipkart@ybl/UPI,161350326538,"3,650.04",,112836.58
28-02-2025,UPI/DR/788791962586/Uber/PAYTM/uber@paytm/UPI,034423369073,150.47,,112686.11
01-03-2025,UPI/DR/168605431146/Blinkit/ICICI/blinkit@kotak/UPI,337635058880,"2,100.80",,110585.31
01-03-2025,ATM CASH WITHDRAWAL/53637/FARIDABAD,821635465957,"5,000.00",,105585.31
01-03-2025,UPI/DR/963523179576/Rapido/PAYTM/rapido@icici/UPI,584865316335,660.05,,104925.26
01-03-2025,UPI/DR/502179909216/Zomato/ICICI/zomato@axisbank/UPI,192439282374,"2,000.37",,102924.89
01-03-2025,UPI/DR/384632546469/Mamta/FDRL/mamta.dutta@okicici/UPI,716754940634,700.27,,102224.62
02-03-2025,UPI/DR/863782068684/BigBasket/ICICI/bigbasket@ybl/UPI,843100301272,"2,690.17",,99534.45
02-03-2025,IMPS/P2M/810102475133//Kamal Roy/KKBK,076502154958,"2,800.59",,96733.86
03-03-2025,UPI/DR/710628410374/Blinkit/ICICI/blinkit@kotak/UPI,255173715556,"1,570.85",,95163.01
04-03-2025,UPI/CR/557395224103/Brijesh/SBIN/brijeshchau28@ptsbi/UPI,723636170167,,"20,350.94",115513.95
04-03-2025,UPI/DR/523879735936/BSNL/ICICI/bsnlbroadband@upi/UPI,367218327562,200.55,,115313.40
04-03-2025,UPI/CR/876930471446/Naveen/BARB/naveendesa13@upi/UPI,658250960451,,"18,950.19",134263.59
04-03-2025,UPI/DR/025911451546/Kavya/BKID/6289865084@pthdfc/UPI,483878003355,"6,450.58",,127813.01
05-03-2025,UPI/DR/401731153905/Airtel/PAYTM/vi@airtelaxis/UPI,181836033670,389.00,,127424.01
05-03-2025,SALARY CREDIT/S1356270137702/Mphasis Limited,795085279657,,"138,571.23",265995.24
07-03-2025,UPI/DR/618137762262/BigBasket/ICICI/bigbasket@ybl/UPI,492749065029,"2,160.04",,263835.20
07-03-2025,UPI/DR/373375114998/Uber/ICICI/uber@paytm/UPI,548815695462,400.73,,263434.47
07-03-2025,UPI/DR/152922675196/Swiggy/ICICI/swiggy@icici/UPI,225910770366,170.68,,263263.79
09-03-2025,NACH/MANDATE/RNT4400998/RENT MANDATE,249761447048,"18,000.00",,245263.79
09-03-2025,UPI/DR/651838099630/Uber/PAYTM/uber@paytm/UPI,704137740107,290.44,,244973.35
10-03-2025,UPI/DR/968636849769/Nykaa/ICICI/nykaa@razorpay/UPI,890229022521,199.00,,244774.35
11-03-2025,ATM CASH WITHDRAWAL/25308/FARIDABAD,399992470520,"1,500.00",,243274.35
11-03-2025,UPI/DR/186506372256/Ola/ICICI/olamoney@ola/UPI,901106793606,"2,180.82",,241093.53
12-03-2025,UPI/DR/755174316558/Zepto/ICICI/zepto@apl/UPI,921517642456,"1,100.46",,239993.07
12-03-2025,UPI/DR/404212154495/Myntra/PAYTM/myntra@ybl/UPI,758642144214,"1,350.11",,238642.96
12-03-2025,POS VISHAL MEGA MART FARIDABAD,211016965826,"6,500.91",,232142.05
12-03-2025,UPI/DR/229140645274/Reliance/LICI/licindia@licindia/UPI,668443830367,"8,300.00",,223842.05
13-03-2025,NACH/MANDATE/SIP6452952/Mirae Asset MF,264587167531,"9,500.00",,214342.05
13-03-2025,UPI/DR/402117376433/KSEB/UPIN/ksebpayment@upi/UPI,018484135432,"1,450.49",,212891.56
14-03-2025,POS BHARAT PETROLEUM FARIDABA,575994527759,"2,950.93",,209940.63
14-03-2025,UPI/DR/934454923018/Airtel/PAYTM/vi@airtelaxis/UPI,489857482802,269.00,,209671.63
14-03-2025,UPI/DR/372692990501/Varun/HDFC/1171851755@oksbi/UPI,225429246229,"16,700.00",,192971.63
15-03-2025,POS VISHAL MEGA MART FARIDABAD,548308423339,"1,250.63",,191721.00
16-03-2025,POS MAX FASHION FARIDABAD,447023440814,"5,700.35",,186020.65
18-03-2025,UPI/DR/729883479060/Indane/ICICI/indanegas@upi/UPI,561410166666,"1,850.94",,184169.71
19-03-2025,UPI/DR/966159606798/Nykaa/PAYTM/nykaa@razorpay/UPI,134057894828,"4,300.15",,179869.56
19-03-2025,POS MAX FASHION FARIDABAD,905823552880,950.34,,178919.22
19-03-2025,UPI/DR/201817200691/Zomato/ICICI/zomato@axisbank/UPI,881939542064,"2,540.74",,176378.48
19-03-2025,UPI/DR/906375221664/Dunzo/ICICI/dunzo@razorpay/UPI,460690958040,"1,020.51",,175357.97
19-03-2025,UPI/DR/763731579624/Sunil/HDFC/sunilgupt33@axl/UPI,118065333699,"18,350.03",,157007.94
20-03-2025,UPI/CR/539564819087/Swati/UCBA/9181183231@ptaxis/UPI,670402208378,,"15,550.41",172558.35
20-03-2025,UPI/DR/969892933198/Rapido/PAYTM/rapido@icici/UPI,467815580911,900.29,,171658.06
21-03-2025,UPI/DR/197752559946/Apollo/ICICI/apollopharmacy@ybl/UPI,304393449939,"2,010.65",,169647.41
21-03-2025,POS HP PETROL PUMP FARIDABA,198599320706,"2,200.04",,167447.37
23-03-2025,UPI/DR/664266643408/Airtel/PAYTM/vi@airtelaxis/UPI,153112137118,239.00,,167208.37
23-03-2025,UPI/DR/960966630306/Flipkart/PAYTM/flipkart@ybl/UPI,302066950184,650.01,,166558.36
24-03-2025,UPI/DR/876043997777/Usha/UTIB/ushanamb89@pthdfc/UPI,624851747477,"15,350.88",,151207.48
24-03-2025,UPI/DR/572638064421/Airtel/PAYTM/vi@airtelaxis/UPI,437862556934,739.00,,150468.48
25-03-2025,UPI/DR/361134599076/Radha/PUNB/radha.thapar@okicici/UPI,880986054988,"4,300.12",,146168.36
25-03-2025,INTEREST CREDIT,376678026715,,"1,005.19",147173.55
25-03-2025,ATM CASH WITHDRAWAL/68156/FARIDABAD,338757131544,"10,000.00",,137173.55
26-03-2025,UPI/DR/792174599421/Amazon/ICICI/amazon@apl/UPI,817664514677,"2,160.54",,135013.01
28-03-2025,UPI/DR/050466129682/Flipkart/ICICI/flipkart@ybl/UPI,240617687220,780.75,,134232.26
29-03-2025,TRANSACTION CHARGES,936059776712,90.00,,134142.26
29-03-2025,GST ON CHARGES,781819361035,16.20,,134126.06
30-03-2025,UPI/DR/903562474148/Mukesh/FDRL/mukeshkapo47@okhdfcbank/UPI,172048490512,"7,200.52",,126925.54
31-03-2025,UPI/DR/862412130683/PhonePe/ICICI/phonepe@ybl/UPI,539978345006,"1,750.03",,125175.51
31-03-2025,UPI/DR/651780229389/Swiggy/ICICI/swiggy@icici/UPI,319908458416,"1,110.44",,124065.07
31-03-2025,UPI/DR/014647353113/Ritu/HDFC/ritusaxe53@okicici/UPI,107936752029,"14,150.95",,109914.12
01-04-2025,UPI/DR/906415664935/Vijay/UCBA/vijayredd99@apl/UPI,399136521063,"8,500.50",,101413.62
01-04-2025,UPI/CR/095566585620/Jyoti/KKBK/jyoti700@ybl/UPI,755883892583,,"11,700.05",113113.67
01-04-2025,UPI/DR/750181233203/Amazon/ICICI/amazon@apl/UPI,587717067264,"1,770.89",,111342.78
03-04-2025,UPI/DR/605358335103/Flipkart/ICICI/flipkart@ybl/UPI,002047872607,550.47,,110792.31
03-04-2025,UPI/DR/784688641730/Kavya/BKID/kavyachau17@okaxis/UPI,011939816093,"10,250.18",,100542.13
03-04-2025,ATM CASH WITHDRAWAL/81995/FARIDABAD,131387053167,"3,500.00",,97042.13
04-04-2025,UPI/CR/865805255864/Shivam/KKBK/shivampill60@upi/UPI,898612306723,,"4,050.81",101092.94
04-04-2025,UPI/DR/691909738373/Uber/PAYTM/uber@paytm/UPI,855122905311,870.47,,100222.47
06-04-2025,SALARY CREDIT/S8277271203945/Mphasis Limited,698921936542,,"142,287.23",242509.70
08-04-2025,UPI/DR/555716836629/Uber/PAYTM/uber@paytm/UPI,063595249047,790.75,,241718.95
08-04-2025,NACH/MANDATE/RNT3549253/RENT MANDATE,267778209606,"18,000.00",,223718.95
09-04-2025,UPI/DR/166766139666/Amazon/ICICI/amazon@apl/UPI,054300671915,"2,030.33",,221688.62
09-04-2025,POS METRO CASH CARRY FARIDABAD,876825426280,"4,500.10",,217188.52
09-04-2025,UPI/DR/805176367992/Ola/PAYTM/olamoney@ola/UPI,819125633017,150.71,,217037.81
10-04-2025,UPI/DR/791921003184/Girish/FDRL/girish.mishra@okaxis/UPI,258218021192,"11,100.80",,205937.01
10-04-2025,UPI/DR/684362864332/Pooja/BARB/pooja593@ptyes/UPI,208338483169,"9,250.79",,196686.22
10-04-2025,UPI/CR/909864504965/Rani/BDBL/raniroy60@okhdfcbank/UPI,541384762121,,"2,450.78",199137.00
11-04-2025,NACH/MANDATE/SIP5290461/Mirae Asset MF,617610985770,"9,500.00",,189637.00
11-04-2025,UPI/DR/421780672506/Airtel/PAYTM/vi@airtelaxis/UPI,863936758764,289.00,,189348.00
11-04-2025,UPI/DR/783549451035/Dunzo/ICICI/dunzo@razorpay/UPI,662341173353,"2,500.24",,186847.76
12-04-2025,UPI/DR/772371230414/Airtel/PAYTM/vi@airtelaxis/UPI,988791544769,469.00,,186378.76
12-04-2025,UPI/DR/932182126898/Anjali/BDBL/anjali.naik@axl/UPI,350366123263,"9,750.25",,176628.51
12-04-2025,UPI/CR/671202152807/Rajesh/UTIB/rajesh.kumar@paytm/UPI,200716834771,,"16,300.47",192928.98
13-04-2025,UPI/DR/819437955341/Reliance/LICI/licindia@licindia/UPI,981411621387,"8,300.00",,184628.98
13-04-2025,UPI/CR/089237506368/Amit/FDRL/amit326@okicici/UPI,207482192396,,"17,350.70",201979.68
13-04-2025,UPI/DR/897732401243/KSEB/UPIN/ksebpayment@upi/UPI,276697013102,"3,250.89",,198728.79
14-04-2025,UPI/DR/205645516025/Indane/ICICI/indanegas@upi/UPI,298684239923,"2,400.69",,196328.10
14-04-2025,UPI/DR/534429025352/Airtel/PAYTM/vi@airtelaxis/UPI,627257804101,449.00,,195879.10
14-04-2025,UPI/DR/660343355663/Uber/PAYTM/uber@paytm/UPI,159761723855,510.51,,195368.59
14-04-2025,UPI/DR/842098093815/1mg/ICICI/tatahealth@icici/UPI,378615309451,840.29,,194528.30
14-04-2025,UPI/DR/875436387966/Harish/BKID/harish.naik@kotak/UPI,076270048858,"14,700.06",,179828.24
14-04-2025,ATM CASH WITHDRAWAL/33664/FARIDABAD,346184222230,"8,000.00",,171828.24
15-04-2025,UPI/DR/611579127212/Myntra/PAYTM/myntra@ybl/UPI,677073932161,"2,450.09",,169378.15
15-04-2025,UPI/DR/664448601624/Swati/HDFC/swatichop23@okicici/UPI,538161049263,650.43,,168727.72
17-04-2025,UPI/DR/746194053545/Jio/ICICI/jio@paytm/UPI,305874368234,"2,540.44",,166187.28
17-04-2025,POS INDIAN OIL FARIDABA,878227213475,900.60,,165286.68
17-04-2025,UPI/DR/059762199693/Zepto/ICICI/zepto@apl/UPI,721406749029,170.68,,165116.00
17-04-2025,UPI/DR/670996869072/Flipkart/PAYTM/flipkart@ybl/UPI,000858552018,"1,350.38",,163765.62
18-04-2025,UPI/DR/585948963802/Airtel/PAYTM/vi@airtelaxis/UPI,203975135865,949.00,,162816.62
20-04-2025,UPI/DR/851144907095/Airtel/PAYTM/vi@airtelaxis/UPI,675926893798,509.00,,162307.62
20-04-2025,UPI/DR/757544994097/Paytm/ICICI/paytm@paytm/UPI,101581011925,830.41,,161477.21
21-04-2025,UPI/DR/650147959047/Sneha/KKBK/sneha.patil@kotak/UPI,895013569962,"18,400.31",,143076.90
21-04-2025,ATM CASH WITHDRAWAL/55839/FARIDABAD,952107222523,"2,500.00",,140576.90
22-04-2025,UPI/CR/437295762449/Arjun/SBIN/arjunkulk38@ptaxis/UPI,825696449058,,"16,800.50",157377.40
22-04-2025,UPI/DR/675487109441/Mamta/PUNB/mamtachop72@ibl/UPI,080687855243,"17,750.06",,139627.34
22-04-2025,UPI/DR/282141723576/Sachin/UTIB/sachin365@axl/UPI,878469412923,750.79,,138876.55
23-04-2025,POS RELIANCE PETROLEUM FARIDABA,219879733884,"3,500.24",,135376.31
23-04-2025,UPI/DR/897509064408/Dunzo/ICICI/dunzo@razorpay/UPI,206052477467,"1,080.25",,134296.06
23-04-2025,ATM CASH WITHDRAWAL/72534/FARIDABAD,033351989041,"1,000.00",,133296.06
23-04-2025,UPI/DR/869478946829/Uber/PAYTM/uber@paytm/UPI,565618357105,600.94,,132695.12
24-04-2025,POS SHOPPERS STOP FARIDABAD,315701278136,"6,350.94",,126344.18
24-04-2025,UPI/DR/388938266923/Uber/ICICI/uber@paytm/UPI,024368542067,"1,830.10",,124514.08
24-04-2025,UPI/DR/196212857856/Siddharth/UTIB/siddharth.kapoor@kotak/UPI,636715606620,"17,150.97",,107363.11
25-04-2025,ATM CASH WITHDRAWAL/50383/FARIDABAD,319286025881,"4,500.00",,102863.11
25-04-2025,UPI/DR/655025691082/Hathway/RAZORPAY/broadband@paytm/UPI,340359802546,649.00,,102214.11
27-04-2025,UPI/CR/022689144482/Lalit/BKID/lalit619@aubank/UPI,497998741403,,"20,000.20",122214.31
27-04-2025,UPI/DR/220210452316/BSNL/ICICI/bsnlbroadband@upi/UPI,308339660685,630.49,,121583.82
27-04-2025,UPI/DR/682530265035/Zomato/ICICI/zomato@axisbank/UPI,568691538266,420.36,,121163.46
27-04-2025,UPI/DR/391949120200/Shweta/SBIN/4319092677@okhdfcbank/UPI,234512250477,"10,500.20",,110663.26
28-04-2025,UPI/DR/007743031391/Myntra/PAYTM/myntra@ybl/UPI,623076022343,750.86,,109912.40
28-04-2025,POS HP PETROL PUMP FARIDABA,938699030220,"3,750.41",,106161.99
29-04-2025,UPI/DR/211929035284/Mukesh/UTIB/mukesh.yadav@okhdfcbank/UPI,657722413494,"18,350.42",,87811.57
30-04-2025,POS BHARAT PETROLEUM FARIDABA,033656751989,"1,100.18",,86711.39
01-05-2025,UPI/DR/088531249851/Ashish/BDBL/3224082862@ybl/UPI,923293942278,"21,700.56",,65010.83
01-05-2025,ATM CASH WITHDRAWAL/69323/FARIDABAD,986598843604,"3,500.00",,61510.83
01-05-2025,POS PANTALOONS FARIDABAD,763827919918,"1,350.74",,60160.09
01-05-2025,UPI/DR/734161922890/Uber/PAYTM/uber@paytm/UPI,340627574072,220.11,,59939.98
01-05-2025,UPI/DR/828059956982/Sumit/PUNB/sumit112@upi/UPI,017243140027,900.66,,59039.32
03-05-2025,SALARY CREDIT/S5391678940645/Mphasis Limited,519903911201,,"140,307.23",199346.55
03-05-2025,UPI/DR/204667484145/Blinkit/ICICI/blinkit@kotak/UPI,711704230625,460.00,,198886.55
05-05-2025,UPI/DR/973307943685/Ola/ICICI/olamoney@ola/UPI,129979682730,420.93,,198465.62
05-05-2025,UPI/DR/020048597342/Uber/ICICI/uber@paytm/UPI,013284488158,"1,500.36",,196965.26
06-05-2025,UPI/DR/518386258373/Rekha/UCBA/rekha.banerjee@ptyes/UPI,841707868167,"10,500.92",,186464.34
06-05-2025,POS MAX FASHION FARIDABAD,052254972545,"2,150.52",,184313.82
07-05-2025,UPI/DR/468145743901/Rapido/PAYTM/rapido@icici/UPI,753997909176,530.14,,183783.68
08-05-2025,POS MAX FASHION FARIDABAD,504530806434,"1,300.17",,182483.51
08-05-2025,NACH/MANDATE/RNT7962736/RENT MANDATE,909423086462,"18,000.00",,164483.51
09-05-2025,UPI/DR/522932927429/Rapido/PAYTM/rapido@icici/UPI,688516436047,600.17,,163883.34
09-05-2025,NEFT/N6201356136241/Mahindra Logistics L,965931081290,,"49,000.86",212884.20
10-05-2025,ATM CASH WITHDRAWAL/57177/FARIDABAD,787715745099,"6,000.00",,206884.20
11-05-2025,NACH/MANDATE/SIP3555301/Mirae Asset MF,134240968462,"9,500.00",,197384.20
11-05-2025,POS RELIANCE PETROLEUM FARIDABA,981350162937,"2,200.98",,195183.22
11-05-2025,POS V MART FARIDABAD,204210772161,"7,300.79",,187882.43
13-05-2025,UPI/DR/764155944765/Meesho/PAYTM/meesho@ybl/UPI,878203336919,"4,500.90",,183381.53
13-05-2025,UPI/DR/318425861562/Paytm/ICICI/paytm@paytm/UPI,678281252026,"2,660.02",,180721.51
13-05-2025,UPI/DR/338368720982/Rani/BKID/rani.khanna@pthdfc/UPI,147504621044,"13,450.72",,167270.79
13-05-2025,UPI/DR/461124623881/Reliance/LICI/licindia@licindia/UPI,503541940544,"8,300.00",,158970.79
13-05-2025,UPI/DR/976828588666/Uber/ICICI/uber@paytm/UPI,403368307798,"1,620.60",,157350.19
13-05-2025,UPI/DR/941268277786/Amazon/ICICI/amazon@apl/UPI,699369773835,360.59,,156989.60
14-05-2025,UPI/DR/337103871989/Hathway/RAZORPAY/broadband@paytm/UPI,598065825346,799.00,,156190.60
14-05-2025,POS RELIANCE MART FARIDABAD,527820046782,"3,050.75",,153139.85
15-05-2025,UPI/DR/926189468251/Ola/PAYTM/olamoney@ola/UPI,250863983524,710.68,,152429.17
15-05-2025,UPI/DR/624273022391/KSEB/UPIN/ksebpayment@upi/UPI,308648049599,600.53,,151828.64
16-05-2025,POS MAX FASHION FARIDABAD,104583822494,"1,050.64",,150778.00
17-05-2025,UPI/DR/513288131303/Amazon/ICICI/amazon@apl/UPI,648643899986,560.90,,150217.10
19-05-2025,UPI/DR/831470403659/Flipkart/PAYTM/flipkart@ybl/UPI,585386384138,"1,000.98",,149216.12
21-05-2025,UPI/DR/863510331616/Indane/ICICI/indanegas@upi/UPI,085292928589,"1,900.86",,147315.26
21-05-2025,UPI/DR/285833593860/Jio/ICICI/jio@paytm/UPI,346194505133,120.97,,147194.29
22-05-2025,UPI/DR/900327669735/Amazon/ICICI/amazon@apl/UPI,682739595952,"2,550.82",,144643.47
23-05-2025,UPI/CR/687153148406/Lalit/BKID/lalit.shukla@apl/UPI,381379176928,,"3,200.93",147844.40
24-05-2025,UPI/CR/163561742366/Gaurav/BDBL/2166168676@oksbi/UPI,183930434068,,"13,600.06",161444.46
24-05-2025,UPI/DR/757687108040/BSNL/ICICI/bsnlbroadband@upi/UPI,685067618476,"2,800.03",,158644.43
25-05-2025,UPI/DR/645779820390/Ravi/BARB/0675485298@kotak/UPI,242300934152,"16,400.04",,142244.39
26-05-2025,UPI/DR/866874766134/Meesho/PAYTM/meesho@ybl/UPI,301022482214,"4,850.23",,137394.16
26-05-2025,POS BHARAT PETROLEUM FARIDABA,663204111683,"3,100.15",,134294.01
26-05-2025,UPI/CR/361373643077/Yogesh/KKBK/yogesh.saxena@axl/UPI,856032696062,,"2,750.97",137044.98
27-05-2025,UPI/DR/030562932745/PhonePe/ICICI/phonepe@ybl/UPI,582928144906,930.28,,136114.70
27-05-2025,POS MORE SUPER MARKET FARIDABAD,694206417039,"6,100.34",,130014.36
27-05-2025,UPI/DR/448021336207/Airtel/PAYTM/vi@airtelaxis/UPI,392492786100,229.00,,129785.36
28-05-2025,POS PANTALOONS FARIDABAD,785470470602,950.69,,128834.67
28-05-2025,UPI/CR/189036181823/Amit/PUNB/8762549259@paytm/UPI,938649749188,,"6,200.77",135035.44
28-05-2025,POS V MART FARIDABAD,593085163255,"2,800.28",,132235.16
28-05-2025,UPI/DR/940047391149/Swiggy/ICICI/swiggy@icici/UPI,937124260883,"1,150.95",,131084.21
29-05-2025,UPI/DR/335217249559/Airtel/PAYTM/vi@airtelaxis/UPI,305045570799,919.00,,130165.21
30-05-2025,UPI/DR/471283920093/Himanshu/KKBK/5649505485@okaxis/UPI,881371447326,"17,650.18",,112515.03
30-05-2025,UPI/DR/635459424734/Zomato/ICICI/zomato@axisbank/UPI,527405533806,"1,150.80",,111364.23
30-05-2025,UPI/CR/907801979096/Amit/BARB/amit720@kotak/UPI,370915610188,,"12,450.10",123814.33
30-05-2025,UPI/DR/507351082947/Swiggy/ICICI/swiggy@icici/UPI,439733487572,"1,910.06",,121904.27
31-05-2025,TRANSACTION CHARGES,160028869640,380.00,,121524.27
31-05-2025,POS RELIANCE PETROLEUM FARIDABA,104541514279,"1,250.55",,120273.72
31-05-2025,ATM CASH WITHDRAWAL/87317/FARIDABAD,083031876632,"5,000.00",,115273.72
31-05-2025,GST ON CHARGES,303492029264,68.40,,115205.32
31-05-2025,UPI/DR/175680844932/Pankaj/BDBL/pankajmeno28@aubank/UPI,435755991684,"13,350.32",,101855.00
01-06-2025,UPI/CR/098865121403/Shreya/FDRL/1449418263@paytm/UPI,339120265630,,"21,200.64",123055.64
01-06-2025,UPI/DR/998813367377/Paytm/ICICI/paytm@paytm/UPI,542244325855,"1,170.73",,121884.91
02-06-2025,UPI/DR/454871614991/BSNL/ICICI/bsnlbroadband@upi/UPI,340459863079,"1,670.54",,120214.37
03-06-2025,UPI/DR/006971749890/Ola/PAYTM/olamoney@ola/UPI,440134098669,590.81,,119623.56
04-06-2025,UPI/DR/958352944449/Meena/HDFC/meena940@apl/UPI,499613591274,"19,150.36",,100473.20
04-06-2025,UPI/DR/766693214771/Ola/PAYTM/olamoney@ola/UPI,782502896234,880.72,,99592.48
05-06-2025,UPI/CR/606521843122/Yogesh/BDBL/0139962014@paytm/UPI,062347964873,,"16,100.60",115693.08
05-06-2025,UPI/DR/582387936385/Airtel/PAYTM/vi@airtelaxis/UPI,144013352419,919.00,,114774.08
05-06-2025,SALARY CREDIT/S3375172101239/Mphasis Limited,272064416982,,"140,100.23",254874.31
05-06-2025,UPI/CR/786419246391/Vikram/FDRL/vikram.patel@ybl/UPI,104917611066,,"9,700.57",264574.88
06-06-2025,UPI/DR/714787903002/Paytm/ICICI/paytm@paytm/UPI,193826663256,"1,140.24",,263434.64
06-06-2025,UPI/DR/842441939956/Meesho/PAYTM/meesho@ybl/UPI,135067881309,750.87,,262683.77
06-06-2025,UPI/DR/377764038803/Rapido/PAYTM/rapido@icici/UPI,508389361538,360.38,,262323.39
07-06-2025,UPI/DR/118405045221/Airtel/PAYTM/vi@airtelaxis/UPI,159351445932,979.00,,261344.39
07-06-2025,POS RELIANCE PETROLEUM FARIDABA,799609020031,"4,450.87",,256893.52
07-06-2025,POS VISHAL MEGA MART FARIDABAD,083338789180,"2,950.95",,253942.57
07-06-2025,NACH/MANDATE/RNT2380530/RENT MANDATE,120798272439,"18,000.00",,235942.57
07-06-2025,ATM CASH WITHDRAWAL/53657/FARIDABAD,334987640880,"2,500.00",,233442.57
07-06-2025,UPI/DR/525651698027/Myntra/ICICI/myntra@ybl/UPI,313205816696,699.00,,232743.57
07-06-2025,UPI/DR/634737283135/Mohan/UTIB/mohan.pillai@ptaxis/UPI,807776837570,"1,700.96",,231042.61
08-06-2025,UPI/DR/553087419397/Ola/PAYTM/olamoney@ola/UPI,755318915532,680.10,,230362.51
08-06-2025,UPI/DR/748971135200/Manish/BKID/7015765545@ptsbi/UPI,371004021298,"3,200.41",,227162.10
08-06-2025,POS RELIANCE MART FARIDABAD,516477658484,"2,950.89",,224211.21
08-06-2025,POS HP PETROL PUMP FARIDABA,003090331537,"3,750.28",,220460.93
08-06-2025,UPI/DR/231763330285/Zomato/ICICI/zomato@axisbank/UPI,520025681944,"1,410.17",,219050.76
09-06-2025,UPI/DR/147264150157/Swiggy/ICICI/swiggy@icici/UPI,692495032584,"1,330.21",,217720.55
10-06-2025,UPI/CR/876685231390/Arun/SBIN/0764282361@ptsbi/UPI,835899850436,,"7,050.56",224771.11
10-06-2025,UPI/DR/345145087053/Reliance/LICI/licindia@licindia/UPI,747824130089,"8,300.00",,216471.11
10-06-2025,NEFT/N1076874488319/Blue Dart Express Lt,308077026912,,"51,500.64",267971.75
11-06-2025,UPI/DR/613922294846/Paytm/ICICI/paytm@paytm/UPI,137729578494,570.10,,267401.65
11-06-2025,UPI/DR/603735391596/Dunzo/ICICI/dunzo@razorpay/UPI,603106598434,"1,690.38",,265711.27
13-06-2025,UPI/DR/041161063632/Flipkart/ICICI/flipkart@ybl/UPI,933185128215,"2,150.99",,263560.28
13-06-2025,POS BRAND FACTORY FARIDABAD,807655659533,900.71,,262659.57
13-06-2025,ATM CASH WITHDRAWAL/91779/FARIDABAD,916991140168,"9,000.00",,253659.57
13-06-2025,ATM CASH WITHDRAWAL/27651/FARIDABAD,207321695584,"3,500.00",,250159.57
14-06-2025,NACH/MANDATE/SIP3910778/Mirae Asset MF,448497624044,"9,500.00",,240659.57
14-06-2025,UPI/DR/213062388877/Ola/ICICI/olamoney@ola/UPI,599598370303,660.56,,239999.01
14-06-2025,POS RELIANCE PETROLEUM FARIDABA,051603894461,"2,450.94",,237548.07
15-06-2025,UPI/DR/203357430696/Indane/ICICI/indanegas@upi/UPI,410734428957,"2,400.67",,235147.40
16-06-2025,POS RELIANCE MART FARIDABAD,561742819399,400.82,,234746.58
16-06-2025,UPI/DR/406965827930/KSEB/UPIN/ksebpayment@upi/UPI,984166643492,"3,600.25",,231146.33
17-06-2025,UPI/CR/080400529592/Isha/PUNB/isha.chopra@pthdfc/UPI,574161300222,,"6,350.73",237497.06
17-06-2025,UPI/DR/423054496814/Dunzo/ICICI/dunzo@razorpay/UPI,669373582012,530.52,,236966.54
17-06-2025,UPI/DR/135523796386/Myntra/PAYTM/myntra@ybl/UPI,425904441505,400.05,,236566.49
18-06-2025,UPI/DR/697455588918/Priya/FDRL/priya563@ptsbi/UPI,370789624558,"21,550.78",,215015.71
19-06-2025,UPI/DR/753667437780/Hathway/RAZORPAY/broadband@paytm/UPI,654531734141,549.00,,214466.71
19-06-2025,UPI/DR/769461949333/Nykaa/ICICI/nykaa@razorpay/UPI,996494571938,449.00,,214017.71
19-06-2025,UPI/DR/160058536055/Ritu/BARB/3340889919@ptyes/UPI,861177016762,"11,950.67",,202067.04
20-06-2025,UPI/DR/936550951091/Airtel/PAYTM/vi@airtelaxis/UPI,697696395692,369.00,,201698.04
20-06-2025,UPI/DR/185014647122/PhonePe/ICICI/phonepe@ybl/UPI,361818155548,"1,960.33",,199737.71
21-06-2025,UPI/DR/716085446310/Brijesh/SBIN/brijesh637@pthdfc/UPI,704422261917,"7,550.27",,192187.44
22-06-2025,ATM CASH WITHDRAWAL/89776/FARIDABAD,653391469876,"6,000.00",,186187.44
22-06-2025,UPI/DR/105930040898/Swiggy/ICICI/swiggy@icici/UPI,883063788832,270.06,,185917.38
23-06-2025,UPI/DR/104083775901/Airtel/PAYTM/vi@airtelaxis/UPI,403677875701,849.00,,185068.38
23-06-2025,POS METRO CASH CARRY FARIDABAD,571175427880,"5,950.64",,179117.74
24-06-2025,UPI/DR/280463846329/Airtel/PAYTM/vi@airtelaxis/UPI,634834906140,829.00,,178288.74
24-06-2025,UPI/DR/101752059800/Mahesh/BDBL/mahesh.kulkarni@upi/UPI,483485000200,"3,800.79",,174487.95
24-06-2025,UPI/DR/907038725492/Sarita/HDFC/1441150160@okicici/UPI,844758244763,"4,050.44",,170437.51
24-06-2025,POS BRAND FACTORY FARIDABAD,242894602972,"1,100.93",,169336.58
25-06-2025,UPI/CR/366827993039/Usha/UTIB/0285645865@axl/UPI,101237932795,,"12,000.84",181337.42
26-06-2025,UPI/DR/290807244523/Ola/PAYTM/olamoney@ola/UPI,467104525265,110.99,,181226.43
26-06-2025,UPI/DR/794801627008/Paytm/ICICI/paytm@paytm/UPI,296057859333,170.73,,181055.70
27-06-2025,UPI/CR/647739133376/Sunita/BDBL/sunitamukh33@okaxis/UPI,133550251178,,"13,900.08",194955.78
27-06-2025,UPI/DR/489334687730/Kapil/BKID/kapil154@ybl/UPI,010789177875,"19,250.74",,175705.04
28-06-2025,UPI/DR/840928124234/Yogesh/HDFC/yogesh.kapoor@okaxis/UPI,836002688997,"8,150.61",,167554.43
28-06-2025,UPI/DR/949089103093/Uber/PAYTM/uber@paytm/UPI,636268706375,420.25,,167134.18
28-06-2025,INTEREST CREDIT,228798669333,,755.20,167889.38
29-06-2025,UPI/DR/359254455375/Kunal/UTIB/kunalahuj58@pthdfc/UPI,410689450065,"20,550.17",,147339.21
29-06-2025,UPI/DR/449941128600/Ola/ICICI/olamoney@ola/UPI,702687757884,190.68,,147148.53
29-06-2025,UPI/DR/865233526789/Jio/ICICI/jio@paytm/UPI,701215884032,"2,710.26",,144438.27
30-06-2025,UPI/CR/989438965042/Kunal/UCBA/kunal450@axl/UPI,116137813889,,"21,800.92",166239.19
30-06-2025,POS MORE SUPER MARKET FARIDABAD,031855090139,"4,800.21",,161438.98
01-07-2025,UPI/DR/975657729010/Uber/ICICI/uber@paytm/UPI,249916589739,"2,290.09",,159148.89
01-07-2025,UPI/CR/963488460546/Priya/UTIB/0433656541@okicici/UPI,875505614707,,"11,050.02",170198.91
01-07-2025,ATM CASH WITHDRAWAL/44715/FARIDABAD,118815625701,"8,000.00",,162198.91
01-07-2025,UPI/DR/316454391390/Ola/ICICI/olamoney@ola/UPI,081749764768,560.09,,161638.82
01-07-2025,POS MORE SUPER MARKET FARIDABAD,565812827389,"2,600.06",,159038.76
01-07-2025,ATM CASH WITHDRAWAL/64936/FARIDABAD,241815712661,"7,000.00",,152038.76
01-07-2025,UPI/DR/600746442227/Ola/ICICI/olamoney@ola/UPI,508872298654,"2,340.53",,149698.23
02-07-2025,UPI/DR/545962812731/Sonia/KKBK/sonia.ahuja@aubank/UPI,712296729534,"14,900.40",,134797.83
02-07-2025,UPI/DR/235162299393/Rapido/PAYTM/rapido@icici/UPI,516754637764,810.19,,133987.64
02-07-2025,UPI/DR/588940920322/Dunzo/ICICI/dunzo@razorpay/UPI,131874734886,"1,560.59",,132427.05
02-07-2025,UPI/DR/372142162826/Airtel/PAYTM/vi@airtelaxis/UPI,300741082257,579.00,,131848.05
02-07-2025,UPI/DR/574377299793/MedPlus/ICICI/medplus@icici/UPI,511625362499,"2,740.83",,129107.22
02-07-2025,UPI/DR/262223189500/Uber/PAYTM/uber@paytm/UPI,512993654216,720.88,,128386.34
03-07-2025,UPI/DR/431052791901/Meesho/PAYTM/meesho@ybl/UPI,590757403351,"5,800.99",,122585.35
03-07-2025,UPI/DR/223896229227/Amazon/PAYTM/amazon@apl/UPI,169522355202,"1,000.94",,121584.41
03-07-2025,UPI/CR/812107211166/Siddharth/BDBL/siddharth.rao@oksbi/UPI,759802899362,,"8,800.37",130384.78
04-07-2025,SALARY CREDIT/S1779723025388/Mphasis Limited,981970061409,,"137,716.23",268101.01
04-07-2025,UPI/DR/293647999374/Dunzo/ICICI/dunzo@razorpay/UPI,115825058821,"2,500.36",,265600.65
04-07-2025,UPI/DR/589917922830/Vishal/UTIB/vishal.sharma@okhdfcbank/UPI,666851470892,"19,100.53",,246500.12
04-07-2025,UPI/DR/115303489147/Uber/PAYTM/uber@paytm/UPI,877615909921,250.27,,246249.85
05-07-2025,UPI/DR/872246880959/Reliance/LICI/licindia@licindia/UPI,849452923908,"8,300.00",,237949.85
07-07-2025,POS SHELL FUEL STATION FARIDABA,254322072881,"4,250.80",,233699.05
08-07-2025,POS RELIANCE MART FARIDABAD,001065767711,"7,250.90",,226448.15
09-07-2025,NACH/MANDATE/RNT3148583/RENT MANDATE,775556535997,"18,000.00",,208448.15
09-07-2025,ATM CASH WITHDRAWAL/44964/FARIDABAD,952031328951,"10,000.00",,198448.15
10-07-2025,POS METRO CASH CARRY FARIDABAD,094476533234,800.24,,197647.91
10-07-2025,UPI/DR/652964632327/Zomato/ICICI/zomato@axisbank/UPI,582635502371,"1,370.68",,196277.23
10-07-2025,UPI/CR/972868663188/Renu/UCBA/9115319935@kotak/UPI,520344716610,,"11,900.75",208177.98
11-07-2025,UPI/DR/968730391108/Hathway/RAZORPAY/broadband@paytm/UPI,182026567145,549.00,,207628.98
11-07-2025,UPI/DR/338539497717/Airtel/PAYTM/vi@airtelaxis/UPI,298250888090,829.00,,206799.98
11-07-2025,ATM CASH WITHDRAWAL/17917/FARIDABAD,905088337389,"9,500.00",,197299.98
12-07-2025,UPI/DR/132980203861/Amit/BKID/amit755@ptaxis/UPI,673439928241,850.43,,196449.55
12-07-2025,UPI/DR/444173003730/Swati/SBIN/9537717744@pthdfc/UPI,249107055164,"12,350.12",,184099.43
13-07-2025,UPI/DR/238158048861/Jio/ICICI/jio@paytm/UPI,364806634230,960.10,,183139.33
13-07-2025,UPI/DR/029556233621/BigBasket/ICICI/bigbasket@ybl/UPI,203187856317,160.21,,182979.12
13-07-2025,POS BIG BAZAAR FARIDABAD,321057761215,"6,400.61",,176578.51
13-07-2025,UPI/DR/406040817676/Jio/ICICI/jio@paytm/UPI,137523004946,520.61,,176057.90
13-07-2025,UPI/DR/227327460734/Rani/PUNB/raniagar35@okaxis/UPI,908256118358,"2,250.94",,173806.96
16-07-2025,UPI/DR/753471910356/PhonePe/ICICI/phonepe@ybl/UPI,258326123553,"2,020.35",,171786.61
16-07-2025,UPI/DR/568920059370/Airtel/PAYTM/vi@airtelaxis/UPI,330863337233,669.00,,171117.61
16-07-2025,UPI/DR/395289351321/Zomato/ICICI/zomato@axisbank/UPI,410875643726,"1,380.86",,169736.75
17-07-2025,UPI/DR/381963794763/Jio/ICICI/jio@paytm/UPI,736262580644,"1,170.70",,168566.05
17-07-2025,UPI/CR/387322339269/Archana/UCBA/8484642127@upi/UPI,900068168197,,"6,650.78",175216.83
18-07-2025,ATM CASH WITHDRAWAL/16778/FARIDABAD,843928066512,"7,500.00",,167716.83
18-07-2025,NACH/MANDATE/SIP3752062/Mirae Asset MF,505054436243,"9,500.00",,158216.83
19-07-2025,UPI/DR/804913492249/Rapido/PAYTM/rapido@icici/UPI,945323320954,220.41,,157996.42
19-07-2025,UPI/DR/558579286834/Swiggy/ICICI/swiggy@icici/UPI,280446984057,"1,190.27",,156806.15
20-07-2025,UPI/DR/822710359949/Airtel/PAYTM/vi@airtelaxis/UPI,427801892415,239.00,,156567.15
21-07-2025,POS INDIAN OIL FARIDABA,031681193758,"4,300.80",,152266.35
21-07-2025,UPI/DR/891224222966/Paytm/ICICI/paytm@paytm/UPI,473150875129,"2,190.03",,150076.32
21-07-2025,UPI/CR/665506144704/Radha/PUNB/radhameht39@upi/UPI,216452441474,,"4,450.93",154527.25
21-07-2025,UPI/DR/530935461474/Nykaa/ICICI/nykaa@razorpay/UPI,923750406009,949.00,,153578.25
21-07-2025,IMPS/P2M/436554774508//Maya Singh/BKID,546223984354,"32,200.58",,121377.67
21-07-2025,UPI/DR/096369994870/Airtel/PAYTM/vi@airtelaxis/UPI,551018487890,669.00,,120708.67
22-07-2025,UPI/DR/713419477349/Blinkit/ICICI/blinkit@kotak/UPI,312149214325,"2,580.98",,118127.69
22-07-2025,UPI/DR/588679987068/Gaurav/BKID/3128888150@ybl/UPI,706603327230,"7,150.82",,110976.87
22-07-2025,UPI/DR/376233046418/KSEB/UPIN/ksebpayment@upi/UPI,737005932620,"1,950.27",,109026.60
23-07-2025,UPI/DR/215019297712/Dunzo/ICICI/dunzo@razorpay/UPI,413267118550,950.29,,108076.31
23-07-2025,POS SHOPPERS STOP FARIDABAD,687979890152,"7,850.62",,100225.69
23-07-2025,UPI/DR/550762216880/Indane/ICICI/indanegas@upi/UPI,465727511051,"1,900.18",,98325.51
24-07-2025,POS BRAND FACTORY FARIDABAD,424943371168,"2,900.23",,95425.28
27-07-2025,UPI/CR/810669664763/Lalit/HDFC/lalit.desai@okaxis/UPI,866831034608,,"20,700.26",116125.54
27-07-2025,POS RELIANCE PETROLEUM FARIDABA,222383492753,"4,000.99",,112124.55
27-07-2025,UPI/DR/194965639640/Maya/FDRL/maya.pandey@okicici/UPI,335999059260,"12,600.08",,99524.47
28-07-2025,UPI/CR/801879492957/Preeti/UCBA/preeti185@ptaxis/UPI,086155491903,,"20,900.71",120425.18
28-07-2025,UPI/DR/068182305677/Ola/PAYTM/olamoney@ola/UPI,727501937335,540.36,,119884.82
29-07-2025,GST ON CHARGES,319120873249,34.20,,119850.62
29-07-2025,TRANSACTION CHARGES,077952547096,190.00,,119660.62
30-07-2025,UPI/CR/970698145656/Amit/UTIB/amitmish72@paytm/UPI,478706425039,,"12,500.29",132160.91
30-07-2025,ATM CASH WITHDRAWAL/74944/FARIDABAD,981510138609,"2,500.00",,129660.91
30-07-2025,UPI/CR/483377883212/Naresh/BKID/naresh.joshi@ptyes/UPI,953276020477,,"15,700.19",145361.10
30-07-2025,UPI/DR/624296956897/Swiggy/ICICI/swiggy@icici/UPI,944025163405,"1,190.30",,144170.80
31-07-2025,UPI/DR/124922281688/Zepto/ICICI/zepto@apl/UPI,883349877709,210.34,,143960.46
01-08-2025,POS RELIANCE PETROLEUM FARIDABA,602628435576,"3,200.56",,140759.90
01-08-2025,POS MORE SUPER MARKET FARIDABAD,087688568149,800.24,,139959.66
01-08-2025,UPI/DR/267989885232/Amazon/PAYTM/amazon@apl/UPI,570454588255,"4,500.82",,135458.84
01-08-2025,POS METRO CASH CARRY FARIDABAD,860088732251,"8,150.19",,127308.65
01-08-2025,UPI/DR/038105219683/Uber/ICICI/uber@paytm/UPI,753362851353,"2,150.54",,125158.11
02-08-2025,ATM CASH WITHDRAWAL/89858/FARIDABAD,974283080708,"3,000.00",,122158.11
02-08-2025,UPI/CR/357503207267/Sunil/HDFC/sunil.kumar@okicici/UPI,168804617821,,"18,200.08",140358.19
03-08-2025,SALARY CREDIT/S2857143248332/Mphasis Limited,041864568963,,"137,273.23",277631.42
04-08-2025,UPI/DR/428344120136/PhonePe/ICICI/phonepe@ybl/UPI,707521092949,"2,370.00",,275261.42
04-08-2025,UPI/DR/284602669611/Ravi/BDBL/ravidube32@ibl/UPI,609686776221,"1,450.66",,273810.76
04-08-2025,UPI/DR/100565845452/Kamal/BARB/kamal.roy@okaxis/UPI,658235914599,"6,550.49",,267260.27
06-08-2025,UPI/DR/204209551685/Uber/PAYTM/uber@paytm/UPI,739942285413,710.06,,266550.21
07-08-2025,NACH/MANDATE/RNT9521051/RENT MANDATE,797052042638,"18,000.00",,248550.21
08-08-2025,UPI/DR/594801896753/BigBasket/ICICI/bigbasket@ybl/UPI,940683837894,"2,500.94",,246049.27
08-08-2025,UPI/DR/618394314441/Ola/ICICI/olamoney@ola/UPI,284159542613,"1,760.58",,244288.69
08-08-2025,UPI/DR/824760061359/Sarita/BARB/sarita228@aubank/UPI,291631488683,"21,800.40",,222488.29
09-08-2025,UPI/CR/226223145770/Anil/UTIB/anilbose77@ybl/UPI,509164185788,,"5,100.52",227588.81
09-08-2025,POS BHARAT PETROLEUM FARIDABA,110469205639,"3,300.86",,224287.95
09-08-2025,UPI/CR/428184040278/Abhishek/UTIB/3695312438@okhdfcbank/UPI,709350300403,,"2,300.08",226588.03
11-08-2025,POS BHARAT PETROLEUM FARIDABA,699080975451,"4,200.07",,222387.96
11-08-2025,UPI/CR/462697109186/Naresh/UTIB/naresh.srivastava@okhdfcbank/UPI,489666858094,,"9,300.72",231688.68
12-08-2025,POS INDIAN OIL FARIDABA,884407677519,"4,100.88",,227587.80
13-08-2025,UPI/DR/862244731693/Reliance/LICI/licindia@licindia/UPI,567215521374,"8,300.00",,219287.80
13-08-2025,POS SHOPPERS STOP FARIDABAD,979776477647,"4,950.83",,214336.97
14-08-2025,UPI/DR/970283687439/Rapido/PAYTM/rapido@icici/UPI,190757467922,330.06,,214006.91
14-08-2025,POS VISHAL MEGA MART FARIDABAD,127409362728,"6,800.47",,207206.44
14-08-2025,ATM CASH WITHDRAWAL/27651/FARIDABAD,827597660794,"1,500.00",,205706.44
15-08-2025,NEFT/N9439095029524/Wipro Limited,040740853306,,"48,500.16",254206.60
16-08-2025,UPI/DR/142645224729/Nykaa/PAYTM/nykaa@razorpay/UPI,370921858076,"3,550.20",,250656.40
16-08-2025,UPI/DR/321720169340/KSEB/UPIN/ksebpayment@upi/UPI,967716541358,850.12,,249806.28
17-08-2025,NACH/MANDATE/SIP4700345/Mirae Asset MF,329785137516,"9,500.00",,240306.28
17-08-2025,POS VISHAL MEGA MART FARIDABAD,730340780077,"3,350.29",,236955.99
17-08-2025,UPI/DR/057482875597/Uber/PAYTM/uber@paytm/UPI,706255511796,590.07,,236365.92
19-08-2025,POS V MART FARIDABAD,135886964660,"3,200.24",,233165.68
19-08-2025,UPI/DR/033927728984/Uber/PAYTM/uber@paytm/UPI,610331439964,310.80,,232854.88
21-08-2025,POS CENTRAL MALL FARIDABAD,473089260562,"6,700.51",,226154.37
21-08-2025,ATM CASH WITHDRAWAL/33267/FARIDABAD,696729714431,"4,500.00",,221654.37
21-08-2025,UPI/DR/855477740308/BSNL/ICICI/bsnlbroadband@upi/UPI,856814023662,210.74,,221443.63
21-08-2025,UPI/DR/592538124534/PhonePe/ICICI/phonepe@ybl/UPI,010114096996,800.96,,220642.67
21-08-2025,UPI/DR/399444379632/Zepto/ICICI/zepto@apl/UPI,590520035902,440.47,,220202.20
22-08-2025,UPI/DR/831768859812/Uber/ICICI/uber@paytm/UPI,633359819747,"2,540.62",,217661.58
23-08-2025,ATM CASH WITHDRAWAL/92734/FARIDABAD,135833027582,"2,000.00",,215661.58
24-08-2025,UPI/DR/309626722088/MedPlus/ICICI/medplus@icici/UPI,122642389665,"1,720.42",,213941.16
24-08-2025,UPI/DR/084012736015/Indane/ICICI/indanegas@upi/UPI,995533620834,"1,300.14",,212641.02
24-08-2025,UPI/DR/302245390209/Rapido/PAYTM/rapido@icici/UPI,723868124931,150.50,,212490.52
24-08-2025,UPI/DR/261825203633/Airtel/PAYTM/vi@airtelaxis/UPI,809641152359,349.00,,212141.52
25-08-2025,UPI/CR/188822228598/Ajay/KKBK/ajay499@paytm/UPI,082912631697,,"17,600.86",229742.38
25-08-2025,UPI/DR/868935269437/Rohit/BKID/4833725359@upi/UPI,308793802067,"17,900.28",,211842.10
26-08-2025,UPI/DR/279114128471/Airtel/PAYTM/vi@airtelaxis/UPI,315735862445,969.00,,210873.10
27-08-2025,UPI/CR/387922395334/Abhishek/UTIB/abhishek.kapoor@axl/UPI,757641677177,,"16,700.13",227573.23
27-08-2025,UPI/DR/471885978981/Dunzo/ICICI/dunzo@razorpay/UPI,391028332520,"2,660.52",,224912.71
27-08-2025,UPI/DR/602793621314/Sumit/UTIB/6194704292@okicici/UPI,332680401268,"17,450.68",,207462.03
27-08-2025,UPI/CR/636384011300/Poonam/SBIN/3895678730@okicici/UPI,251894507326,,"19,750.86",227212.89
27-08-2025,UPI/CR/487496365974/Kapil/PUNB/kapiljain25@paytm/UPI,447210858362,,"13,250.49",240463.38
28-08-2025,UPI/DR/802516200464/Airtel/PAYTM/vi@airtelaxis/UPI,827638817445,929.00,,239534.38
29-08-2025,UPI/CR/688363851645/Ankit/BDBL/ankit.verma@okhdfcbank/UPI,221502793453,,"16,200.52",255734.90
29-08-2025,TRANSACTION CHARGES,482434105417,50.00,,255684.90
29-08-2025,UPI/DR/742579546656/Ola/PAYTM/olamoney@ola/UPI,651465618489,250.40,,255434.50
29-08-2025,GST ON CHARGES,960008985352,9.00,,255425.50
30-08-2025,UPI/DR/404335965898/Jio/ICICI/jio@paytm/UPI,461096489138,"2,380.77",,253044.73
01-09-2025,UPI/DR/767125779128/Swiggy/ICICI/swiggy@icici/UPI,815399183173,"1,890.07",,251154.66
01-09-2025,UPI/DR/638133707221/Uber/PAYTM/uber@paytm/UPI,648057506702,90.31,,251064.35
01-09-2025,POS BIG BAZAAR FARIDABAD,585963279204,"6,850.17",,244214.18
01-09-2025,UPI/DR/903077809247/Isha/UTIB/6580773442@upi/UPI,683145894207,"3,550.06",,240664.12
03-09-2025,SALARY CREDIT/S6809935425823/Mphasis Limited,992533918732,,"139,122.23",379786.35
03-09-2025,ATM CASH WITHDRAWAL/13070/FARIDABAD,776727679368,"7,000.00",,372786.35
04-09-2025,NACH/MANDATE/RNT3232459/RENT MANDATE,208219496199,"18,000.00",,354786.35
05-09-2025,UPI/DR/971105931305/IRCTC/ICICI/irctc@upi/UPI,273423406935,849.00,,353937.35
05-09-2025,UPI/DR/517806521246/Flipkart/ICICI/flipkart@ybl/UPI,351310796810,"1,040.62",,352896.73
05-09-2025,UPI/DR/733250267333/Swiggy/ICICI/swiggy@icici/UPI,546851864853,"1,420.85",,351475.88
05-09-2025,UPI/DR/639726443884/Ola/ICICI/olamoney@ola/UPI,743663790848,"1,190.88",,350285.00
06-09-2025,UPI/DR/265552538473/Airtel/PAYTM/vi@airtelaxis/UPI,174638532803,249.00,,350036.00
06-09-2025,UPI/DR/993892560865/Reliance/LICI/licindia@licindia/UPI,409351363259,"8,300.00",,341736.00
07-09-2025,UPI/DR/454605470067/Paytm/ICICI/paytm@paytm/UPI,993895130111,"1,060.20",,340675.80
08-09-2025,UPI/DR/423897409968/Lalit/SBIN/2815815267@ybl/UPI,756895945540,100.03,,340575.77
08-09-2025,UPI/DR/893279582052/Myntra/PAYTM/myntra@ybl/UPI,097750105431,"3,000.67",,337575.10
10-09-2025,UPI/DR/543284466999/Amit/KKBK/amit.pillai@paytm/UPI,194371161018,"3,200.56",,334374.54
10-09-2025,UPI/DR/949301017190/Ola/PAYTM/olamoney@ola/UPI,580041761588,100.78,,334273.76
10-09-2025,UPI/DR/020878472730/Airtel/PAYTM/vi@airtelaxis/UPI,870145964484,869.00,,333404.76
12-09-2025,UPI/CR/967461780466/Anita/BARB/anitamukh87@kotak/UPI,722729175735,,"7,900.70",341305.46
12-09-2025,POS CENTRAL MALL FARIDABAD,225414785976,"4,200.75",,337104.71
13-09-2025,NEFT/N3829122583594/Max Healthcare Insti,887038855414,,"40,000.26",377104.97
13-09-2025,UPI/DR/228671453861/Sarita/UTIB/saritagupt53@ybl/UPI,346462345166,900.23,,376204.74
13-09-2025,UPI/DR/262796449345/Flipkart/ICICI/flipkart@ybl/UPI,078034534079,450.21,,375754.53
13-09-2025,UPI/CR/112248355638/Mahesh/UTIB/maheshsaxe49@okicici/UPI,470400146934,,"12,300.81",388055.34
13-09-2025,NACH/MANDATE/SIP3814337/Mirae Asset MF,039652240062,"9,500.00",,378555.34
14-09-2025,UPI/DR/571556694189/Ola/PAYTM/olamoney@ola/UPI,612588530204,390.69,,378164.65
14-09-2025,POS D MART FARIDABAD,726557526701,"1,700.79",,376463.86
15-09-2025,UPI/DR/547079799775/Airtel/PAYTM/vi@airtelaxis/UPI,239144303965,659.00,,375804.86
16-09-2025,UPI/DR/857972470733/Dunzo/ICICI/dunzo@razorpay/UPI,805652353688,"1,170.53",,374634.33
16-09-2025,UPI/DR/870143441099/Paytm/ICICI/paytm@paytm/UPI,086887342950,"1,900.50",,372733.83
17-09-2025,UPI/DR/036723301585/Ritu/SBIN/ritupill26@pthdfc/UPI,807770561880,"5,800.93",,366932.90
19-09-2025,UPI/DR/149856902003/Dinesh/KKBK/dineshroy58@ptsbi/UPI,404606431651,"2,200.84",,364732.06
19-09-2025,UPI/DR/109322006964/Airtel/PAYTM/vi@airtelaxis/UPI,087232202407,559.00,,364173.06
19-09-2025,POS D MART FARIDABAD,275902317385,"6,400.22",,357772.84
20-09-2025,UPI/DR/303701176238/PhonePe/ICICI/phonepe@ybl/UPI,742947175920,"1,860.42",,355912.42
20-09-2025,UPI/CR/400247806105/Ashish/HDFC/ashish.patil@ptaxis/UPI,446509411416,,"14,450.86",370363.28
20-09-2025,UPI/DR/235467293948/Ola/PAYTM/olamoney@ola/UPI,365621088813,320.46,,370042.82
21-09-2025,UPI/DR/680962063835/Uber/PAYTM/uber@paytm/UPI,121924793863,300.26,,369742.56
21-09-2025,UPI/DR/866832149704/Indane/ICICI/indanegas@upi/UPI,864610040131,"1,650.81",,368091.75
21-09-2025,POS BHARAT PETROLEUM FARIDABA,828555972672,"4,100.91",,363990.84
22-09-2025,UPI/DR/060180410967/Ola/ICICI/olamoney@ola/UPI,124690252568,610.94,,363379.90
22-09-2025,UPI/DR/991194013478/KSEB/UPIN/ksebpayment@upi/UPI,667067967599,"3,750.82",,359629.08
24-09-2025,UPI/DR/073534840506/Dunzo/ICICI/dunzo@razorpay/UPI,908738314746,"2,330.79",,357298.29
24-09-2025,UPI/CR/724823939900/Sonia/UTIB/sonia.menon@ptsbi/UPI,230116510723,,"14,600.14",371898.43
24-09-2025,UPI/CR/683621342486/Sangita/UTIB/sangita.mehta@apl/UPI,286037924539,,"8,750.11",380648.54
24-09-2025,UPI/DR/694203196775/Paytm/ICICI/paytm@paytm/UPI,992313716959,130.17,,380518.37
24-09-2025,UPI/CR/852333048097/Lata/HDFC/latameht70@pthdfc/UPI,708695129022,,"3,650.22",384168.59
25-09-2025,UPI/DR/946826503548/Abhishek/KKBK/abhishek933@ptyes/UPI,354625247767,"16,250.62",,367917.97
25-09-2025,UPI/DR/679425802981/Naveen/BARB/naveenroy83@paytm/UPI,348431769642,"18,700.98",,349216.99
25-09-2025,POS STAR BAZAAR FARIDABAD,506618801513,"7,600.38",,341616.61
26-09-2025,GST ON CHARGES,766497288578,66.60,,341550.01
26-09-2025,UPI/DR/843752235341/Sarita/PUNB/saritanaik70@ptaxis/UPI,987257419434,"10,350.71",,331199.30
26-09-2025,UPI/DR/747313551151/Airtel/PAYTM/vi@airtelaxis/UPI,862971855079,909.00,,330290.30
26-09-2025,UPI/DR/966920666805/Mohan/BARB/mohan.mishra@apl/UPI,995939945391,"20,200.89",,310089.41
26-09-2025,TRANSACTION CHARGES,367893658590,370.00,,309719.41
26-09-2025,ATM CASH WITHDRAWAL/53656/FARIDABAD,003449971619,"8,500.00",,301219.41
27-09-2025,UPI/CR/756947783460/Mukesh/BDBL/mukesh.menon@kotak/UPI,982824449967,,"16,600.12",317819.53
27-09-2025,UPI/DR/392444820459/Apollo/ICICI/apollopharmacy@ybl/UPI,102981029673,"3,050.60",,314768.93
27-09-2025,UPI/DR/567697734561/Ola/PAYTM/olamoney@ola/UPI,170399422269,390.75,,314378.18
27-09-2025,POS MAX FASHION FARIDABAD,671897093427,"6,450.43",,307927.75
28-09-2025,UPI/DR/638484828053/Blinkit/ICICI/blinkit@kotak/UPI,988162560684,960.52,,306967.23
28-09-2025,UPI/DR/609697073804/Ola/ICICI/olamoney@ola/UPI,628918849263,"1,760.46",,305206.77
28-09-2025,INTEREST CREDIT,246661386195,,900.82,306107.59
29-09-2025,POS HP PETROL PUMP FARIDABA,954264835252,"1,700.52",,304407.07
29-09-2025,UPI/DR/398346341871/Vandana/PUNB/6286276587@upi/UPI,037452842506,"3,300.93",,301106.14
30-09-2025,UPI/DR/124954362827/BSNL/ICICI/bsnlbroadband@upi/UPI,227555514910,"2,000.06",,299106.08
30-09-2025,UPI/DR/043250733192/Poonam/HDFC/6349558010@okhdfcbank/UPI,153728200269,"7,150.64",,291955.44
01-10-2025,POS BRAND FACTORY FARIDABAD,266829498843,"1,600.53",,290354.91
02-10-2025,UPI/DR/777653919721/Airtel/PAYTM/vi@airtelaxis/UPI,453396104535,299.00,,290055.91
02-10-2025,UPI/DR/331270879012/Ola/ICICI/olamoney@ola/UPI,923765732852,500.73,,289555.18
03-10-2025,POS STAR BAZAAR FARIDABAD,147386133675,"1,850.51",,287704.67
04-10-2025,UPI/DR/962695901924/Jio/ICICI/jio@paytm/UPI,644223774241,"2,660.06",,285044.61
04-10-2025,SALARY CREDIT/S0459512458864/Mphasis Limited,860291626535,,"140,659.23",425703.84
05-10-2025,UPI/CR/402894250438/Siddharth/FDRL/siddharthroy25@paytm/UPI,799795982737,,"9,050.10",434753.94
05-10-2025,UPI/DR/670355108915/Ola/PAYTM/olamoney@ola/UPI,981718550689,740.31,,434013.63
05-10-2025,NACH/MANDATE/RNT1762690/RENT MANDATE,508126704019,"18,000.00",,416013.63
05-10-2025,UPI/DR/040058586050/Airtel/PAYTM/vi@airtelaxis/UPI,708066154078,889.00,,415124.63
06-10-2025,UPI/DR/735085427932/Reliance/LICI/licindia@licindia/UPI,589046153788,"8,300.00",,406824.63
06-10-2025,UPI/DR/214177567339/Airtel/PAYTM/vi@airtelaxis/UPI,897107857175,629.00,,406195.63
06-10-2025,UPI/CR/069059590358/Brijesh/PUNB/brijesh.chopra@ptaxis/UPI,196336752582,,"15,650.25",421845.88
07-10-2025,UPI/DR/740286018201/Amit/PUNB/amit816@kotak/UPI,262843734814,"10,600.80",,411245.08
08-10-2025,POS PANTALOONS FARIDABAD,242543331809,"1,500.81",,409744.27
08-10-2025,POS BRAND FACTORY FARIDABAD,906663751888,"4,750.60",,404993.67
09-10-2025,POS RELIANCE PETROLEUM FARIDABA,524713253396,"3,000.04",,401993.63
09-10-2025,UPI/DR/079180553543/Paytm/ICICI/paytm@paytm/UPI,729624341247,"1,010.62",,400983.01
09-10-2025,UPI/DR/373006102641/Zomato/ICICI/zomato@axisbank/UPI,371589573867,970.15,,400012.86
09-10-2025,UPI/DR/420427950087/Sumit/KKBK/0605474500@okhdfcbank/UPI,436045104019,"8,850.23",,391162.63
09-10-2025,UPI/DR/991113924315/Mohit/UCBA/mohit108@okaxis/UPI,463228904026,"7,700.63",,383462.00
10-10-2025,UPI/DR/989336120011/Myntra/PAYTM/myntra@ybl/UPI,415104153545,"5,200.45",,378261.55
11-10-2025,UPI/DR/350622382587/Blinkit/ICICI/blinkit@kotak/UPI,482056238055,980.46,,377281.09
11-10-2025,UPI/DR/359652763594/Anil/PUNB/anil647@paytm/UPI,033698832184,"19,650.88",,357630.21
11-10-2025,UPI/CR/033952142484/Ritu/FDRL/ritu.mukherjee@axl/UPI,244971302215,,"4,750.61",362380.82
12-10-2025,UPI/DR/486097289480/Rapido/PAYTM/rapido@icici/UPI,476993171751,660.72,,361720.10
12-10-2025,ATM CASH WITHDRAWAL/56332/FARIDABAD,047337762392,"1,500.00",,360220.10
12-10-2025,UPI/DR/599685452104/Rohit/BDBL/rohit.bose@ptaxis/UPI,917009466931,"1,700.88",,358519.22
13-10-2025,UPI/DR/057775329998/Blinkit/ICICI/blinkit@kotak/UPI,840901284824,470.34,,358048.88
13-10-2025,UPI/DR/786823268728/Airtel/PAYTM/vi@airtelaxis/UPI,927023202274,989.00,,357059.88
13-10-2025,UPI/DR/644951937792/Swati/KKBK/swati.tiwari@kotak/UPI,579145995455,450.52,,356609.36
14-10-2025,UPI/DR/506536382104/Swiggy/ICICI/swiggy@icici/UPI,332719593487,880.34,,355729.02
15-10-2025,ATM CASH WITHDRAWAL/12506/FARIDABAD,933114725923,"8,000.00",,347729.02
15-10-2025,UPI/DR/077444700407/Zepto/ICICI/zepto@apl/UPI,065685662855,430.56,,347298.46
17-10-2025,UPI/DR/037951278517/KSEB/UPIN/ksebpayment@upi/UPI,070265291453,"2,550.40",,344748.06
17-10-2025,NACH/MANDATE/SIP5490481/Mirae Asset MF,748911891035,"9,500.00",,335248.06
17-10-2025,UPI/DR/571316078830/Rajesh/UCBA/6321619292@aubank/UPI,149035766992,"21,250.84",,313997.22
17-10-2025,UPI/CR/619651611020/Sumit/HDFC/sumit.yadav@paytm/UPI,662531676974,,"4,200.81",318198.03
18-10-2025,UPI/DR/212561601901/Flipkart/ICICI/flipkart@ybl/UPI,740890416358,"2,790.10",,315407.93
18-10-2025,UPI/DR/306669468234/Geeta/HDFC/geetachau68@apl/UPI,697064612657,"4,300.30",,311107.63
18-10-2025,UPI/DR/744469703926/Flipkart/PAYTM/flipkart@ybl/UPI,142541807317,"2,600.51",,308507.12
18-10-2025,NEFT/N2133311370029/Bharti Airtel Ltd,065393613258,,"33,500.25",342007.37
19-10-2025,UPI/DR/464500645874/Deepak/SBIN/deepakahuj31@okaxis/UPI,612837969778,"3,950.11",,338057.26
21-10-2025,UPI/DR/963388386496/Naresh/UTIB/naresh943@ybl/UPI,324931496578,"15,100.50",,322956.76
22-10-2025,UPI/DR/465583677013/Meena/BKID/meena678@axl/UPI,648881155572,"15,800.58",,307156.18
22-10-2025,UPI/DR/318645466058/Uber/PAYTM/uber@paytm/UPI,199446560226,860.39,,306295.79
22-10-2025,POS BHARAT PETROLEUM FARIDABA,020725737418,"1,400.54",,304895.25
22-10-2025,UPI/DR/941165807549/Uber/PAYTM/uber@paytm/UPI,269189883055,900.64,,303994.61
22-10-2025,UPI/DR/674521733193/Hotstar/ICICI/hotstar@hdfcbank/UPI,014639199178,699.00,,303295.61
23-10-2025,UPI/DR/823589348895/Sapna/BKID/sapna813@okicici/UPI,430022258240,"17,350.85",,285944.76
23-10-2025,UPI/DR/834887343761/BigBasket/ICICI/bigbasket@ybl/UPI,445268335565,"1,280.38",,284664.38
24-10-2025,UPI/DR/107197608060/Ashish/BDBL/3970574817@ptsbi/UPI,147417828009,"3,350.18",,281314.20
24-10-2025,POS D MART FARIDABAD,089200703853,"4,300.21",,277013.99
24-10-2025,UPI/DR/544290188205/Uber/PAYTM/uber@paytm/UPI,842971117680,850.96,,276163.03
24-10-2025,UPI/DR/276447207368/Ola/PAYTM/olamoney@ola/UPI,757684001329,370.22,,275792.81
25-10-2025,UPI/CR/272372091710/Preeti/PUNB/preeti338@kotak/UPI,559273286171,,"21,250.54",297043.35
25-10-2025,ATM CASH WITHDRAWAL/61050/FARIDABAD,774515371934,"5,500.00",,291543.35
25-10-2025,UPI/CR/259700691714/Usha/SBIN/usha884@okhdfcbank/UPI,252845025052,,"7,450.43",298993.78
26-10-2025,UPI/CR/294241259564/Mukesh/UTIB/4056703601@kotak/UPI,337359719650,,"11,350.32",310344.10
26-10-2025,UPI/DR/133922893521/Vishal/UCBA/2203006390@pthdfc/UPI,911712843479,"17,850.74",,292493.36
26-10-2025,UPI/DR/488518727865/Indane/ICICI/indanegas@upi/UPI,544229110624,"2,350.19",,290143.17
26-10-2025,UPI/DR/871615626005/Airtel/PAYTM/vi@airtelaxis/UPI,061228742134,319.00,,289824.17
28-10-2025,POS INDIAN OIL FARIDABA,529658532212,"1,200.94",,288623.23
29-10-2025,UPI/DR/343084897841/Spotify/ICICI/spotify@icici/UPI,332562421274,249.00,,288374.23
29-10-2025,UPI/DR/144261327174/1mg/ICICI/tatahealth@icici/UPI,237355162553,"1,330.63",,287043.60
29-10-2025,POS CENTRAL MALL FARIDABAD,943827224585,"5,800.65",,281242.95
30-10-2025,UPI/DR/819305670497/Ola/ICICI/olamoney@ola/UPI,398570154268,"1,800.92",,279442.03
02-11-2025,ATM CASH WITHDRAWAL/33529/FARIDABAD,203464136316,"9,000.00",,270442.03
02-11-2025,UPI/CR/389386742374/Sachin/UCBA/7219457030@upi/UPI,228414197869,,"2,450.44",272892.47
03-11-2025,UPI/CR/081535028107/Girish/UTIB/girish.verma@aubank/UPI,480147488738,,"3,450.62",276343.09
03-11-2025,UPI/CR/611698214445/Sarita/FDRL/4521833815@pthdfc/UPI,403090377855,,"11,650.87",287993.96
03-11-2025,UPI/DR/450817378120/Kiran/PUNB/kiran.srivastava@pthdfc/UPI,999764119369,"4,550.93",,283443.03
03-11-2025,IMPS/P2M/478020044531//Isha Iyer/BARB,184312563188,"36,500.14",,246942.89
03-11-2025,UPI/DR/399082998102/BigBasket/ICICI/bigbasket@ybl/UPI,099581541662,850.57,,246092.32
03-11-2025,UPI/DR/219376839416/Rapido/PAYTM/rapido@icici/UPI,604914654923,140.02,,245952.30
03-11-2025,SALARY CREDIT/S5787468906091/Mphasis Limited,122174161653,,"137,674.23",383626.53
04-11-2025,UPI/DR/717758081439/BigBasket/ICICI/bigbasket@ybl/UPI,837149108925,"2,420.67",,381205.86
04-11-2025,UPI/DR/334409449920/Nykaa/PAYTM/nykaa@razorpay/UPI,236299921859,"5,150.84",,376055.02
04-11-2025,POS D MART FARIDABAD,034157654219,"4,300.71",,371754.31
04-11-2025,NACH/MANDATE/RNT1292749/RENT MANDATE,370637114508,"18,000.00",,353754.31
05-11-2025,UPI/DR/313883535629/Practo/ICICI/practo@paytm/UPI,637816695015,499.00,,353255.31
05-11-2025,UPI/CR/417676734155/Kavita/FDRL/kavitakuma76@upi/UPI,058964841341,,"11,900.13",365155.44
05-11-2025,UPI/DR/156938375005/Ritu/SBIN/ritumeht93@okicici/UPI,156062104039,"13,550.22",,351605.22
05-11-2025,UPI/DR/157790754690/Ola/ICICI/olamoney@ola/UPI,282848432594,"2,730.07",,348875.15
05-11-2025,UPI/DR/027342244230/Reliance/LICI/licindia@licindia/UPI,270370248907,"8,300.00",,340575.15
07-11-2025,ATM CASH WITHDRAWAL/99078/FARIDABAD,163573346060,"6,500.00",,334075.15
09-11-2025,UPI/CR/711745079038/Deepa/BARB/1289155082@kotak/UPI,539016235486,,"8,250.98",342326.13
09-11-2025,UPI/DR/601190878656/Swiggy/ICICI/swiggy@icici/UPI,013606574091,640.31,,341685.82
09-11-2025,UPI/DR/592635806603/Vishal/PUNB/vishalsen74@aubank/UPI,387630716438,"9,300.02",,332385.80
10-11-2025,UPI/DR/098659373267/Airtel/PAYTM/vi@airtelaxis/UPI,661849133315,319.00,,332066.80
10-11-2025,UPI/DR/798204760972/Ola/PAYTM/olamoney@ola/UPI,410660165846,490.36,,331576.44
10-11-2025,UPI/DR/535397150671/Blinkit/ICICI/blinkit@kotak/UPI,448379175679,"2,710.24",,328866.20
10-11-2025,UPI/DR/823147991649/Amazon/ICICI/amazon@apl/UPI,844099299441,390.44,,328475.76
11-11-2025,UPI/DR/083776731905/Uber/PAYTM/uber@paytm/UPI,334284954059,420.47,,328055.29
12-11-2025,UPI/DR/032602018090/Jio/ICICI/jio@paytm/UPI,905948492100,280.16,,327775.13
12-11-2025,UPI/DR/320921833837/Ola/PAYTM/olamoney@ola/UPI,024908911103,560.00,,327215.13
12-11-2025,UPI/DR/946665127703/Gopal/SBIN/gopalbaja45@apl/UPI,081468237122,"12,500.63",,314714.50
12-11-2025,UPI/DR/686512860554/KSEB/UPIN/ksebpayment@upi/UPI,572750670594,"1,450.73",,313263.77
13-11-2025,UPI/CR/339901054373/Meena/HDFC/9618524899@ptaxis/UPI,700995354687,,"5,250.17",318513.94
13-11-2025,UPI/DR/765532501307/Hathway/RAZORPAY/broadband@paytm/UPI,690476075383,649.00,,317864.94
13-11-2025,UPI/DR/135305125242/Ola/PAYTM/olamoney@ola/UPI,182302877289,320.91,,317544.03
14-11-2025,POS INDIAN OIL FARIDABA,166096739138,"2,300.82",,315243.21
17-11-2025,UPI/DR/833531814081/1mg/ICICI/tatahealth@icici/UPI,049398928584,"1,270.13",,313973.08
17-11-2025,UPI/CR/298187993673/Archana/FDRL/archanasing39@pthdfc/UPI,514423258222,,"12,150.49",326123.57
18-11-2025,POS BHARAT PETROLEUM FARIDABA,264516250527,"1,400.91",,324722.66
18-11-2025,UPI/CR/408056167274/Pallavi/KKBK/pallavi.pillai@ptaxis/UPI,672050999664,,"14,500.84",339223.50
18-11-2025,UPI/DR/489886079741/Swiggy/ICICI/swiggy@icici/UPI,288981789101,"2,020.80",,337202.70
19-11-2025,UPI/DR/424909600791/Uber/ICICI/uber@paytm/UPI,314412002326,"2,300.76",,334901.94
19-11-2025,NACH/MANDATE/SIP7192305/Mirae Asset MF,727946741315,"9,500.00",,325401.94
19-11-2025,POS BHARAT PETROLEUM FARIDABA,251060866921,"2,650.45",,322751.49
19-11-2025,UPI/DR/835661611302/Airtel/PAYTM/vi@airtelaxis/UPI,644747310153,659.00,,322092.49
23-11-2025,UPI/DR/216218017726/Indane/ICICI/indanegas@upi/UPI,516952369438,"1,300.63",,320791.86
23-11-2025,UPI/CR/292360002229/Swati/BDBL/swati.singh@ptaxis/UPI,887532359611,,"13,450.52",334242.38
24-11-2025,UPI/DR/145316020877/Siddharth/PUNB/1009368923@ptaxis/UPI,920878795566,"18,450.93",,315791.45
24-11-2025,UPI/DR/772947311343/Airtel/PAYTM/vi@airtelaxis/UPI,639579500718,209.00,,315582.45
25-11-2025,UPI/DR/056764729646/Divya/HDFC/8396630696@okhdfcbank/UPI,726995063408,"5,550.46",,310031.99
25-11-2025,POS MORE SUPER MARKET FARIDABAD,563249871741,"8,250.09",,301781.90
26-11-2025,UPI/DR/177489159957/Rapido/PAYTM/rapido@icici/UPI,796782434402,840.55,,300941.35
26-11-2025,POS PANTALOONS FARIDABAD,838231433104,"3,900.27",,297041.08
27-11-2025,UPI/DR/254674060801/Kavya/FDRL/kavya.sen@paytm/UPI,759844706822,"13,250.34",,283790.74
27-11-2025,POS BRAND FACTORY FARIDABAD,432323150221,"1,200.32",,282590.42
27-11-2025,POS D MART FARIDABAD,531545837435,"7,050.32",,275540.10
29-11-2025,UPI/CR/199096335159/Anil/UTIB/anil573@okhdfcbank/UPI,084238553807,,"21,000.75",296540.85
29-11-2025,UPI/DR/545594004382/Airtel/PAYTM/vi@airtelaxis/UPI,315528218499,499.00,,296041.85
30-11-2025,POS METRO CASH CARRY FARIDABAD,314585518863,"3,450.91",,292590.94
30-11-2025,UPI/CR/737696006390/Ajay/HDFC/ajay.yadav@aubank/UPI,530025474109,,"9,350.28",301941.22
01-12-2025,POS D MART FARIDABAD,219234767138,"8,150.15",,293791.07
01-12-2025,POS MORE SUPER MARKET FARIDABAD,066567959115,"4,900.85",,288890.22
01-12-2025,UPI/DR/198339891593/Shreya/FDRL/3456087112@axl/UPI,868138702533,"11,850.79",,277039.43
02-12-2025,UPI/DR/230787681321/Deepa/FDRL/deepa145@paytm/UPI,988819465842,"16,450.42",,260589.01
03-12-2025,UPI/DR/967339701606/Maya/UCBA/maya.srivastava@ptaxis/UPI,799797616934,"2,150.40",,258438.61
03-12-2025,UPI/DR/837720884976/Airtel/PAYTM/vi@airtelaxis/UPI,096120634571,409.00,,258029.61
03-12-2025,POS BIG BAZAAR FARIDABAD,050627674811,"3,150.10",,254879.51
03-12-2025,UPI/DR/028596983604/Flipkart/PAYTM/flipkart@ybl/UPI,005140775468,"2,200.40",,252679.11
03-12-2025,UPI/DR/589815386688/Ola/PAYTM/olamoney@ola/UPI,495906952918,340.47,,252338.64
04-12-2025,UPI/DR/467112648584/Deepa/KKBK/deepa936@okaxis/UPI,096713567922,"4,350.75",,247987.89
05-12-2025,UPI/DR/198110894109/Swiggy/ICICI/swiggy@icici/UPI,689487582636,500.84,,247487.05
06-12-2025,UPI/DR/827985084467/Zomato/ICICI/zomato@axisbank/UPI,939911672962,"2,400.96",,245086.09
06-12-2025,SALARY CREDIT/S4401625281314/Mphasis Limited,097382927758,,"139,232.23",384318.32
08-12-2025,IMPS/P2M/414466093541//Vijay Banerjee/BDBL,249470240094,"11,700.74",,372617.58
09-12-2025,UPI/DR/887021626541/KSEB/UPIN/ksebpayment@upi/UPI,644086019082,"3,850.89",,368766.69
09-12-2025,NACH/MANDATE/RNT8508328/RENT MANDATE,016525390974,"18,000.00",,350766.69
10-12-2025,UPI/DR/945248090232/Ola/PAYTM/olamoney@ola/UPI,282536131557,610.20,,350156.49
11-12-2025,UPI/DR/208026513882/Reliance/LICI/licindia@licindia/UPI,809396379456,"8,300.00",,341856.49
11-12-2025,UPI/CR/621751199877/Sushma/KKBK/sushmameht55@paytm/UPI,301679339474,,"7,050.72",348907.21
11-12-2025,UPI/DR/973520948858/Paytm/ICICI/paytm@paytm/UPI,405256857163,"1,100.73",,347806.48
12-12-2025,UPI/DR/143289817889/Sunil/BARB/sunil.chaudhary@pthdfc/UPI,777004806231,"1,050.90",,346755.58
12-12-2025,UPI/DR/735683552925/Airtel/PAYTM/vi@airtelaxis/UPI,979756572826,689.00,,346066.58
13-12-2025,UPI/DR/095134375412/BSNL/ICICI/bsnlbroadband@upi/UPI,143137841780,"1,590.90",,344475.68
13-12-2025,UPI/DR/199684887236/Airtel/PAYTM/vi@airtelaxis/UPI,769364309039,349.00,,344126.68
16-12-2025,UPI/DR/740357858408/Flipkart/ICICI/flipkart@ybl/UPI,118691531084,"2,690.01",,341436.67
16-12-2025,ATM CASH WITHDRAWAL/18968/FARIDABAD,684132313515,"9,000.00",,332436.67
17-12-2025,UPI/DR/563866918108/Sachin/SBIN/sachin.pillai@okaxis/UPI,051082457194,"21,100.87",,311335.80
17-12-2025,UPI/DR/687358428073/Airtel/PAYTM/vi@airtelaxis/UPI,596165898306,299.00,,311036.80
18-12-2025,ATM CASH WITHDRAWAL/96167/FARIDABAD,233352433860,"4,500.00",,306536.80
18-12-2025,UPI/DR/604469576323/Indane/ICICI/indanegas@upi/UPI,085509606175,"1,400.66",,305136.14
18-12-2025,NACH/MANDATE/SIP3710130/Mirae Asset MF,272621039096,"9,500.00",,295636.14
19-12-2025,UPI/DR/214293580478/Sonia/PUNB/soniakhan44@ybl/UPI,016243927335,"19,300.50",,276335.64
19-12-2025,UPI/CR/499289885021/Amit/BDBL/amitrao20@ptyes/UPI,577087425866,,"17,700.91",294036.55
19-12-2025,UPI/DR/512382325159/BigBasket/ICICI/bigbasket@ybl/UPI,099309466043,"2,550.24",,291486.31
20-12-2025,UPI/DR/402957804152/Rapido/PAYTM/rapido@icici/UPI,170355489020,550.57,,290935.74
20-12-2025,UPI/DR/712472430497/Vishal/BARB/8520295515@aubank/UPI,688900674019,"18,800.89",,272134.85
21-12-2025,IMPS/P2M/711668861994//Deepa Joshi/UCBA,860094389172,"45,000.01",,227134.84
22-12-2025,POS METRO CASH CARRY FARIDABAD,763192962043,"3,800.36",,223334.48
23-12-2025,POS RELIANCE PETROLEUM FARIDABA,869405242580,"2,200.95",,221133.53
24-12-2025,UPI/DR/873810834500/BigBasket/ICICI/bigbasket@ybl/UPI,537669071286,"1,520.85",,219612.68
25-12-2025,UPI/DR/775997022763/Hathway/RAZORPAY/broadband@paytm/UPI,193856314763,"1,249.00",,218363.68
26-12-2025,UPI/CR/703653685271/Anil/SBIN/anil729@ybl/UPI,856154815083,,"10,450.94",228814.62
26-12-2025,UPI/CR/390579379158/Seema/KKBK/seema370@ptaxis/UPI,250903970753,,"14,500.32",243314.94
27-12-2025,POS MAX FASHION FARIDABAD,497280391558,"6,950.43",,236364.51
27-12-2025,POS SHOPPERS STOP FARIDABAD,480122252953,"7,250.02",,229114.49
28-12-2025,INTEREST CREDIT,661055010782,,755.49,229869.98
28-12-2025,UPI/DR/499338388595/Airtel/PAYTM/vi@airtelaxis/UPI,439578547837,709.00,,229160.98
30-12-2025,UPI/DR/867411101042/Zepto/ICICI/zepto@apl/UPI,169803155186,"1,050.25",,228110.73
30-12-2025,UPI/DR/228954714245/Sangita/UCBA/0866280006@aubank/UPI,867189114265,"19,200.93",,208909.80
31-12-2025,UPI/DR/866923441728/Sushma/UCBA/3304945935@kotak/UPI,092634021018,"6,800.24",,202109.56
31-12-2025,POS HP PETROL PUMP FARIDABA,073452940412,"3,000.14",,199109.42
31-12-2025,POS BHARAT PETROLEUM FARIDABA,707041934336,"3,100.79",,196008.63
31-12-2025,UPI/DR/728841167532/BSNL/ICICI/bsnlbroadband@upi/UPI,645134934568,810.69,,195197.94
31-12-2025,UPI/CR/074682865511/Sumit/BARB/sumit.singh@oksbi/UPI,171867321804,,"10,200.73",205398.67
31-12-2025,UPI/DR/039601944787/Mahesh/BKID/mahesh571@okaxis/UPI,675342997391,"8,950.08",,196448.59
31-12-2025,UPI/DR/851363522575/PhonePe/ICICI/phonepe@ybl/UPI,236963346279,120.48,,196328.11
31-12-2025,UPI/DR/502928271521/Paytm/ICICI/paytm@paytm/UPI,676180407037,"1,220.40",,195107.71
01-01-2026,UPI/CR/720198296209/Seema/BKID/seema.iyer@paytm/UPI,755213926849,,"18,850.52",213958.23
02-01-2026,UPI/DR/042092149058/Ola/PAYTM/olamoney@ola/UPI,177360676020,900.71,,213057.52
02-01-2026,UPI/DR/939761482992/Rapido/PAYTM/rapido@icici/UPI,692122854065,360.15,,212697.37
03-01-2026,UPI/DR/297820953414/PhonePe/ICICI/phonepe@ybl/UPI,574432439070,180.19,,212517.18
03-01-2026,UPI/DR/115910373683/Flipkart/PAYTM/flipkart@ybl/UPI,565805924897,"2,750.19",,209766.99
03-01-2026,UPI/DR/438522894457/Ola/PAYTM/olamoney@ola/UPI,021261731814,570.67,,209196.32
03-01-2026,UPI/DR/451483766833/Hathway/RAZORPAY/broadband@paytm/UPI,954436497236,499.00,,208697.32
04-01-2026,ATM CASH WITHDRAWAL/40038/FARIDABAD,568369867880,"1,500.00",,207197.32
04-01-2026,POS HP PETROL PUMP FARIDABA,174227298558,"3,400.56",,203796.76
05-01-2026,IMPS/P2M/789204239318//Prashant Bose/BDBL,401101222738,"12,500.57",,191296.19
06-01-2026,SALARY CREDIT/S5615972790128/Mphasis Limited,118514616995,,"138,316.23",329612.42
06-01-2026,UPI/DR/938391194074/Meena/HDFC/meenamukh29@apl/UPI,411197269680,"16,850.00",,312762.42
07-01-2026,UPI/DR/095909429766/Blinkit/ICICI/blinkit@kotak/UPI,904831405057,"1,120.61",,311641.81
08-01-2026,NACH/MANDATE/RNT1022416/RENT MANDATE,357027111295,"18,000.00",,293641.81
09-01-2026,UPI/DR/556628262803/Airtel/PAYTM/vi@airtelaxis/UPI,614290639252,649.00,,292992.81
09-01-2026,ATM CASH WITHDRAWAL/19333/FARIDABAD,082386407541,"5,000.00",,287992.81
09-01-2026,UPI/DR/275496915031/Amazon/ICICI/amazon@apl/UPI,053980301593,"1,990.01",,286002.80
09-01-2026,UPI/DR/859155350244/PhonePe/ICICI/phonepe@ybl/UPI,134774043694,"2,400.69",,283602.11
09-01-2026,ATM CASH WITHDRAWAL/04567/FARIDABAD,266864930028,"3,500.00",,280102.11
09-01-2026,POS RELIANCE PETROLEUM FARIDABA,151254261098,"4,050.94",,276051.17
10-01-2026,UPI/DR/312941330395/Reliance/LICI/licindia@licindia/UPI,043487492287,"8,300.00",,267751.17
10-01-2026,UPI/DR/064893847545/Airtel/PAYTM/vi@airtelaxis/UPI,200925028218,349.00,,267402.17
11-01-2026,UPI/CR/596107780977/Jyoti/BKID/jyotisaxe49@oksbi/UPI,554857762049,,"9,800.71",277202.88
11-01-2026,UPI/DR/084456453522/Airtel/PAYTM/vi@airtelaxis/UPI,843342954091,989.00,,276213.88
12-01-2026,UPI/DR/381882659160/Hotstar/ICICI/hotstar@hdfcbank/UPI,626128571632,649.00,,275564.88
13-01-2026,UPI/DR/849101710127/KSEB/UPIN/ksebpayment@upi/UPI,202857800275,"3,450.69",,272114.19
13-01-2026,UPI/CR/770460167217/Swati/UTIB/4345302765@okaxis/UPI,658465621361,,"4,450.83",276565.02
14-01-2026,NACH/MANDATE/SIP6215761/Mirae Asset MF,490987203658,"9,500.00",,267065.02
14-01-2026,UPI/DR/332649224296/Amazon/ICICI/amazon@apl/UPI,273887471395,"2,480.03",,264584.99
15-01-2026,UPI/CR/000217542559/Varsha/KKBK/varsha.bajaj@ptyes/UPI,996593599121,,800.53,265385.52
15-01-2026,POS V MART FARIDABAD,294668319746,"6,700.68",,258684.84
16-01-2026,UPI/DR/449108254120/Vikram/PUNB/vikram440@pthdfc/UPI,418352878799,"11,450.58",,247234.26
16-01-2026,UPI/DR/279869272476/Indane/ICICI/indanegas@upi/UPI,980421381339,"2,100.13",,245134.13
17-01-2026,ATM CASH WITHDRAWAL/34348/FARIDABAD,139954723366,"6,500.00",,238634.13
19-01-2026,UPI/DR/403974558766/Mina/PUNB/mina.chopra@upi/UPI,791679392689,"5,900.92",,232733.21
20-01-2026,UPI/CR/424613214936/Mina/PUNB/mina807@okicici/UPI,812865604812,,"21,800.77",254533.98
20-01-2026,UPI/DR/735136486019/Tarun/KKBK/tarun638@pthdfc/UPI,929764752247,"4,550.35",,249983.63
20-01-2026,POS BHARAT PETROLEUM FARIDABA,294322757137,"1,300.99",,248682.64
22-01-2026,UPI/CR/650151915480/Preeti/UTIB/preeti.banerjee@aubank/UPI,409015473271,,"21,450.50",270133.14
23-01-2026,POS SHOPPERS STOP FARIDABAD,130547259636,"1,300.98",,268832.16
23-01-2026,UPI/DR/105843841296/Flipkart/ICICI/flipkart@ybl/UPI,610811189021,"2,000.49",,266831.67
23-01-2026,UPI/DR/379938158740/Airtel/PAYTM/vi@airtelaxis/UPI,976763967596,819.00,,266012.67
24-01-2026,POS STAR BAZAAR FARIDABAD,767019536157,"4,450.28",,261562.39
24-01-2026,ATM CASH WITHDRAWAL/03780/FARIDABAD,966880887016,"2,500.00",,259062.39
24-01-2026,ATM CASH WITHDRAWAL/77617/FARIDABAD,640955985675,"1,000.00",,258062.39
24-01-2026,UPI/CR/374970654298/Anita/UCBA/anita.srivastava@upi/UPI,679642400605,,"1,650.17",259712.56
25-01-2026,UPI/DR/448718590068/Paytm/ICICI/paytm@paytm/UPI,437703657978,"1,750.87",,257961.69
26-01-2026,POS BIG BAZAAR FARIDABAD,870520000207,"4,950.84",,253010.85
26-01-2026,UPI/DR/319861725941/Airtel/PAYTM/vi@airtelaxis/UPI,782129364193,179.00,,252831.85
26-01-2026,POS BHARAT PETROLEUM FARIDABA,210679738036,"3,600.27",,249231.58
27-01-2026,UPI/DR/319727959164/Jio/ICICI/jio@paytm/UPI,133031611178,"1,500.31",,247731.27
28-01-2026,UPI/DR/344928033613/Amit/HDFC/amit948@oksbi/UPI,403418523540,"20,950.57",,226780.70
28-01-2026,UPI/DR/854396973259/Myntra/PAYTM/myntra@ybl/UPI,080137359603,850.62,,225930.08
28-01-2026,UPI/DR/435050880154/Girish/BARB/girish585@apl/UPI,549533739300,"4,600.05",,221330.03
30-01-2026,UPI/CR/556285378487/Sumit/BARB/sumit.verma@kotak/UPI,256337330550,,"10,350.87",231680.90
30-01-2026,POS MAX FASHION FARIDABAD,209893713731,"7,750.77",,223930.13
31-01-2026,UPI/DR/940824236568/Naresh/BKID/naresh799@ptaxis/UPI,731905631464,"8,750.63",,215179.50
31-01-2026,UPI/DR/090727053213/Flipkart/ICICI/flipkart@ybl/UPI,269101364797,470.53,,214708.97
01-02-2026,UPI/DR/432293734315/Maya/UTIB/maya592@okaxis/UPI,402521368656,"11,000.79",,203708.18
02-02-2026,UPI/DR/372748736394/Rapido/PAYTM/rapido@icici/UPI,324136904848,890.25,,202817.93
03-02-2026,UPI/DR/399785062984/Amazon/PAYTM/amazon@apl/UPI,556581308642,"2,050.73",,200767.20
03-02-2026,SALARY CREDIT/S4069151319936/Mphasis Limited,656901456696,,"141,851.23",342618.43
04-02-2026,POS MAX FASHION FARIDABAD,217722010887,"8,500.52",,334117.91
04-02-2026,NACH/MANDATE/RNT5667355/RENT MANDATE,363913889922,"18,000.00",,316117.91
04-02-2026,UPI/DR/489783387746/Vikas/BARB/8265712357@kotak/UPI,411803335505,"20,600.06",,295517.85
05-02-2026,POS MORE SUPER MARKET FARIDABAD,102979885138,"1,650.86",,293866.99
05-02-2026,ATM CASH WITHDRAWAL/37987/FARIDABAD,328273066842,"3,000.00",,290866.99
06-02-2026,UPI/DR/313830518785/Mina/UCBA/mina.rao@aubank/UPI,452392208880,"15,150.85",,275716.14
07-02-2026,IMPS/P2M/636457715929//Arun Agarwal/UTIB,931671175408,"11,400.21",,264315.93
07-02-2026,UPI/DR/364854170703/Krishna/BKID/6138163195@ybl/UPI,612093521023,"4,000.31",,260315.62
08-02-2026,UPI/DR/689929507727/Airtel/PAYTM/vi@airtelaxis/UPI,140272934627,459.00,,259856.62
08-02-2026,UPI/DR/104976488048/Dinesh/UTIB/4728839521@upi/UPI,366681518421,"7,700.60",,252156.02
09-02-2026,UPI/DR/154450698324/Blinkit/ICICI/blinkit@kotak/UPI,602861026011,960.54,,251195.48
09-02-2026,UPI/DR/334448521049/KSEB/UPIN/ksebpayment@upi/UPI,737723952666,900.38,,250295.10
09-02-2026,UPI/CR/516441493523/Mahesh/KKBK/mahesh340@pthdfc/UPI,576552633689,,200.94,250496.04
11-02-2026,UPI/DR/624821707633/Anita/UCBA/anita.dubey@paytm/UPI,045879061357,"4,700.42",,245795.62
11-02-2026,UPI/DR/475777482639/Reliance/LICI/licindia@licindia/UPI,523467667232,"8,300.00",,237495.62
11-02-2026,UPI/DR/427448300243/Indane/ICICI/indanegas@upi/UPI,379608312126,"1,450.68",,236044.94
11-02-2026,UPI/DR/444755674883/Ola/PAYTM/olamoney@ola/UPI,839389535762,250.03,,235794.91
12-02-2026,ATM CASH WITHDRAWAL/52002/FARIDABAD,622226967231,"6,500.00",,229294.91
12-02-2026,POS CENTRAL MALL FARIDABAD,707196790258,"2,900.68",,226394.23
12-02-2026,UPI/DR/738511294749/Blinkit/ICICI/blinkit@kotak/UPI,681916303210,530.26,,225863.97
13-02-2026,UPI/DR/280880964203/Amazon/ICICI/amazon@apl/UPI,689068162816,"2,590.62",,223273.35
14-02-2026,POS BIG BAZAAR FARIDABAD,585449382407,"2,750.34",,220523.01
14-02-2026,POS BHARAT PETROLEUM FARIDABA,522627326045,"3,550.67",,216972.34
15-02-2026,POS SHELL FUEL STATION FARIDABA,099455869931,"2,750.55",,214221.79
15-02-2026,UPI/DR/395439367293/Ajay/BDBL/ajay.joshi@okaxis/UPI,381288695253,"6,200.71",,208021.08
15-02-2026,POS BRAND FACTORY FARIDABAD,646457724821,"8,300.01",,199721.07
15-02-2026,UPI/DR/653979020439/Dunzo/ICICI/dunzo@razorpay/UPI,996887335159,"1,880.70",,197840.37
15-02-2026,UPI/DR/641433614268/BigBasket/ICICI/bigbasket@ybl/UPI,154109524749,290.06,,197550.31
16-02-2026,UPI/DR/861806452984/Babita/BARB/babitabaja15@aubank/UPI,783542453188,"6,900.70",,190649.61
16-02-2026,UPI/CR/952471646185/Mukesh/BARB/6738585522@axl/UPI,609336955145,,"8,450.58",199100.19
16-02-2026,UPI/CR/794307952948/Babita/BKID/4064129793@okaxis/UPI,942163659786,,"17,450.33",216550.52
17-02-2026,NACH/MANDATE/SIP6078647/Mirae Asset MF,187530128787,"9,500.00",,207050.52
18-02-2026,UPI/DR/681436067448/Dunzo/ICICI/dunzo@razorpay/UPI,970212228868,"1,650.15",,205400.37
19-02-2026,POS D MART FARIDABAD,356718841950,"5,450.44",,199949.93
20-02-2026,UPI/DR/921199178866/Airtel/PAYTM/vi@airtelaxis/UPI,903313463651,499.00,,199450.93
20-02-2026,POS BIG BAZAAR FARIDABAD,878363738798,"6,550.39",,192900.54
21-02-2026,UPI/DR/097385950736/BSNL/ICICI/bsnlbroadband@upi/UPI,650067649084,"1,090.58",,191809.96
21-02-2026,UPI/DR/585384698526/Vandana/BKID/8161056266@oksbi/UPI,730460066409,"1,550.07",,190259.89
22-02-2026,UPI/DR/163446319782/Jio/ICICI/jio@paytm/UPI,441141814710,"1,790.47",,188469.42
22-02-2026,UPI/DR/242476199220/Meesho/PAYTM/meesho@ybl/UPI,737658081555,"2,800.16",,185669.26
23-02-2026,POS RELIANCE PETROLEUM FARIDABA,084773765633,"1,350.70",,184318.56
23-02-2026,UPI/DR/245428188868/Dunzo/ICICI/dunzo@razorpay/UPI,723230818509,"1,420.07",,182898.49
24-02-2026,UPI/DR/694820301441/Uber/ICICI/uber@paytm/UPI,541483874496,"1,230.72",,181667.77
24-02-2026,UPI/DR/529240033477/Zomato/ICICI/zomato@axisbank/UPI,465233492150,"1,380.83",,180286.94
25-02-2026,UPI/DR/279048241134/Paytm/ICICI/paytm@paytm/UPI,776925785809,950.70,,179336.24
27-02-2026,UPI/DR/996755829325/Nykaa/PAYTM/nykaa@razorpay/UPI,385295338283,"1,300.34",,178035.90
27-02-2026,UPI/DR/249739462318/Airtel/PAYTM/vi@airtelaxis/UPI,555020622090,849.00,,177186.90
27-02-2026,UPI/DR/698339042605/Blinkit/ICICI/blinkit@kotak/UPI,202083105082,"1,190.80",,175996.10
27-02-2026,POS HP PETROL PUMP FARIDABA,305029744189,"2,250.22",,173745.88
27-02-2026,UPI/CR/362716745047/Mukesh/UTIB/mukesh.thapar@okaxis/UPI,177903613956,,"20,250.40",193996.28
27-02-2026,UPI/CR/817983719467/Vijay/SBIN/vijay186@upi/UPI,438353369119,,"20,200.63",214196.91
01-03-2026,UPI/DR/994053080481/Practo/ICICI/practo@paytm/UPI,113879991296,199.00,,213997.91
01-03-2026,POS STAR BAZAAR FARIDABAD,833219058957,"3,100.28",,210897.63
01-03-2026,UPI/DR/335929673793/Rapido/PAYTM/rapido@icici/UPI,141898474098,160.37,,210737.26
02-03-2026,UPI/DR/473358916681/Hathway/RAZORPAY/broadband@paytm/UPI,600837996513,"1,099.00",,209638.26
02-03-2026,POS VISHAL MEGA MART FARIDABAD,601406408076,"5,400.74",,204237.52
02-03-2026,POS STAR BAZAAR FARIDABAD,817629911391,"8,400.92",,195836.60
02-03-2026,UPI/CR/345979536491/Abhishek/BARB/abhishekkuma58@axl/UPI,837992328306,,"12,850.91",208687.51
03-03-2026,UPI/DR/335769136908/BSNL/ICICI/bsnlbroadband@upi/UPI,594322284634,"1,830.58",,206856.93
03-03-2026,UPI/DR/272018792917/Deepa/UCBA/deepa276@ibl/UPI,292150206216,"2,500.32",,204356.61
03-03-2026,UPI/CR/806769630582/Tarun/BKID/tarun927@upi/UPI,223163173304,,500.73,204857.34
03-03-2026,UPI/DR/697937821619/Babita/FDRL/babita524@okhdfcbank/UPI,096174914230,"7,750.69",,197106.65
03-03-2026,SALARY CREDIT/S9404733734213/Mphasis Limited,787578270819,,"141,634.23",338740.88
04-03-2026,UPI/DR/900635751237/Amazon/ICICI/amazon@apl/UPI,384600415792,630.31,,338110.57
04-03-2026,NACH/MANDATE/RNT4439243/RENT MANDATE,676383575782,"18,000.00",,320110.57
06-03-2026,ATM CASH WITHDRAWAL/36152/FARIDABAD,144161514913,"1,000.00",,319110.57
06-03-2026,UPI/CR/474025831686/Kavya/BARB/kavyaghos51@ibl/UPI,645523265274,,"18,700.18",337810.75
06-03-2026,UPI/DR/164864095295/Reliance/LICI/licindia@licindia/UPI,198044392475,"8,300.00",,329510.75
06-03-2026,UPI/DR/251732112623/PhonePe/ICICI/phonepe@ybl/UPI,636641059316,"2,550.71",,326960.04
06-03-2026,UPI/DR/167430556310/Ola/PAYTM/olamoney@ola/UPI,320339631231,300.76,,326659.28
07-03-2026,UPI/CR/594930846168/Nisha/SBIN/nishaghos85@ptyes/UPI,663394080484,,"2,450.04",329109.32
07-03-2026,UPI/DR/683697328344/Paytm/ICICI/paytm@paytm/UPI,720080581948,"1,180.83",,327928.49
08-03-2026,UPI/CR/295346260123/Naresh/BDBL/5102077919@oksbi/UPI,865095163032,,"7,200.67",335129.16
09-03-2026,UPI/DR/360838557933/Airtel/PAYTM/vi@airtelaxis/UPI,454287143513,889.00,,334240.16
10-03-2026,UPI/DR/245614045467/BSNL/ICICI/bsnlbroadband@upi/UPI,824080500263,"1,130.45",,333109.71
13-03-2026,UPI/DR/518894950056/Vijay/FDRL/vijay711@paytm/UPI,914697421733,"2,350.69",,330759.02
13-03-2026,UPI/DR/419926010712/Dunzo/ICICI/dunzo@razorpay/UPI,028393167835,800.65,,329958.37
14-03-2026,UPI/DR/926999409572/Blinkit/ICICI/blinkit@kotak/UPI,692007318945,"1,080.53",,328877.84
14-03-2026,UPI/DR/343145410279/Airtel/PAYTM/vi@airtelaxis/UPI,366094130850,269.00,,328608.84
15-03-2026,NACH/MANDATE/SIP3867971/Mirae Asset MF,827363097203,"9,500.00",,319108.84
15-03-2026,UPI/DR/132219770204/BSNL/ICICI/bsnlbroadband@upi/UPI,678112832819,"1,510.12",,317598.72
15-03-2026,UPI/CR/247913549212/Girish/BDBL/girish290@ybl/UPI,609721453912,,"13,450.12",331048.84
15-03-2026,UPI/DR/365414123204/Mohit/PUNB/mohitdas70@kotak/UPI,011570283765,"1,550.86",,329497.98
16-03-2026,UPI/DR/589638022781/Rapido/PAYTM/rapido@icici/UPI,725857871495,500.91,,328997.07
17-03-2026,UPI/DR/860697887649/Uber/ICICI/uber@paytm/UPI,203240093480,"1,940.82",,327056.25
17-03-2026,UPI/DR/616366729407/BigBasket/ICICI/bigbasket@ybl/UPI,786155678444,"1,120.08",,325936.17
17-03-2026,UPI/DR/015259058518/Zomato/ICICI/zomato@axisbank/UPI,930797336736,"1,110.30",,324825.87
17-03-2026,UPI/DR/059516152848/Paytm/ICICI/paytm@paytm/UPI,129078320503,"1,440.09",,323385.78
18-03-2026,IMPS/P2M/219657948967//Sunil Iyer/PUNB,350249384770,"35,600.07",,287785.71
18-03-2026,UPI/DR/803091402068/BSNL/ICICI/bsnlbroadband@upi/UPI,514867790676,"1,250.78",,286534.93
18-03-2026,POS V MART FARIDABAD,382709054167,"3,650.92",,282884.01
19-03-2026,UPI/DR/898804597783/Rapido/PAYTM/rapido@icici/UPI,216360609807,450.44,,282433.57
19-03-2026,UPI/DR/463759332987/Ritu/BDBL/ritu.ahuja@ibl/UPI,309616741983,"10,600.24",,271833.33
19-03-2026,UPI/CR/243615290326/Isha/BKID/isha105@oksbi/UPI,693308176741,,"3,300.94",275134.27
20-03-2026,UPI/DR/142646395069/Vandana/UTIB/vandanamish73@apl/UPI,311396874933,"12,300.71",,262833.56
20-03-2026,UPI/DR/273167641976/Nykaa/PAYTM/nykaa@razorpay/UPI,296946828475,"4,850.29",,257983.27
21-03-2026,UPI/DR/414104876602/Indane/ICICI/indanegas@upi/UPI,125725141341,"2,150.73",,255832.54
22-03-2026,UPI/DR/062557191273/Airtel/PAYTM/vi@airtelaxis/UPI,610821152638,959.00,,254873.54
22-03-2026,UPI/DR/088859686181/MedPlus/ICICI/medplus@icici/UPI,743218164770,"3,080.36",,251793.18
23-03-2026,UPI/CR/918088702909/Varsha/FDRL/varsha.jain@axl/UPI,230396291226,,"18,650.29",270443.47
23-03-2026,POS HP PETROL PUMP FARIDABA,853455761713,"3,600.63",,266842.84
23-03-2026,POS INDIAN OIL FARIDABA,061680189875,850.78,,265992.06
23-03-2026,UPI/DR/021631843977/BigBasket/ICICI/bigbasket@ybl/UPI,022205269465,"2,200.92",,263791.14
23-03-2026,UPI/DR/109346740646/Vikram/BARB/vikramsaxe74@okaxis/UPI,350994438597,850.94,,262940.20
23-03-2026,UPI/DR/906604932850/Uber/PAYTM/uber@paytm/UPI,025740958736,220.92,,262719.28
23-03-2026,UPI/DR/281157394783/KSEB/UPIN/ksebpayment@upi/UPI,133747970315,800.92,,261918.36
25-03-2026,POS MAX FASHION FARIDABAD,680627080265,"4,700.93",,257217.43
25-03-2026,UPI/DR/663684109788/Nykaa/ICICI/nykaa@razorpay/UPI,082943025139,199.00,,257018.43
25-03-2026,UPI/DR/450613113576/Airtel/PAYTM/vi@airtelaxis/UPI,713873574280,259.00,,256759.43
26-03-2026,UPI/DR/705552841004/Mohit/UCBA/mohit435@ptyes/UPI,987931322932,"8,300.63",,248458.80
26-03-2026,UPI/DR/820447320791/Zepto/ICICI/zepto@apl/UPI,684650141478,"1,860.90",,246597.90
26-03-2026,UPI/DR/263791154270/Rapido/PAYTM/rapido@icici/UPI,378061366900,730.33,,245867.57
26-03-2026,INTEREST CREDIT,791182210532,,105.59,245973.16
26-03-2026,UPI/DR/481710992667/Flipkart/ICICI/flipkart@ybl/UPI,412955734640,"2,760.03",,243213.13
27-03-2026,UPI/DR/721180177461/Uber/ICICI/uber@paytm/UPI,749636252137,"1,590.11",,241623.02
27-03-2026,UPI/DR/865040062747/Zepto/ICICI/zepto@apl/UPI,396818072039,"2,210.86",,239412.16
28-03-2026,UPI/DR/744388345525/Sushma/PUNB/sushma.naik@ptsbi/UPI,403138121971,"11,250.01",,228162.15
28-03-2026,POS RELIANCE MART FARIDABAD,684299343613,"6,400.07",,221762.08
29-03-2026,POS LIFESTYLE STORES FARIDABAD,070036400609,"6,950.83",,214811.25
30-03-2026,ATM CASH WITHDRAWAL/78902/FARIDABAD,318083482189,"3,000.00",,211811.25
30-03-2026,TRANSACTION CHARGES,751316283882,190.00,,211621.25
30-03-2026,GST ON CHARGES,450138732582,34.20,,211587.05
30-03-2026,POS SHELL FUEL STATION FARIDABA,860213843389,"1,200.31",,210386.74
31-03-2026,UPI/CR/197408463875/Pallavi/FDRL/2194116316@kotak/UPI,350923859554,,"3,600.85",213987.59
31-03-2026,UPI/DR/791016918330/BSNL/ICICI/bsnlbroadband@upi/UPI,260706591780,160.84,,213826.75
31-03-2026,ATM CASH WITHDRAWAL/73690/FARIDABAD,676364070022,"7,500.00",,206326.75
02-04-2026,UPI/DR/867551763569/Swiggy/ICICI/swiggy@icici/UPI,005044056828,"2,020.29",,204306.46
02-04-2026,ATM CASH WITHDRAWAL/95614/FARIDABAD,646762268081,"6,000.00",,198306.46
03-04-2026,SALARY CREDIT/S1748282930302/Mphasis Limited,078987849936,,"139,121.23",337427.69
03-04-2026,UPI/DR/593266185150/Uber/PAYTM/uber@paytm/UPI,680908326978,380.20,,337047.49
04-04-2026,NACH/MANDATE/RNT4076867/RENT MANDATE,703884183787,"18,000.00",,319047.49
05-04-2026,POS CENTRAL MALL FARIDABAD,814710852567,"3,850.29",,315197.20
05-04-2026,UPI/DR/783181699660/BigBasket/ICICI/bigbasket@ybl/UPI,206540082653,"1,560.94",,313636.26
06-04-2026,UPI/DR/096729353047/Uber/PAYTM/uber@paytm/UPI,124592004185,860.35,,312775.91
06-04-2026,UPI/DR/315078180354/Amazon/ICICI/amazon@apl/UPI,563961974637,860.37,,311915.54
06-04-2026,UPI/DR/488081069932/Swiggy/ICICI/swiggy@icici/UPI,216745419372,410.27,,311505.27
07-04-2026,UPI/DR/831993760734/Nykaa/PAYTM/nykaa@razorpay/UPI,443604775148,"4,250.97",,307254.30
07-04-2026,UPI/DR/359709447731/PhonePe/ICICI/phonepe@ybl/UPI,378892421757,"2,530.55",,304723.75
08-04-2026,ATM CASH WITHDRAWAL/88457/FARIDABAD,486850590585,"3,500.00",,301223.75
09-04-2026,UPI/DR/292224752452/Kunal/UTIB/kunalkhan14@ptyes/UPI,913268358983,"18,200.57",,283023.18
10-04-2026,UPI/DR/900162691907/Vishal/UCBA/vishalnamb42@paytm/UPI,551664725348,"3,800.93",,279222.25
11-04-2026,POS HP PETROL PUMP FARIDABA,057078998638,"3,300.07",,275922.18
11-04-2026,UPI/DR/843977159270/Reliance/LICI/licindia@licindia/UPI,468378963619,"8,300.00",,267622.18
11-04-2026,UPI/DR/906474184125/Pankaj/KKBK/pankaj.bose@apl/UPI,682044275012,"2,300.43",,265321.75
11-04-2026,UPI/DR/746610558406/Practo/ICICI/practo@paytm/UPI,165209012303,249.00,,265072.75
13-04-2026,UPI/DR/572066615235/Arun/HDFC/arun814@pthdfc/UPI,483657856881,"13,850.00",,251222.75
13-04-2026,POS D MART FARIDABAD,482268673992,"2,250.35",,248972.40
13-04-2026,UPI/DR/038716540162/Hathway/RAZORPAY/broadband@paytm/UPI,199124609061,449.00,,248523.40
14-04-2026,UPI/DR/234718886173/Siddharth/PUNB/siddharth.menon@okhdfcbank/UPI,352609792373,"11,500.90",,237022.50
14-04-2026,UPI/DR/324730971176/Netmeds/ICICI/netmeds@paytm/UPI,602677446879,550.11,,236472.39
15-04-2026,UPI/DR/948211119822/Rapido/PAYTM/rapido@icici/UPI,575881555912,840.82,,235631.57
15-04-2026,UPI/DR/717220865229/Ola/PAYTM/olamoney@ola/UPI,443249261368,210.07,,235421.50
15-04-2026,UPI/CR/574645726352/Sneha/FDRL/sneha.mehta@apl/UPI,972375897534,,"8,250.77",243672.27
16-04-2026,UPI/CR/135293187201/Mohit/HDFC/mohit569@oksbi/UPI,365217605136,,"3,050.46",246722.73
16-04-2026,UPI/DR/197030253936/Swiggy/ICICI/swiggy@icici/UPI,605007578462,260.02,,246462.71
17-04-2026,UPI/DR/108076813114/Zomato/ICICI/zomato@axisbank/UPI,564111404042,290.37,,246172.34
18-04-2026,UPI/DR/112142250966/Flipkart/ICICI/flipkart@ybl/UPI,832768857463,490.37,,245681.97
18-04-2026,NACH/MANDATE/SIP9855192/Mirae Asset MF,152036136743,"9,500.00",,236181.97
18-04-2026,IMPS/P2M/441050979947//Ankit Reddy/FDRL,872646823280,"37,400.61",,198781.36
19-04-2026,UPI/DR/453970238351/Blinkit/ICICI/blinkit@kotak/UPI,692097778461,"2,090.65",,196690.71
20-04-2026,UPI/DR/364993990595/Ola/PAYTM/olamoney@ola/UPI,746884043633,430.65,,196260.06
20-04-2026,UPI/DR/185494998827/Indane/ICICI/indanegas@upi/UPI,382453262509,"1,650.53",,194609.53
21-04-2026,UPI/DR/258284855542/Mahesh/BKID/maheshnaik78@ybl/UPI,301439783246,"17,300.27",,177309.26
21-04-2026,UPI/CR/070824480596/Deepa/BARB/deepa305@ptsbi/UPI,064784862487,,"14,250.77",191560.03
21-04-2026,UPI/DR/682642031531/Kavya/UTIB/5448481771@okicici/UPI,738191788992,"15,500.21",,176059.82
21-04-2026,NEFT/N0029043908250/Max Healthcare Insti,163212159498,,"16,500.07",192559.89
22-04-2026,UPI/DR/887561626122/Swiggy/ICICI/swiggy@icici/UPI,692853853380,370.38,,192189.51
22-04-2026,POS CENTRAL MALL FARIDABAD,677133232325,"1,400.40",,190789.11
22-04-2026,POS D MART FARIDABAD,595822595187,"1,750.11",,189039.00
23-04-2026,UPI/DR/733695230807/KSEB/UPIN/ksebpayment@upi/UPI,277880652753,"1,350.40",,187688.60
23-04-2026,ATM CASH WITHDRAWAL/50904/FARIDABAD,759677877960,"6,500.00",,181188.60
24-04-2026,UPI/DR/160030827328/Blinkit/ICICI/blinkit@kotak/UPI,081506518813,"1,210.07",,179978.53
24-04-2026,UPI/DR/790707471243/Airtel/PAYTM/vi@airtelaxis/UPI,345629039049,479.00,,179499.53
24-04-2026,UPI/DR/693356138698/Vikram/HDFC/9591977590@ptaxis/UPI,144380000543,"14,000.10",,165499.43
25-04-2026,UPI/DR/628814247548/Sonia/PUNB/sonia994@upi/UPI,301717228758,"2,450.15",,163049.28
25-04-2026,UPI/DR/137240774027/Prashant/UTIB/prashant842@pthdfc/UPI,138045507802,"3,750.15",,159299.13
26-04-2026,IMPS/P2M/851927100337//Meena Shukla/SBIN,923424106032,"44,000.40",,115298.73
26-04-2026,UPI/DR/821393941068/Ritu/PUNB/ritu.nambiar@ibl/UPI,283516619976,"12,600.79",,102697.94
26-04-2026,UPI/CR/374666917712/Geeta/SBIN/4886068277@ibl/UPI,613873064634,,"7,350.72",110048.66
26-04-2026,POS METRO CASH CARRY FARIDABAD,313175653753,"6,900.23",,103148.43
26-04-2026,UPI/DR/832393569824/Zepto/ICICI/zepto@apl/UPI,608041401170,800.46,,102347.97
27-04-2026,POS MAX FASHION FARIDABAD,359381938827,"5,200.93",,97147.04
28-04-2026,POS SHELL FUEL STATION FARIDABA,660375467127,"3,750.76",,93396.28
28-04-2026,UPI/DR/236307580244/BSNL/ICICI/bsnlbroadband@upi/UPI,317654016912,"2,660.11",,90736.17
28-04-2026,UPI/DR/685292526224/Seema/BDBL/seema210@paytm/UPI,190838210438,"4,600.22",,86135.95
29-04-2026,TRANSACTION CHARGES,767971791670,170.00,,85965.95
29-04-2026,GST ON CHARGES,195658540389,30.60,,85935.35
29-04-2026,UPI/DR/893843135903/BSNL/ICICI/bsnlbroadband@upi/UPI,819690238768,"1,990.12",,83945.23
29-04-2026,UPI/DR/064351814536/Airtel/PAYTM/vi@airtelaxis/UPI,975168657211,909.00,,83036.23
29-04-2026,UPI/DR/178149508601/Lalit/KKBK/lalitghos11@upi/UPI,319970034026,"7,100.35",,75935.88
30-04-2026,UPI/DR/724826600421/Blinkit/ICICI/blinkit@kotak/UPI,308590217460,860.47,,75075.41
30-04-2026,UPI/DR/799881259925/Uber/ICICI/uber@paytm/UPI,255666270394,"2,200.17",,72875.24
30-04-2026,POS BRAND FACTORY FARIDABAD,702091825647,"7,100.35",,65774.89
01-05-2026,POS BHARAT PETROLEUM FARIDABA,197468072327,"2,950.36",,62824.53
02-05-2026,POS BHARAT PETROLEUM FARIDABA,065745503348,"2,300.70",,60523.83
03-05-2026,POS MAX FASHION FARIDABAD,399789183549,"6,350.83",,54173.00
03-05-2026,UPI/DR/547341683677/Myntra/PAYTM/myntra@ybl/UPI,513221683446,500.37,,53672.63
04-05-2026,UPI/DR/052876413345/Sushma/BDBL/sushma556@axl/UPI,027576387639,"17,500.62",,36172.01
04-05-2026,SALARY CREDIT/S0682056524747/Mphasis Limited,635241155129,,"140,672.23",176844.24
04-05-2026,ATM CASH WITHDRAWAL/24769/FARIDABAD,561734550529,"6,500.00",,170344.24
04-05-2026,UPI/DR/714093080416/Airtel/PAYTM/vi@airtelaxis/UPI,156735375294,679.00,,169665.24
05-05-2026,UPI/DR/773423848554/Dinesh/HDFC/5104014542@ptsbi/UPI,617588513709,"1,000.70",,168664.54
05-05-2026,UPI/DR/215911958619/Airtel/PAYTM/vi@airtelaxis/UPI,172598485056,819.00,,167845.54
05-05-2026,UPI/DR/999903316170/Nykaa/ICICI/nykaa@razorpay/UPI,552295303789,599.00,,167246.54
06-05-2026,UPI/DR/175160217448/Rajesh/UTIB/rajesh475@ptyes/UPI,374618520634,"15,500.21",,151746.33
06-05-2026,UPI/CR/075774767998/Manoj/BDBL/manojghos22@okhdfcbank/UPI,238076737061,,"15,000.19",166746.52
06-05-2026,NACH/MANDATE/RNT7586521/RENT MANDATE,413112546782,"18,000.00",,148746.52
06-05-2026,UPI/DR/829503617512/Sumit/UCBA/sumitdube10@ptsbi/UPI,541201101209,"3,900.81",,144845.71
06-05-2026,ATM CASH WITHDRAWAL/40215/FARIDABAD,432313858709,"6,500.00",,138345.71
07-05-2026,UPI/DR/685497191966/Zepto/ICICI/zepto@apl/UPI,317978066503,"1,690.22",,136655.49
08-05-2026,UPI/DR/843527565330/MakeMyTrip/ICICI/makemytrip@axisbank/UPI,322305081053,599.00,,136056.49
08-05-2026,UPI/DR/688307194311/Ola/PAYTM/olamoney@ola/UPI,187086832514,310.32,,135746.17
08-05-2026,ATM CASH WITHDRAWAL/76874/FARIDABAD,689128855147,"2,500.00",,133246.17
09-05-2026,ATM CASH WITHDRAWAL/84887/FARIDABAD,193435042424,"6,000.00",,127246.17
