Bank Name,BANDHAN BANK LIMITED
Account Number,19767703151236
Account Holder Name,VIJAY PATIL
Branch,DWARKA SECTOR 6
IFSC Code,BDBL0420823
Statement Period,01-12-2024 To 08-05-2026

Date,Description,Ref/ChequeNo,Debit,Credit,Balance
01-Dec-2024,POS SHOPPERS STOP JAIPUR,182367795956,"1,200.63",,1082203.81
01-Dec-2024,UPI/CR/078425029462/Mukesh/BARB/mukeshpand54@kotak/UPI,894637393344,,"18,450.12",1100653.93
02-Dec-2024,UPI/DR/057106473981/Brijesh/BDBL/brijesh.rao@apl/UPI,103941570234,"4,900.01",,1095753.92
03-Dec-2024,UPI/DR/599817720576/Naresh/PUNB/nareshseth92@ybl/UPI,366701575491,"3,100.64",,1092653.28
04-Dec-2024,SALARY CREDIT/S1613532591776/Mahindra Logistics Ltd,237353101449,,"74,984.74",1167638.02
05-Dec-2024,UPI/DR/634448737616/Meesho/PAYTM/meesho@ybl/UPI,050862211627,"3,250.46",,1164387.56
05-Dec-2024,UPI/DR/035266641397/Paytm/ICICI/paytm@paytm/UPI,451355498866,550.37,,1163837.19
06-Dec-2024,UPI/DR/902533750778/Amazon/PAYTM/amazon@apl/UPI,909282811560,"2,350.95",,1161486.24
06-Dec-2024,UPI/DR/407163625215/Ola/PAYTM/olamoney@ola/UPI,604146547029,160.13,,1161326.11
06-Dec-2024,UPI/DR/812268601362/Anjali/KKBK/anjali.patel@ptaxis/UPI,176777379292,"5,900.46",,1155425.65
07-Dec-2024,NACH/MANDATE/LN315555274144/Bajaj Finance Ltd,868302868855,"14,500.00",,1140925.65
07-Dec-2024,POS BRAND FACTORY JAIPUR,185696571092,"4,000.36",,1136925.29
07-Dec-2024,POS LIFESTYLE STORES JAIPUR,565309575504,"6,500.80",,1130424.49
08-Dec-2024,UPI/DR/082557793458/ICICI/LICI/licindia@licindia/UPI,150573327350,"4,300.00",,1126124.49
08-Dec-2024,UPI/DR/793223926586/Ola/PAYTM/olamoney@ola/UPI,971094403745,500.45,,1125624.04
09-Dec-2024,UPI/DR/036626770055/Ola/ICICI/olamoney@ola/UPI,411198407716,"1,610.61",,1124013.43
09-Dec-2024,ATM CASH WITHDRAWAL/61277/JAIPUR,570315698496,"7,500.00",,1116513.43
09-Dec-2024,UPI/DR/513077138386/Dunzo/ICICI/dunzo@razorpay/UPI,866567730447,"2,370.22",,1114143.21
09-Dec-2024,UPI/CR/911569058774/Santosh/KKBK/santosh282@ybl/UPI,479885219248,,"14,900.25",1129043.46
09-Dec-2024,NACH/MANDATE/RNT2395684/RENT MANDATE,822252179818,"20,000.00",,1109043.46
10-Dec-2024,UPI/DR/854033046561/Amazon/ICICI/amazon@apl/UPI,580932145114,"2,760.06",,1106283.40
11-Dec-2024,UPI/DR/644782477492/Ankit/FDRL/ankit.saxena@ibl/UPI,080005587433,"5,350.00",,1100933.40
11-Dec-2024,UPI/DR/479026940119/Zomato/ICICI/zomato@axisbank/UPI,577012068958,"2,380.63",,1098552.77
11-Dec-2024,UPI/DR/398940194673/Rekha/UCBA/rekha.mukherjee@kotak/UPI,177243450164,"7,900.01",,1090652.76
11-Dec-2024,UPI/DR/280828377891/Vi/PAYTM/vi@airtelaxis/UPI,912326875879,609.00,,1090043.76
11-Dec-2024,UPI/DR/879019122828/PhonePe/ICICI/phonepe@ybl/UPI,904747108310,"1,430.68",,1088613.08
12-Dec-2024,UPI/DR/633896781584/Shweta/BDBL/shweta.khanna@upi/UPI,661922933682,"21,550.35",,1067062.73
13-Dec-2024,IMPS-427638042487-Sunita Patil,324597913265,"18,300.69",,1048762.04
13-Dec-2024,UPI/DR/397930364756/Indane/ICICI/indanegas@upi/UPI,727265447273,"1,150.53",,1047611.51
15-Dec-2024,UPI/DR/055678219842/Paytm/ICICI/paytm@paytm/UPI,390668273175,770.17,,1046841.34
16-Dec-2024,UPI/CR/600408389547/Yogesh/PUNB/yogeshredd60@axl/UPI,909188939209,,"5,750.75",1052592.09
16-Dec-2024,UPI/DR/119615380738/BigBasket/ICICI/bigbasket@ybl/UPI,724117036016,"1,980.07",,1050612.02
16-Dec-2024,UPI/DR/407537702296/Pankaj/BKID/pankaj.dubey@okicici/UPI,681628863290,"19,750.64",,1030861.38
16-Dec-2024,UPI/DR/621401437047/Zepto/ICICI/zepto@apl/UPI,235027174610,"1,900.30",,1028961.08
17-Dec-2024,UPI/DR/750596165101/Vi/PAYTM/vi@airtelaxis/UPI,028939061208,979.00,,1027982.08
17-Dec-2024,UPI/DR/484421910666/Flipkart/ICICI/flipkart@ybl/UPI,231526242833,"2,290.74",,1025691.34
18-Dec-2024,UPI/DR/754368044293/Meesho/PAYTM/meesho@ybl/UPI,800862761712,"2,100.50",,1023590.84
18-Dec-2024,UPI/DR/254925385242/MedPlus/ICICI/medplus@icici/UPI,447332527205,330.28,,1023260.56
18-Dec-2024,UPI/DR/342363136321/Rajan/HDFC/0621203357@kotak/UPI,819253519116,"16,700.76",,1006559.80
18-Dec-2024,UPI/DR/717973590848/Anil/UTIB/anil215@oksbi/UPI,457962157776,"11,350.32",,995209.48
19-Dec-2024,POS VISHAL MEGA MART JAIPUR,732446600069,"1,350.47",,993859.01
19-Dec-2024,NACH/MANDATE/SIP8797551/Axis Mutual Fund,557889408615,"12,500.00",,981359.01
20-Dec-2024,UPI/DR/560486999461/Vi/PAYTM/vi@airtelaxis/UPI,318039823469,309.00,,981050.01
20-Dec-2024,UPI/DR/659542655980/TSSPDCL/UPIN/tsspdclpayment@upi/UPI,338132036285,"2,500.35",,978549.66
21-Dec-2024,UPI/DR/233759374201/Vi/PAYTM/vi@airtelaxis/UPI,422727161246,289.00,,978260.66
23-Dec-2024,UPI/DR/825417802699/PhonePe/ICICI/phonepe@ybl/UPI,866630535793,"1,860.12",,976400.54
23-Dec-2024,UPI/DR/189875434174/Rani/FDRL/ranijosh68@ibl/UPI,239142449304,"19,300.98",,957099.56
24-Dec-2024,UPI/DR/430972138476/PhonePe/ICICI/phonepe@ybl/UPI,035476724326,"2,200.00",,954899.56
24-Dec-2024,ATM CASH WITHDRAWAL/49902/JAIPUR,579713322017,"3,000.00",,951899.56
24-Dec-2024,UPI/DR/299646645558/Swiggy/ICICI/swiggy@icici/UPI,130193950197,"1,370.35",,950529.21
25-Dec-2024,UPI/DR/945796059105/Ola/ICICI/olamoney@ola/UPI,964053476389,"1,740.28",,948788.93
25-Dec-2024,UPI/DR/710084661507/Sachin/PUNB/sachin.kapoor@kotak/UPI,594432076626,"15,650.20",,933138.73
25-Dec-2024,UPI/DR/403762879455/Ola/PAYTM/olamoney@ola/UPI,931660647061,870.02,,932268.71
27-Dec-2024,UPI/DR/338340831216/Vi/PAYTM/vi@airtelaxis/UPI,932295668549,359.00,,931909.71
27-Dec-2024,ATM CASH WITHDRAWAL/03573/JAIPUR,873777730364,"5,500.00",,926409.71
27-Dec-2024,POS BHARAT PETROLEUM JAIPUR,419009976139,"2,400.30",,924009.41
28-Dec-2024,INTEREST CREDIT,370525734850,,680.86,924690.27
28-Dec-2024,IMPS-344170420564-Usha Thapar,422851634829,"10,800.16",,913890.11
29-Dec-2024,POS CENTRAL MALL JAIPUR,288255958496,"5,400.98",,908489.13
29-Dec-2024,POS RELIANCE PETROLEUM JAIPUR,992025193870,"2,750.02",,905739.11
29-Dec-2024,UPI/DR/736738706687/Harish/UTIB/harish570@aubank/UPI,201718316722,250.13,,905488.98
29-Dec-2024,UPI/DR/891210040202/Ola/PAYTM/olamoney@ola/UPI,784119492617,670.15,,904818.83
29-Dec-2024,UPI/DR/879855464591/Sangita/PUNB/7275277189@ptyes/UPI,358786682458,"2,550.24",,902268.59
30-Dec-2024,UPI/DR/989412196473/Manoj/PUNB/manoj945@axl/UPI,635306073420,"21,300.64",,880967.95
31-Dec-2024,GST ON CHARGES,196293368750,46.80,,880921.15
31-Dec-2024,POS MORE SUPER MARKET JAIPUR,733504803646,"4,500.62",,876420.53
31-Dec-2024,ACCOUNT MAINTENANCE FEE,403632665229,260.00,,876160.53
31-Dec-2024,UPI/DR/494759057348/Jio/ICICI/jio@paytm/UPI,541965302739,690.42,,875470.11
01-Jan-2025,UPI/CR/043666763935/Arjun/BKID/arjun671@pthdfc/UPI,132190679579,,"14,900.21",890370.32
01-Jan-2025,UPI/DR/921076120256/Rani/SBIN/rani.reddy@upi/UPI,143596131207,"4,300.37",,886069.95
01-Jan-2025,ATM CASH WITHDRAWAL/69793/JAIPUR,126945386037,"7,000.00",,879069.95
01-Jan-2025,UPI/DR/550177212453/Uber/PAYTM/uber@paytm/UPI,044759064568,770.37,,878299.58
04-Jan-2025,SALARY CREDIT/S9457917631241/Mahindra Logistics Ltd,177848486458,,"78,593.74",956893.32
04-Jan-2025,POS SHELL FUEL STATION JAIPUR,153373755858,"1,800.23",,955093.09
05-Jan-2025,UPI/DR/654242938471/Vi/PAYTM/vi@airtelaxis/UPI,775332258547,449.00,,954644.09
05-Jan-2025,POS LIFESTYLE STORES JAIPUR,038176910856,"8,250.60",,946393.49
06-Jan-2025,POS D MART JAIPUR,516162297759,"3,900.36",,942493.13
07-Jan-2025,UPI/DR/477313682709/Amazon/ICICI/amazon@apl/UPI,021768665762,"2,610.02",,939883.11
08-Jan-2025,NACH/MANDATE/RNT8424264/RENT MANDATE,644257086244,"20,000.00",,919883.11
08-Jan-2025,UPI/DR/144581221469/ICICI/LICI/licindia@licindia/UPI,060541046234,"4,300.00",,915583.11
08-Jan-2025,POS BRAND FACTORY JAIPUR,430181609247,"5,700.35",,909882.76
09-Jan-2025,NACH/MANDATE/LN315555274144/Bajaj Finance Ltd,129814095749,"14,500.00",,895382.76
09-Jan-2025,POS BRAND FACTORY JAIPUR,311490642905,"3,550.74",,891832.02
09-Jan-2025,UPI/DR/239031360061/BigBasket/ICICI/bigbasket@ybl/UPI,746068559939,"1,860.47",,889971.55
10-Jan-2025,UPI/DR/760064771757/Jio/ICICI/jio@paytm/UPI,561970477968,"2,380.74",,887590.81
10-Jan-2025,POS RELIANCE MART JAIPUR,547108066911,"4,150.40",,883440.41
10-Jan-2025,UPI/DR/021812678996/MedPlus/ICICI/medplus@icici/UPI,469646719149,"1,260.72",,882179.69
11-Jan-2025,UPI/DR/911341114999/Vi/PAYTM/vi@airtelaxis/UPI,983810320592,509.00,,881670.69
11-Jan-2025,UPI/DR/928253904281/BigBasket/ICICI/bigbasket@ybl/UPI,852579675332,"1,220.50",,880450.19
11-Jan-2025,IMPS-267486453219-Lalit Jain,248695927916,"37,800.01",,842650.18
11-Jan-2025,UPI/CR/848130103275/Babita/BKID/babita434@oksbi/UPI,455058905023,,"14,700.71",857350.89
11-Jan-2025,UPI/DR/042178280887/BSNL/ICICI/bsnlbroadband@upi/UPI,686524133095,"2,360.07",,854990.82
12-Jan-2025,UPI/CR/646914968917/Varun/UTIB/4106108854@ptaxis/UPI,652762680971,,"13,650.69",868641.51
13-Jan-2025,NACH/MANDATE/SIP3383418/Axis Mutual Fund,599187377595,"12,500.00",,856141.51
15-Jan-2025,UPI/DR/388442839878/BigBasket/ICICI/bigbasket@ybl/UPI,728227445833,"2,240.18",,853901.33
15-Jan-2025,UPI/CR/755549086160/Mamta/BARB/mamtakuma26@oksbi/UPI,114719782942,,"21,850.40",875751.73
15-Jan-2025,UPI/DR/329793033303/Tarun/FDRL/3277501334@ibl/UPI,538181157006,"4,450.55",,871301.18
16-Jan-2025,UPI/CR/530383593961/Manish/SBIN/manish674@axl/UPI,850530050957,,"19,300.19",890601.37
16-Jan-2025,UPI/DR/951645499118/Zomato/ICICI/zomato@axisbank/UPI,927287909715,"1,140.50",,889460.87
17-Jan-2025,UPI/DR/268733331141/TSSPDCL/UPIN/tsspdclpayment@upi/UPI,901873334969,"2,850.69",,886610.18
19-Jan-2025,UPI/DR/673966100839/Dunzo/ICICI/dunzo@razorpay/UPI,957674906856,"2,430.01",,884180.17
19-Jan-2025,POS LIFESTYLE STORES JAIPUR,499542264313,"6,850.86",,877329.31
19-Jan-2025,UPI/DR/892656667963/Mukesh/HDFC/mukesh.iyer@paytm/UPI,125490071521,"13,550.83",,863778.48
21-Jan-2025,UPI/DR/216082709442/Nykaa/ICICI/nykaa@razorpay/UPI,244854226316,449.00,,863329.48
21-Jan-2025,UPI/CR/345796052595/Mohan/BARB/mohanshuk97@kotak/UPI,607908551281,,"10,650.82",873980.30
22-Jan-2025,POS LIFESTYLE STORES JAIPUR,306284116685,"4,150.60",,869829.70
22-Jan-2025,UPI/DR/478555616831/Varun/FDRL/varunnamb30@ibl/UPI,484776025953,"7,500.64",,862329.06
22-Jan-2025,UPI/DR/802766480050/Indane/ICICI/indanegas@upi/UPI,378927430169,"2,800.05",,859529.01
23-Jan-2025,NEFT/N7385231946587/HDFC Life Insurance,771651278311,,"29,500.40",889029.41
23-Jan-2025,UPI/DR/442112788631/Isha/HDFC/5380311441@paytm/UPI,982378602482,"5,000.17",,884029.24
24-Jan-2025,UPI/DR/824921178775/Siddharth/PUNB/siddharththap55@ptsbi/UPI,219829674700,"4,600.54",,879428.70
24-Jan-2025,UPI/DR/774854317981/Rapido/PAYTM/rapido@icici/UPI,543767395305,490.38,,878938.32
24-Jan-2025,ATM CASH WITHDRAWAL/72125/JAIPUR,243408249256,"9,500.00",,869438.32
25-Jan-2025,UPI/DR/042682929000/Uber/PAYTM/uber@paytm/UPI,207182282033,240.84,,869197.48
25-Jan-2025,POS MAX FASHION JAIPUR,739512371844,"5,700.64",,863496.84
26-Jan-2025,UPI/DR/551501448628/Anil/SBIN/anil.joshi@kotak/UPI,126513979996,"7,000.02",,856496.82
26-Jan-2025,UPI/DR/872572027922/Meesho/PAYTM/meesho@ybl/UPI,950472372110,"1,750.26",,854746.56
26-Jan-2025,ATM CASH WITHDRAWAL/45707/JAIPUR,135882842695,"7,500.00",,847246.56
27-Jan-2025,POS RELIANCE PETROLEUM JAIPUR,303082899696,"1,450.45",,845796.11
27-Jan-2025,UPI/DR/235721428849/Zepto/ICICI/zepto@apl/UPI,809440422369,620.49,,845175.62
27-Jan-2025,UPI/DR/257512460994/Vi/PAYTM/vi@airtelaxis/UPI,446547281918,719.00,,844456.62
27-Jan-2025,UPI/DR/613306733619/Uber/PAYTM/uber@paytm/UPI,573433055147,340.77,,844115.85
28-Jan-2025,UPI/DR/132056410552/BigBasket/ICICI/bigbasket@ybl/UPI,427491035612,"1,610.74",,842505.11
28-Jan-2025,UPI/DR/352611622534/Jio/ICICI/jio@paytm/UPI,054856167739,"2,360.80",,840144.31
29-Jan-2025,UPI/DR/692983268997/Swiggy/ICICI/swiggy@icici/UPI,141289991153,920.05,,839224.26
29-Jan-2025,UPI/DR/918962057126/Shweta/UCBA/shwetanair68@paytm/UPI,109151471764,"9,000.40",,830223.86
30-Jan-2025,UPI/CR/059497000122/Gaurav/FDRL/gauraviyer67@okaxis/UPI,891353366841,,"7,750.21",837974.07
31-Jan-2025,UPI/DR/376964494381/Jio/ICICI/jio@paytm/UPI,099409923282,"1,790.85",,836183.22
31-Jan-2025,UPI/DR/792884648537/BigBasket/ICICI/bigbasket@ybl/UPI,890802446139,"2,010.22",,834173.00
31-Jan-2025,ATM CASH WITHDRAWAL/58131/JAIPUR,157620437405,"2,000.00",,832173.00
01-Feb-2025,UPI/DR/229155976467/Dunzo/ICICI/dunzo@razorpay/UPI,191768168940,"1,840.78",,830332.22
01-Feb-2025,UPI/CR/574104035421/Suresh/PUNB/suresh.yadav@kotak/UPI,059188772145,,"6,450.86",836783.08
02-Feb-2025,SALARY CREDIT/S8233221968154/Mahindra Logistics Ltd,800556219474,,"79,107.74",915890.82
02-Feb-2025,UPI/DR/450471815834/Ankit/UCBA/ankit817@ptsbi/UPI,618516013216,"14,000.17",,901890.65
03-Feb-2025,UPI/DR/685384761741/Amazon/ICICI/amazon@apl/UPI,547570208348,820.70,,901069.95
04-Feb-2025,ATM CASH WITHDRAWAL/51348/JAIPUR,147802712464,"7,500.00",,893569.95
05-Feb-2025,UPI/DR/533003277434/Zepto/ICICI/zepto@apl/UPI,307685641110,"1,780.98",,891788.97
05-Feb-2025,IMPS-973334725363-Sunita Ahuja,830603648605,"34,300.86",,857488.11
06-Feb-2025,NACH/MANDATE/LN315555274144/Bajaj Finance Ltd,739934998304,"14,500.00",,842988.11
06-Feb-2025,POS SHOPPERS STOP JAIPUR,926577442529,"6,400.60",,836587.51
07-Feb-2025,NACH/MANDATE/RNT9412993/RENT MANDATE,129574919207,"20,000.00",,816587.51
07-Feb-2025,UPI/DR/742656721655/Zomato/ICICI/zomato@axisbank/UPI,832774692974,"2,750.17",,813837.34
07-Feb-2025,ATM CASH WITHDRAWAL/39178/JAIPUR,968977174407,"7,500.00",,806337.34
08-Feb-2025,UPI/DR/968800418436/Mohan/SBIN/mohan.mehta@upi/UPI,278778452003,"16,400.31",,789937.03
08-Feb-2025,UPI/CR/359194031198/Kamal/BDBL/4730219426@ptyes/UPI,029647078543,,"6,350.16",796287.19
08-Feb-2025,UPI/DR/581081171280/Mukesh/SBIN/mukesh.khanna@oksbi/UPI,188818847034,"12,600.35",,783686.84
09-Feb-2025,UPI/DR/148714923328/Ola/PAYTM/olamoney@ola/UPI,591731292790,110.09,,783576.75
09-Feb-2025,UPI/DR/329748128631/BSNL/ICICI/bsnlbroadband@upi/UPI,068813181828,720.49,,782856.26
09-Feb-2025,ATM CASH WITHDRAWAL/94805/JAIPUR,142229373178,"4,500.00",,778356.26
09-Feb-2025,POS LIFESTYLE STORES JAIPUR,427504661158,"1,400.74",,776955.52
10-Feb-2025,UPI/DR/611741363991/ICICI/LICI/licindia@licindia/UPI,926600377827,"4,300.00",,772655.52
11-Feb-2025,UPI/DR/531007986079/Rapido/PAYTM/rapido@icici/UPI,917610384051,580.92,,772074.60
11-Feb-2025,POS D MART JAIPUR,505315750624,"7,200.00",,764874.60
11-Feb-2025,UPI/DR/852496994342/Ola/ICICI/olamoney@ola/UPI,495535500584,"1,410.63",,763463.97
12-Feb-2025,UPI/DR/521903273786/Amazon/ICICI/amazon@apl/UPI,828695418488,"1,970.95",,761493.02
12-Feb-2025,UPI/DR/982937274280/Vi/PAYTM/vi@airtelaxis/UPI,015218111308,349.00,,761144.02
12-Feb-2025,ATM CASH WITHDRAWAL/62483/JAIPUR,921172533077,"2,500.00",,758644.02
13-Feb-2025,UPI/DR/574510158216/Uber/PAYTM/uber@paytm/UPI,915857972698,530.84,,758113.18
14-Feb-2025,UPI/DR/927008585908/Ola/ICICI/olamoney@ola/UPI,456362346299,"1,270.35",,756842.83
14-Feb-2025,UPI/DR/759466383045/Sushma/BKID/sushmapill40@ptaxis/UPI,203349022770,"18,300.60",,738542.23
14-Feb-2025,UPI/CR/027310883964/Seema/UTIB/4146947391@kotak/UPI,445429766447,,"18,400.48",756942.71
15-Feb-2025,NACH/MANDATE/SIP5770496/Axis Mutual Fund,870744697918,"12,500.00",,744442.71
15-Feb-2025,UPI/DR/662394290124/Zomato/ICICI/zomato@axisbank/UPI,672450504359,430.50,,744012.21
15-Feb-2025,POS HP PETROL PUMP JAIPUR,699623583158,"2,050.78",,741961.43
16-Feb-2025,UPI/DR/734761946528/TSSPDCL/UPIN/tsspdclpayment@upi/UPI,157941745338,"1,500.61",,740460.82
17-Feb-2025,ATM CASH WITHDRAWAL/77227/JAIPUR,490853536078,"10,000.00",,730460.82
19-Feb-2025,UPI/DR/624322550500/BSNL/RAZORPAY/broadband@paytm/UPI,955975067369,"1,199.00",,729261.82
20-Feb-2025,UPI/DR/529968352143/Ashish/UCBA/ashishmukh53@pthdfc/UPI,760346666619,"13,900.99",,715360.83
20-Feb-2025,UPI/DR/198233108648/BSNL/ICICI/bsnlbroadband@upi/UPI,398989193214,"1,470.51",,713890.32
21-Feb-2025,POS BHARAT PETROLEUM JAIPUR,239828258876,"3,550.84",,710339.48
21-Feb-2025,UPI/DR/941702927116/Santosh/BKID/1610384728@kotak/UPI,253009421223,"2,300.15",,708039.33
22-Feb-2025,UPI/DR/587800244347/Preeti/BARB/preeti662@okhdfcbank/UPI,037889002724,"18,700.60",,689338.73
23-Feb-2025,UPI/DR/458064486786/Uber/ICICI/uber@paytm/UPI,300152765022,"2,100.47",,687238.26
24-Feb-2025,UPI/DR/181782310685/Zomato/ICICI/zomato@axisbank/UPI,082007728535,790.28,,686447.98
24-Feb-2025,POS V MART JAIPUR,861763820883,"5,300.87",,681147.11
24-Feb-2025,UPI/DR/595284231132/Flipkart/ICICI/flipkart@ybl/UPI,556074245755,380.79,,680766.32
24-Feb-2025,UPI/DR/836477686881/Gopal/HDFC/gopalmeht55@okicici/UPI,728304260531,"3,150.23",,677616.09
24-Feb-2025,UPI/DR/530605180733/Sanjay/SBIN/4296542594@upi/UPI,129098110524,"2,400.96",,675215.13
24-Feb-2025,UPI/DR/953433205559/IRCTC/ICICI/irctc@upi/UPI,859809555738,399.00,,674816.13
24-Feb-2025,UPI/CR/002460073431/Manish/BKID/manish312@ptyes/UPI,451636695647,,"16,850.60",691666.73
25-Feb-2025,ATM CASH WITHDRAWAL/23357/JAIPUR,962299934095,"6,500.00",,685166.73
25-Feb-2025,POS BRAND FACTORY JAIPUR,860321755290,"3,350.80",,681815.93
25-Feb-2025,UPI/DR/988577052491/Dunzo/ICICI/dunzo@razorpay/UPI,674684467360,900.52,,680915.41
25-Feb-2025,UPI/DR/393482812416/Rekha/HDFC/9113136386@oksbi/UPI,238250235272,"7,750.71",,673164.70
25-Feb-2025,UPI/DR/089812289447/Indane/ICICI/indanegas@upi/UPI,124274140668,900.51,,672264.19
26-Feb-2025,POS METRO CASH CARRY JAIPUR,242778434048,"4,400.76",,667863.43
26-Feb-2025,UPI/DR/899082553764/Ola/ICICI/olamoney@ola/UPI,575543190101,"2,280.40",,665583.03
26-Feb-2025,UPI/DR/767345281729/Amazon/PAYTM/amazon@apl/UPI,010296808235,"5,950.78",,659632.25
27-Feb-2025,UPI/DR/209363217866/Vi/PAYTM/vi@airtelaxis/UPI,348752402988,919.00,,658713.25
27-Feb-2025,UPI/DR/875684434769/Shreya/UCBA/shreya390@paytm/UPI,154648911335,"7,050.40",,651662.85
27-Feb-2025,UPI/DR/296572819980/Apollo/ICICI/apollopharmacy@ybl/UPI,546475134231,"1,930.20",,649732.65
28-Feb-2025,POS D MART JAIPUR,632716474648,"7,550.51",,642182.14
28-Feb-2025,ACCOUNT MAINTENANCE FEE,655055222761,420.00,,641762.14
28-Feb-2025,POS SHELL FUEL STATION JAIPUR,013723387087,"2,650.25",,639111.89
28-Feb-2025,GST ON CHARGES,610593206096,75.60,,639036.29
01-Mar-2025,UPI/CR/876115278696/Manoj/BKID/manoj696@ptaxis/UPI,864638881823,,"15,850.76",654887.05
01-Mar-2025,SALARY CREDIT/S1471229262252/Mahindra Logistics Ltd,255640108828,,"79,196.74",734083.79
01-Mar-2025,UPI/CR/285323276276/Ashish/KKBK/9125628418@oksbi/UPI,155395685340,,"20,700.85",754784.64
01-Mar-2025,UPI/DR/255576593181/Swati/UCBA/2122081227@upi/UPI,537147774502,"14,650.63",,740134.01
01-Mar-2025,ATM CASH WITHDRAWAL/92713/JAIPUR,677373344466,"5,500.00",,734634.01
01-Mar-2025,UPI/DR/876603949929/Akash/HDFC/akash673@ptyes/UPI,892236622915,"1,950.83",,732683.18
01-Mar-2025,UPI/DR/931710383935/Zepto/ICICI/zepto@apl/UPI,670159760361,"2,110.89",,730572.29
02-Mar-2025,UPI/DR/965739009618/Rapido/PAYTM/rapido@icici/UPI,992550027717,870.28,,729702.01
02-Mar-2025,UPI/DR/275103242561/Jio/ICICI/jio@paytm/UPI,350149450115,560.89,,729141.12
02-Mar-2025,UPI/CR/995823607733/Ritu/BKID/ritu.shah@upi/UPI,814529608349,,950.52,730091.64
02-Mar-2025,UPI/DR/041812926615/Amazon/ICICI/amazon@apl/UPI,874508328907,260.52,,729831.12
02-Mar-2025,UPI/DR/125142970173/Dunzo/ICICI/dunzo@razorpay/UPI,904728174646,730.10,,729101.02
02-Mar-2025,UPI/DR/162551752824/Gaurav/BDBL/2688212526@paytm/UPI,388394155991,"1,100.33",,728000.69
03-Mar-2025,UPI/DR/524225352611/Manoj/UTIB/manoj341@apl/UPI,803594820424,"2,850.09",,725150.60
03-Mar-2025,POS SHELL FUEL STATION JAIPUR,621274681550,"3,400.15",,721750.45
03-Mar-2025,NACH/MANDATE/LN315555274144/Bajaj Finance Ltd,578415807375,"14,500.00",,707250.45
03-Mar-2025,NACH/MANDATE/RNT6196493/RENT MANDATE,848578528949,"20,000.00",,687250.45
03-Mar-2025,POS RELIANCE PETROLEUM JAIPUR,566746323215,"4,000.20",,683250.25
03-Mar-2025,UPI/CR/654720879887/Maya/BKID/2420517092@upi/UPI,702700705082,,"7,000.10",690250.35
04-Mar-2025,UPI/DR/203253105666/ICICI/LICI/licindia@licindia/UPI,784765082610,"4,300.00",,685950.35
05-Mar-2025,UPI/DR/422593837054/Vi/PAYTM/vi@airtelaxis/UPI,681718651312,409.00,,685541.35
06-Mar-2025,UPI/DR/406112139493/Paytm/ICICI/paytm@paytm/UPI,877524054610,"1,150.22",,684391.13
06-Mar-2025,UPI/DR/892751602484/Swiggy/ICICI/swiggy@icici/UPI,107432115503,"1,150.64",,683240.49
07-Mar-2025,UPI/DR/729311675282/Zomato/ICICI/zomato@axisbank/UPI,125937957449,700.68,,682539.81
07-Mar-2025,IMPS-087833206321-Geeta Singh,147334936818,"41,300.60",,641239.21
07-Mar-2025,UPI/DR/060258042442/Anjali/PUNB/2815487767@aubank/UPI,204756384639,"10,450.69",,630788.52
07-Mar-2025,UPI/DR/508478152499/Ola/PAYTM/olamoney@ola/UPI,803158427249,520.04,,630268.48
08-Mar-2025,UPI/DR/431337835797/BSNL/RAZORPAY/broadband@paytm/UPI,756358638123,849.00,,629419.48
08-Mar-2025,POS BHARAT PETROLEUM JAIPUR,444207581382,"1,600.75",,627818.73
08-Mar-2025,ATM CASH WITHDRAWAL/27490/JAIPUR,545944979578,"1,500.00",,626318.73
09-Mar-2025,UPI/DR/663104563138/Ola/PAYTM/olamoney@ola/UPI,058083868487,890.99,,625427.74
10-Mar-2025,UPI/DR/168331017289/Vi/PAYTM/vi@airtelaxis/UPI,124110197509,209.00,,625218.74
10-Mar-2025,ATM CASH WITHDRAWAL/68322/JAIPUR,186720236115,"7,500.00",,617718.74
10-Mar-2025,UPI/CR/980021176991/Ravi/UCBA/ravi.agarwal@okhdfcbank/UPI,119775884015,,"19,300.88",637019.62
10-Mar-2025,UPI/DR/927705102712/Dunzo/ICICI/dunzo@razorpay/UPI,142888216653,170.97,,636848.65
10-Mar-2025,UPI/DR/117592217186/TSSPDCL/UPIN/tsspdclpayment@upi/UPI,720705460627,"2,950.04",,633898.61
10-Mar-2025,NEFT/N5087063619403/Hexaware Technologie,820687583185,,"12,500.58",646399.19
11-Mar-2025,UPI/CR/683387785226/Mina/KKBK/mina.agarwal@ptyes/UPI,679351947942,,"9,300.01",655699.20
11-Mar-2025,UPI/CR/295298921038/Usha/UTIB/8238873661@upi/UPI,613804813611,,"20,950.82",676650.02
12-Mar-2025,NACH/MANDATE/SIP9290566/Axis Mutual Fund,242254121569,"12,500.00",,664150.02
13-Mar-2025,UPI/DR/390187477550/MakeMyTrip/ICICI/makemytrip@axisbank/UPI,627446248677,849.00,,663301.02
13-Mar-2025,UPI/DR/285497846026/Uber/ICICI/uber@paytm/UPI,978710398765,640.45,,662660.57
14-Mar-2025,UPI/CR/450308241906/Naresh/BKID/naresh.naik@okaxis/UPI,975481589631,,"15,100.61",677761.18
15-Mar-2025,UPI/DR/101138567817/MedPlus/ICICI/medplus@icici/UPI,130688623975,570.81,,677190.37
15-Mar-2025,UPI/DR/605570216681/Uber/ICICI/uber@paytm/UPI,527781008192,"2,430.82",,674759.55
15-Mar-2025,UPI/DR/952942603286/Uber/PAYTM/uber@paytm/UPI,202631746045,300.77,,674458.78
16-Mar-2025,UPI/CR/954906171171/Brijesh/SBIN/brijesh842@ptyes/UPI,212962864272,,600.46,675059.24
17-Mar-2025,UPI/CR/535494699211/Anita/BARB/2683843315@okaxis/UPI,905805434512,,"4,550.24",679609.48
17-Mar-2025,UPI/DR/953389756853/Seema/PUNB/seema635@axl/UPI,321033700841,"9,050.91",,670558.57
17-Mar-2025,UPI/DR/543378244551/Indane/ICICI/indanegas@upi/UPI,059324278593,"2,300.70",,668257.87
17-Mar-2025,UPI/DR/174956914477/Harish/BKID/harish352@ptyes/UPI,581395564022,"17,300.98",,650956.89
17-Mar-2025,POS BRAND FACTORY JAIPUR,926293327476,"8,250.40",,642706.49
17-Mar-2025,UPI/DR/026455976809/Vi/PAYTM/vi@airtelaxis/UPI,254182323226,819.00,,641887.49
17-Mar-2025,UPI/DR/641651699342/Rapido/PAYTM/rapido@icici/UPI,016320977715,250.84,,641636.65
18-Mar-2025,ATM CASH WITHDRAWAL/06692/JAIPUR,363781316572,"7,000.00",,634636.65
18-Mar-2025,POS PANTALOONS JAIPUR,311364141800,"1,900.32",,632736.33
20-Mar-2025,UPI/DR/676643582824/Sarita/BDBL/saritanair63@ptyes/UPI,190456477152,"10,250.01",,622486.32
20-Mar-2025,UPI/DR/181321341517/Radha/KKBK/radhasen40@ptsbi/UPI,616849992197,"16,100.45",,606385.87
23-Mar-2025,UPI/DR/638524884238/Jio/ICICI/jio@paytm/UPI,970923823593,"2,430.48",,603955.39
25-Mar-2025,UPI/CR/679460982380/Krishna/KKBK/krishnaahuj52@paytm/UPI,732285832610,,"20,500.42",624455.81
25-Mar-2025,UPI/DR/913535196544/Meesho/PAYTM/meesho@ybl/UPI,711154361109,"4,200.99",,620254.82
25-Mar-2025,UPI/CR/231783289611/Vikram/KKBK/vikram.chatterjee@okaxis/UPI,437244585213,,"13,200.27",633455.09
25-Mar-2025,UPI/DR/260974191453/Amazon/ICICI/amazon@apl/UPI,764040448463,"1,220.79",,632234.30
26-Mar-2025,INTEREST CREDIT,883065622482,,315.89,632550.19
26-Mar-2025,UPI/DR/831219012456/Jio/ICICI/jio@paytm/UPI,815322584842,920.04,,631630.15
26-Mar-2025,UPI/CR/692449756756/Nisha/BARB/6392730340@kotak/UPI,406770214021,,"3,650.10",635280.25
26-Mar-2025,POS VISHAL MEGA MART JAIPUR,243293080501,"5,150.98",,630129.27
27-Mar-2025,POS SHOPPERS STOP JAIPUR,520799016083,"7,750.69",,622378.58
27-Mar-2025,GST ON CHARGES,498070508336,43.20,,622335.38
27-Mar-2025,UPI/DR/454154937286/Vi/PAYTM/vi@airtelaxis/UPI,941881561950,269.00,,622066.38
27-Mar-2025,POS RELIANCE PETROLEUM JAIPUR,071047722864,"3,900.91",,618165.47
27-Mar-2025,ACCOUNT MAINTENANCE FEE,938149812203,240.00,,617925.47
28-Mar-2025,UPI/DR/296072838405/Amazon/PAYTM/amazon@apl/UPI,794432847615,"2,250.33",,615675.14
28-Mar-2025,UPI/DR/703003389353/Paytm/ICICI/paytm@paytm/UPI,822011107316,"1,630.10",,614045.04
28-Mar-2025,UPI/CR/395690117277/Geeta/BARB/geeta.patil@ptaxis/UPI,503540926196,,"3,150.32",617195.36
29-Mar-2025,POS LIFESTYLE STORES JAIPUR,952570321879,"5,650.91",,611544.45
31-Mar-2025,ATM CASH WITHDRAWAL/94139/JAIPUR,169079767577,"2,000.00",,609544.45
31-Mar-2025,UPI/DR/937257393912/Swiggy/ICICI/swiggy@icici/UPI,625835510093,400.37,,609144.08
31-Mar-2025,UPI/CR/872236855787/Sonia/SBIN/5890402478@paytm/UPI,398941699916,,"9,250.09",618394.17
01-Apr-2025,POS METRO CASH CARRY JAIPUR,899003249115,"6,500.12",,611894.05
01-Apr-2025,UPI/DR/966223896664/Vikram/UCBA/vikram131@axl/UPI,368916923476,"12,150.58",,599743.47
01-Apr-2025,ATM CASH WITHDRAWAL/38501/JAIPUR,081703039123,"8,000.00",,591743.47
01-Apr-2025,SALARY CREDIT/S5465685761937/Mahindra Logistics Ltd,913116229872,,"76,858.74",668602.21
02-Apr-2025,UPI/DR/366651300699/Ola/PAYTM/olamoney@ola/UPI,005404685396,420.01,,668182.20
02-Apr-2025,UPI/DR/654556348194/Asha/BARB/3080003356@upi/UPI,534940018361,"2,650.47",,665531.73
02-Apr-2025,UPI/DR/038019056939/Flipkart/ICICI/flipkart@ybl/UPI,759272830987,"1,230.93",,664300.80
02-Apr-2025,UPI/DR/015843208559/Dunzo/ICICI/dunzo@razorpay/UPI,233213643741,"1,870.09",,662430.71
02-Apr-2025,UPI/DR/944168122947/BSNL/RAZORPAY/broadband@paytm/UPI,807784938313,899.00,,661531.71
03-Apr-2025,UPI/CR/172604079526/Anita/UTIB/anitanamb52@ptsbi/UPI,131379639014,,"17,800.30",679332.01
04-Apr-2025,UPI/DR/663523268359/Paytm/ICICI/paytm@paytm/UPI,987676453266,"1,710.21",,677621.80
05-Apr-2025,NACH/MANDATE/LN315555274144/Bajaj Finance Ltd,716037613324,"14,500.00",,663121.80
05-Apr-2025,POS RELIANCE PETROLEUM JAIPUR,158291656535,"3,200.34",,659921.46
06-Apr-2025,NACH/MANDATE/RNT1315437/RENT MANDATE,306723180664,"20,000.00",,639921.46
06-Apr-2025,UPI/DR/755666708949/Usha/BDBL/ushaahuj44@okaxis/UPI,393088352399,"20,500.10",,619421.36
07-Apr-2025,UPI/CR/502962784021/Santosh/UCBA/santosh865@ptaxis/UPI,037435952664,,"15,950.46",635371.82
07-Apr-2025,UPI/DR/141121368096/Rapido/PAYTM/rapido@icici/UPI,164460570604,240.66,,635131.16
08-Apr-2025,UPI/DR/005423297560/ICICI/LICI/licindia@licindia/UPI,814959518275,"4,300.00",,630831.16
08-Apr-2025,ATM CASH WITHDRAWAL/39959/JAIPUR,560455210380,"3,000.00",,627831.16
09-Apr-2025,POS BRAND FACTORY JAIPUR,271771006360,"3,100.10",,624731.06
09-Apr-2025,UPI/DR/508686747038/Swiggy/ICICI/swiggy@icici/UPI,475201121004,"1,650.02",,623081.04
10-Apr-2025,UPI/DR/397277967176/Jyoti/UTIB/4163765991@upi/UPI,404759145163,"12,100.09",,610980.95
11-Apr-2025,UPI/DR/252393090546/Anjali/UCBA/anjalishuk15@apl/UPI,430881881914,"1,200.17",,609780.78
11-Apr-2025,UPI/DR/798287799323/Spotify/ICICI/spotify@icici/UPI,299482262227,849.00,,608931.78
12-Apr-2025,UPI/DR/439515129607/Rani/FDRL/rani213@upi/UPI,249424729613,"2,350.31",,606581.47
12-Apr-2025,UPI/DR/263178321660/Dunzo/ICICI/dunzo@razorpay/UPI,830316398948,"1,550.97",,605030.50
13-Apr-2025,UPI/CR/918114214611/Sangita/KKBK/sangita.chaudhary@paytm/UPI,289918564486,,"11,000.79",616031.29
13-Apr-2025,POS SHOPPERS STOP JAIPUR,773998955537,"3,150.98",,612880.31
13-Apr-2025,ATM CASH WITHDRAWAL/31637/JAIPUR,841553701071,"9,000.00",,603880.31
15-Apr-2025,UPI/CR/500226740274/Vijay/FDRL/7682268319@okhdfcbank/UPI,315566245909,,"2,400.82",606281.13
16-Apr-2025,UPI/DR/335674174384/Vi/PAYTM/vi@airtelaxis/UPI,105487368595,879.00,,605402.13
16-Apr-2025,UPI/DR/590980857706/Swati/UTIB/swati991@pthdfc/UPI,193153391842,350.99,,605051.14
17-Apr-2025,UPI/DR/336871304354/Dunzo/ICICI/dunzo@razorpay/UPI,937324452902,220.89,,604830.25
17-Apr-2025,POS METRO CASH CARRY JAIPUR,637615186102,"6,800.88",,598029.37
17-Apr-2025,POS VISHAL MEGA MART JAIPUR,556377485768,"8,050.97",,589978.40
17-Apr-2025,UPI/DR/644287359717/Blinkit/ICICI/blinkit@kotak/UPI,735434584947,380.65,,589597.75
18-Apr-2025,UPI/DR/811554640226/Vishal/PUNB/3591502561@upi/UPI,749473214226,"16,150.46",,573447.29
18-Apr-2025,UPI/DR/660150082318/Flipkart/ICICI/flipkart@ybl/UPI,639012235786,"1,650.04",,571797.25
19-Apr-2025,NACH/MANDATE/SIP8757289/Axis Mutual Fund,824355030779,"12,500.00",,559297.25
19-Apr-2025,UPI/DR/190063567693/Vi/PAYTM/vi@airtelaxis/UPI,765269741130,859.00,,558438.25
19-Apr-2025,UPI/DR/396800821897/Dunzo/ICICI/dunzo@razorpay/UPI,410748046462,"2,020.53",,556417.72
20-Apr-2025,POS VISHAL MEGA MART JAIPUR,370889236032,"1,700.82",,554716.90
20-Apr-2025,UPI/DR/341601935971/Suresh/SBIN/suresh.tiwari@upi/UPI,965979078899,"8,900.35",,545816.55
20-Apr-2025,UPI/CR/672119249893/Vikas/UCBA/vikasmalh18@paytm/UPI,070478465084,,"3,000.28",548816.83
21-Apr-2025,UPI/DR/568509967163/Zomato/ICICI/zomato@axisbank/UPI,641753236745,"2,020.38",,546796.45
22-Apr-2025,UPI/DR/009164612453/TSSPDCL/UPIN/tsspdclpayment@upi/UPI,586822741793,"2,700.52",,544095.93
22-Apr-2025,UPI/DR/448038369572/Vi/PAYTM/vi@airtelaxis/UPI,033180966727,179.00,,543916.93
22-Apr-2025,UPI/DR/220788907619/Netmeds/ICICI/netmeds@paytm/UPI,494832739247,800.72,,543116.21
22-Apr-2025,UPI/DR/328992732898/Indane/ICICI/indanegas@upi/UPI,697813351302,"2,450.29",,540665.92
23-Apr-2025,ATM CASH WITHDRAWAL/08970/JAIPUR,390646528486,"1,500.00",,539165.92
24-Apr-2025,UPI/CR/409708802597/Yogesh/HDFC/2325833607@aubank/UPI,183703156718,,"18,800.07",557965.99
25-Apr-2025,POS HP PETROL PUMP JAIPUR,777650335034,"3,400.17",,554565.82
25-Apr-2025,UPI/DR/640518448629/Uber/ICICI/uber@paytm/UPI,035550458695,"1,100.67",,553465.15
26-Apr-2025,UPI/DR/920721052006/Blinkit/ICICI/blinkit@kotak/UPI,341961537303,910.92,,552554.23
26-Apr-2025,UPI/DR/934173783088/Amazon/PAYTM/amazon@apl/UPI,524019931335,"2,350.83",,550203.40
26-Apr-2025,UPI/DR/589117536662/Rekha/PUNB/2847674494@axl/UPI,857030140200,"17,000.95",,533202.45
26-Apr-2025,UPI/CR/256439727000/Rekha/PUNB/rekha190@ptyes/UPI,707751524642,,"14,000.03",547202.48
27-Apr-2025,UPI/DR/930418995266/PhonePe/ICICI/phonepe@ybl/UPI,406204227331,"2,480.19",,544722.29
27-Apr-2025,UPI/DR/579638850511/Uber/ICICI/uber@paytm/UPI,772908210311,350.65,,544371.64
28-Apr-2025,GST ON CHARGES,728393002849,61.20,,544310.44
28-Apr-2025,ACCOUNT MAINTENANCE FEE,984879170145,340.00,,543970.44
29-Apr-2025,UPI/DR/818045533072/Uber/PAYTM/uber@paytm/UPI,740087092518,410.51,,543559.93
29-Apr-2025,UPI/DR/759749469993/Ola/ICICI/olamoney@ola/UPI,266455579174,290.00,,543269.93
29-Apr-2025,UPI/DR/147962690310/Jio/ICICI/jio@paytm/UPI,401361511120,"1,230.43",,542039.50
29-Apr-2025,UPI/CR/322719198901/Sunita/UCBA/sunita714@ptsbi/UPI,036815542762,,"1,900.56",543940.06
30-Apr-2025,POS MAX FASHION JAIPUR,085582435258,"4,000.25",,539939.81
30-Apr-2025,UPI/DR/722280690650/Flipkart/ICICI/flipkart@ybl/UPI,951492096622,"1,780.02",,538159.79
30-Apr-2025,UPI/DR/117592052187/Zepto/ICICI/zepto@apl/UPI,492333816394,"1,690.04",,536469.75
01-May-2025,UPI/CR/438757949601/Arun/HDFC/arun.mishra@oksbi/UPI,015285192925,,"14,900.68",551370.43
01-May-2025,UPI/DR/954738665582/BigBasket/ICICI/bigbasket@ybl/UPI,524224239241,"1,300.98",,550069.45
01-May-2025,POS BIG BAZAAR JAIPUR,934403500549,850.86,,549218.59
01-May-2025,SALARY CREDIT/S4991893345675/Mahindra Logistics Ltd,222853271685,,"77,488.74",626707.33
03-May-2025,NACH/MANDATE/LN315555274144/Bajaj Finance Ltd,250326386009,"14,500.00",,612207.33
03-May-2025,UPI/DR/603993229644/PhonePe/ICICI/phonepe@ybl/UPI,948845904518,"2,160.69",,610046.64
03-May-2025,UPI/DR/636318559657/Paytm/ICICI/paytm@paytm/UPI,982933455776,380.77,,609665.87
05-May-2025,POS MAX FASHION JAIPUR,213760240660,"4,450.55",,605215.32
05-May-2025,UPI/DR/260261499932/Ola/ICICI/olamoney@ola/UPI,437629884071,140.29,,605075.03
06-May-2025,UPI/DR/393102516181/Mukesh/BARB/mukeshnaik44@oksbi/UPI,466244707252,"6,900.07",,598174.96
06-May-2025,NACH/MANDATE/RNT1872696/RENT MANDATE,741035502558,"20,000.00",,578174.96
06-May-2025,UPI/DR/360460706178/ICICI/LICI/licindia@licindia/UPI,683166187511,"4,300.00",,573874.96
06-May-2025,POS V MART JAIPUR,455464344053,"4,350.40",,569524.56
06-May-2025,UPI/DR/241626892755/Flipkart/ICICI/flipkart@ybl/UPI,680818328952,"1,150.12",,568374.44
06-May-2025,UPI/DR/360233736891/Jio/ICICI/jio@paytm/UPI,052267546954,560.08,,567814.36
07-May-2025,ATM CASH WITHDRAWAL/59093/JAIPUR,642667241460,"8,500.00",,559314.36
08-May-2025,UPI/DR/252306460450/Dunzo/ICICI/dunzo@razorpay/UPI,050799607049,300.83,,559013.53
09-May-2025,POS VISHAL MEGA MART JAIPUR,774172076903,850.98,,558162.55
09-May-2025,UPI/DR/279230261605/Vi/PAYTM/vi@airtelaxis/UPI,436241743877,299.00,,557863.55
09-May-2025,UPI/DR/197648650197/Vi/PAYTM/vi@airtelaxis/UPI,680310095912,849.00,,557014.55
10-May-2025,UPI/CR/779246148295/Vikram/BKID/vikramseth35@kotak/UPI,577968074816,,"12,600.97",569615.52
11-May-2025,UPI/DR/655976160779/Ola/ICICI/olamoney@ola/UPI,421583784168,"1,040.33",,568575.19
11-May-2025,UPI/DR/341654625015/Kiran/UTIB/kiranyada41@okicici/UPI,214228973525,"10,850.62",,557724.57
11-May-2025,POS SHELL FUEL STATION JAIPUR,315031260212,"2,300.05",,555424.52
11-May-2025,UPI/DR/861185899645/MedPlus/ICICI/medplus@icici/UPI,237075418989,"1,760.36",,553664.16
11-May-2025,UPI/DR/969697445985/Meesho/PAYTM/meesho@ybl/UPI,327217832249,"3,700.22",,549963.94
11-May-2025,UPI/CR/534046275057/Mohit/UCBA/mohit.roy@okaxis/UPI,319742783977,,"8,050.18",558014.12
11-May-2025,UPI/DR/790162387541/Flipkart/PAYTM/flipkart@ybl/UPI,391391622290,"1,750.97",,556263.15
11-May-2025,POS CENTRAL MALL JAIPUR,730224685896,"4,350.90",,551912.25
12-May-2025,UPI/DR/433925141034/Blinkit/ICICI/blinkit@kotak/UPI,987724458621,"1,030.94",,550881.31
12-May-2025,UPI/DR/391907606071/Blinkit/ICICI/blinkit@kotak/UPI,308961100148,140.81,,550740.50
12-May-2025,UPI/DR/079554555351/Ola/PAYTM/olamoney@ola/UPI,946246453948,660.40,,550080.10
12-May-2025,UPI/DR/482560451207/BigBasket/ICICI/bigbasket@ybl/UPI,412986131054,450.86,,549629.24
12-May-2025,UPI/CR/778873536549/Saurabh/SBIN/saurabh.saxena@apl/UPI,517183529134,,"11,300.73",560929.97
14-May-2025,UPI/DR/634872429147/Indane/ICICI/indanegas@upi/UPI,516258033645,"1,800.05",,559129.92
15-May-2025,UPI/CR/341533361647/Ankit/BDBL/3772570576@ibl/UPI,707914889012,,"11,600.24",570730.16
15-May-2025,UPI/CR/877116026182/Manish/UCBA/manish810@paytm/UPI,290777981947,,"20,850.89",591581.05
15-May-2025,UPI/DR/914847825850/Anita/UCBA/anita.agarwal@oksbi/UPI,451877879518,"10,050.22",,581530.83
17-May-2025,ATM CASH WITHDRAWAL/82770/JAIPUR,729789968814,"3,500.00",,578030.83
18-May-2025,UPI/CR/812506056461/Krishna/BARB/krishna.mishra@ptsbi/UPI,278064638513,,"16,950.49",594981.32
18-May-2025,UPI/DR/774779015634/TSSPDCL/UPIN/tsspdclpayment@upi/UPI,985600293928,"1,400.07",,593581.25
18-May-2025,UPI/DR/306772362219/Ola/PAYTM/olamoney@ola/UPI,781999389430,120.31,,593460.94
18-May-2025,NACH/MANDATE/SIP8332180/Axis Mutual Fund,144903344228,"12,500.00",,580960.94
19-May-2025,UPI/DR/139382026583/Sachin/FDRL/sachin645@kotak/UPI,788724633921,"7,900.51",,573060.43
20-May-2025,UPI/DR/405450788262/Amazon/ICICI/amazon@apl/UPI,837830475560,690.28,,572370.15
20-May-2025,POS SHELL FUEL STATION JAIPUR,497841558922,"2,450.61",,569919.54
20-May-2025,UPI/DR/321684858651/Uber/PAYTM/uber@paytm/UPI,273741458180,680.26,,569239.28
22-May-2025,UPI/DR/038912629281/BSNL/ICICI/bsnlbroadband@upi/UPI,227987179166,"2,240.17",,566999.11
23-May-2025,UPI/DR/380677814058/Nykaa/PAYTM/nykaa@razorpay/UPI,774518441995,"2,900.56",,564098.55
23-May-2025,UPI/CR/418489476071/Abhishek/BKID/abhishek.thapar@kotak/UPI,543529342005,,"18,100.92",582199.47
23-May-2025,UPI/DR/156721452777/Dunzo/ICICI/dunzo@razorpay/UPI,011363461984,"1,110.10",,581089.37
24-May-2025,UPI/DR/259782934959/Nikhil/BARB/nikhil.iyer@aubank/UPI,172011707679,"16,200.69",,564888.68
24-May-2025,UPI/DR/538726445699/Zepto/ICICI/zepto@apl/UPI,210832706121,"2,390.66",,562498.02
24-May-2025,UPI/DR/698866560463/Mina/HDFC/mina.malhotra@apl/UPI,104811717901,"4,050.84",,558447.18
24-May-2025,UPI/DR/735437514009/Rapido/PAYTM/rapido@icici/UPI,282555033233,630.86,,557816.32
26-May-2025,ATM CASH WITHDRAWAL/00854/JAIPUR,881076456508,"3,500.00",,554316.32
27-May-2025,UPI/CR/948351423842/Asha/HDFC/asha.ahuja@ybl/UPI,120005491510,,"5,100.40",559416.72
28-May-2025,ATM CASH WITHDRAWAL/89447/JAIPUR,850319890904,"1,000.00",,558416.72
29-May-2025,UPI/DR/792550658530/Vi/PAYTM/vi@airtelaxis/UPI,387344674404,849.00,,557567.72
29-May-2025,UPI/CR/586374410454/Kamal/BARB/kamalnaik87@ibl/UPI,093212762405,,"18,800.61",576368.33
29-May-2025,UPI/DR/024258759411/Pooja/BARB/2177631825@axl/UPI,817782111392,"15,350.55",,561017.78
30-May-2025,UPI/DR/331056976661/Paytm/ICICI/paytm@paytm/UPI,262216804381,"1,870.64",,559147.14
31-May-2025,POS V MART JAIPUR,576860778690,"4,100.68",,555046.46
31-May-2025,ATM CASH WITHDRAWAL/36836/JAIPUR,681565944248,"5,000.00",,550046.46
01-Jun-2025,POS SHELL FUEL STATION JAIPUR,070200156249,"1,200.34",,548846.12
01-Jun-2025,SALARY CREDIT/S6895347175489/Mahindra Logistics Ltd,971573556541,,"75,394.74",624240.86
02-Jun-2025,UPI/DR/966907475501/Varun/SBIN/varun.sharma@paytm/UPI,173576658817,250.89,,623989.97
02-Jun-2025,UPI/DR/799019193403/Manish/FDRL/4841980489@okaxis/UPI,912997556082,"12,850.25",,611139.72
02-Jun-2025,UPI/DR/908337459509/Flipkart/ICICI/flipkart@ybl/UPI,392167534437,"2,750.48",,608389.24
03-Jun-2025,UPI/DR/768931359038/Ola/PAYTM/olamoney@ola/UPI,039814288529,700.99,,607688.25
03-Jun-2025,UPI/DR/810616638368/Dunzo/ICICI/dunzo@razorpay/UPI,064181143147,680.88,,607007.37
03-Jun-2025,UPI/DR/881016017027/Dunzo/ICICI/dunzo@razorpay/UPI,071422654317,590.83,,606416.54
04-Jun-2025,UPI/DR/398379736003/ICICI/LICI/licindia@licindia/UPI,291117802986,"4,300.00",,602116.54
04-Jun-2025,UPI/DR/050197428924/Ola/PAYTM/olamoney@ola/UPI,952285457387,520.24,,601596.30
04-Jun-2025,UPI/DR/081964760390/Rapido/PAYTM/rapido@icici/UPI,999522439318,630.49,,600965.81
05-Jun-2025,NACH/MANDATE/RNT9736865/RENT MANDATE,800595821844,"20,000.00",,580965.81
05-Jun-2025,UPI/CR/481949229101/Varsha/BARB/varsha.joshi@okicici/UPI,423546277088,,"9,850.05",590815.86
05-Jun-2025,UPI/DR/562151932479/Varun/BARB/varun638@okhdfcbank/UPI,543525328426,300.87,,590514.99
05-Jun-2025,ATM CASH WITHDRAWAL/12341/JAIPUR,293729085106,"7,000.00",,583514.99
07-Jun-2025,UPI/DR/741007108783/Blinkit/ICICI/blinkit@kotak/UPI,135754763661,"2,260.16",,581254.83
08-Jun-2025,UPI/DR/309190499347/Dunzo/ICICI/dunzo@razorpay/UPI,003907985890,850.50,,580404.33
08-Jun-2025,ATM CASH WITHDRAWAL/83164/JAIPUR,333664685078,"6,000.00",,574404.33
09-Jun-2025,UPI/CR/591322716218/Radha/BARB/radha.chopra@ptaxis/UPI,424798470877,,"10,800.51",585204.84
09-Jun-2025,UPI/DR/471421454935/BSNL/RAZORPAY/broadband@paytm/UPI,023349678904,"1,049.00",,584155.84
09-Jun-2025,NACH/MANDATE/LN315555274144/Bajaj Finance Ltd,526972087235,"14,500.00",,569655.84
09-Jun-2025,UPI/DR/940478408653/Swiggy/ICICI/swiggy@icici/UPI,453727476750,810.03,,568845.81
11-Jun-2025,UPI/DR/907908712397/Vi/PAYTM/vi@airtelaxis/UPI,757990570705,999.00,,567846.81
11-Jun-2025,UPI/DR/255203777468/TSSPDCL/UPIN/tsspdclpayment@upi/UPI,645058851607,"3,850.03",,563996.78
12-Jun-2025,POS BIG BAZAAR JAIPUR,727900510627,"6,650.57",,557346.21
12-Jun-2025,UPI/CR/021073243034/Anita/BARB/anitakhan90@ybl/UPI,924323572544,,"11,750.60",569096.81
13-Jun-2025,UPI/DR/387860707540/Mohit/UTIB/mohitmukh26@kotak/UPI,816430870444,"2,850.26",,566246.55
13-Jun-2025,UPI/DR/133748595839/Vi/PAYTM/vi@airtelaxis/UPI,913195646097,249.00,,565997.55
13-Jun-2025,POS METRO CASH CARRY JAIPUR,285496867555,"8,350.36",,557647.19
14-Jun-2025,UPI/DR/212085749042/Priya/SBIN/priyadube69@kotak/UPI,818030548463,"8,850.49",,548796.70
14-Jun-2025,NACH/MANDATE/SIP9473592/Axis Mutual Fund,918928060421,"12,500.00",,536296.70
14-Jun-2025,POS SHELL FUEL STATION JAIPUR,848243841788,"3,750.65",,532546.05
14-Jun-2025,UPI/CR/531800986898/Kavita/BDBL/kavita487@ibl/UPI,787663394559,,"11,200.46",543746.51
15-Jun-2025,UPI/CR/109054827340/Ritu/HDFC/0874055420@ybl/UPI,293021609705,,"9,250.66",552997.17
16-Jun-2025,ATM CASH WITHDRAWAL/14882/JAIPUR,162677158018,"6,500.00",,546497.17
17-Jun-2025,IMPS-209347786618-Siddharth Jain,820101852610,"10,200.02",,536297.15
17-Jun-2025,UPI/DR/786477333128/Ola/ICICI/olamoney@ola/UPI,433519349218,"2,170.83",,534126.32
18-Jun-2025,UPI/DR/036650699212/Indane/ICICI/indanegas@upi/UPI,295262995182,"1,050.92",,533075.40
18-Jun-2025,POS CENTRAL MALL JAIPUR,947452078325,"3,800.27",,529275.13
19-Jun-2025,UPI/DR/014435431543/Sushma/FDRL/8774450843@ptaxis/UPI,024781671296,"18,500.04",,510775.09
19-Jun-2025,POS BHARAT PETROLEUM JAIPUR,016671170713,800.33,,509974.76
20-Jun-2025,ATM CASH WITHDRAWAL/51872/JAIPUR,069469980680,"1,500.00",,508474.76
21-Jun-2025,POS RELIANCE MART JAIPUR,200189811981,"7,150.92",,501323.84
21-Jun-2025,UPI/CR/574379202108/Arjun/KKBK/arjun.sharma@ibl/UPI,110170099622,,"14,650.95",515974.79
22-Jun-2025,UPI/DR/779881214858/Mamta/HDFC/mamtagupt76@axl/UPI,847669057137,"5,900.91",,510073.88
22-Jun-2025,POS CENTRAL MALL JAIPUR,657974788591,"4,900.70",,505173.18
22-Jun-2025,UPI/DR/240068282588/Dunzo/ICICI/dunzo@razorpay/UPI,534078785478,"2,080.18",,503093.00
23-Jun-2025,UPI/CR/796146791829/Poonam/BDBL/8123637957@ybl/UPI,601386370199,,300.10,503393.10
23-Jun-2025,UPI/DR/596575779310/Amazon/PAYTM/amazon@apl/UPI,136140529074,"4,750.01",,498643.09
25-Jun-2025,UPI/CR/548278085786/Prashant/SBIN/prashantdube89@ptsbi/UPI,116915906619,,"16,650.98",515294.07
26-Jun-2025,UPI/DR/222863874016/Ola/PAYTM/olamoney@ola/UPI,511659504471,580.93,,514713.14
26-Jun-2025,POS MORE SUPER MARKET JAIPUR,274661468671,"1,650.12",,513063.02
27-Jun-2025,GST ON CHARGES,428650592251,48.60,,513014.42
27-Jun-2025,ACCOUNT MAINTENANCE FEE,112561844893,270.00,,512744.42
28-Jun-2025,ATM CASH WITHDRAWAL/47971/JAIPUR,258545602636,"3,500.00",,509244.42
28-Jun-2025,UPI/DR/439064276643/Vi/PAYTM/vi@airtelaxis/UPI,780401480206,579.00,,508665.42
28-Jun-2025,ATM CASH WITHDRAWAL/87198/JAIPUR,043645755709,"8,000.00",,500665.42
28-Jun-2025,INTEREST CREDIT,899445936622,,60.95,500726.37
29-Jun-2025,UPI/DR/217881493757/Paytm/ICICI/paytm@paytm/UPI,049731548172,"2,270.67",,498455.70
29-Jun-2025,UPI/DR/539195651744/BigBasket/ICICI/bigbasket@ybl/UPI,776042262124,240.70,,498215.00
01-Jul-2025,UPI/CR/657715533023/Rajan/FDRL/rajan.dubey@okhdfcbank/UPI,788419648229,,"21,350.37",519565.37
01-Jul-2025,ATM CASH WITHDRAWAL/33785/JAIPUR,158345066093,"5,500.00",,514065.37
01-Jul-2025,UPI/CR/972630359645/Naveen/BDBL/naveen.kapoor@okicici/UPI,696432224963,,"3,300.20",517365.57
02-Jul-2025,SALARY CREDIT/S7176961638086/Mahindra Logistics Ltd,274620935176,,"75,940.74",593306.31
02-Jul-2025,POS SHELL FUEL STATION JAIPUR,450925158046,"3,150.27",,590156.04
02-Jul-2025,POS PANTALOONS JAIPUR,550534295242,"5,000.33",,585155.71
02-Jul-2025,ATM CASH WITHDRAWAL/77593/JAIPUR,093574837238,"3,000.00",,582155.71
02-Jul-2025,UPI/DR/469449982953/Vi/PAYTM/vi@airtelaxis/UPI,037007994395,319.00,,581836.71
03-Jul-2025,POS D MART JAIPUR,479349748204,"1,500.26",,580336.45
03-Jul-2025,UPI/DR/836815055361/Vi/PAYTM/vi@airtelaxis/UPI,099385487177,229.00,,580107.45
04-Jul-2025,NACH/MANDATE/RNT0010526/RENT MANDATE,042385689201,"20,000.00",,560107.45
05-Jul-2025,NACH/MANDATE/LN315555274144/Bajaj Finance Ltd,816107703963,"14,500.00",,545607.45
06-Jul-2025,UPI/DR/027195284991/Uber/PAYTM/uber@paytm/UPI,048053918674,600.23,,545007.22
06-Jul-2025,UPI/DR/496065273136/ICICI/LICI/licindia@licindia/UPI,564916370547,"4,300.00",,540707.22
08-Jul-2025,UPI/DR/124957099389/Flipkart/ICICI/flipkart@ybl/UPI,174485054479,"1,020.65",,539686.57
08-Jul-2025,UPI/DR/341197568174/Myntra/ICICI/myntra@ybl/UPI,810362598527,999.00,,538687.57
08-Jul-2025,POS STAR BAZAAR JAIPUR,288416242586,"8,350.16",,530337.41
09-Jul-2025,ATM CASH WITHDRAWAL/11161/JAIPUR,592160202720,"6,500.00",,523837.41
10-Jul-2025,UPI/DR/304154088850/TSSPDCL/UPIN/tsspdclpayment@upi/UPI,863121776720,"3,600.16",,520237.25
10-Jul-2025,UPI/DR/551879859384/Ola/ICICI/olamoney@ola/UPI,699071962141,620.53,,519616.72
10-Jul-2025,UPI/DR/612633933666/Prashant/UCBA/8228207266@okaxis/UPI,223851954966,"1,750.66",,517866.06
11-Jul-2025,POS INDIAN OIL JAIPUR,615959113457,"1,500.84",,516365.22
12-Jul-2025,UPI/DR/093366548438/Uber/PAYTM/uber@paytm/UPI,950708447788,620.27,,515744.95
12-Jul-2025,UPI/DR/729625980229/Uber/PAYTM/uber@paytm/UPI,305913401612,430.85,,515314.10
12-Jul-2025,UPI/CR/581309420129/Harish/BKID/harish836@axl/UPI,616033021597,,"19,050.00",534364.10
12-Jul-2025,UPI/DR/068402127332/Nykaa/PAYTM/nykaa@razorpay/UPI,190596317223,"2,000.40",,532363.70
13-Jul-2025,NEFT/N8698344320043/Wipro Limited,377660353720,,"15,500.11",547863.81
13-Jul-2025,UPI/DR/504262581089/Uber/PAYTM/uber@paytm/UPI,092642601035,410.09,,547453.72
13-Jul-2025,POS LIFESTYLE STORES JAIPUR,586567321161,"2,550.77",,544902.95
14-Jul-2025,UPI/CR/752438354441/Babita/BKID/3191551001@pthdfc/UPI,235526614229,,"3,050.01",547952.96
15-Jul-2025,UPI/DR/309405345947/Paytm/ICICI/paytm@paytm/UPI,204581100470,"1,740.80",,546212.16
16-Jul-2025,UPI/DR/829064024637/Amazon/ICICI/amazon@apl/UPI,813338791082,500.92,,545711.24
17-Jul-2025,UPI/DR/348295032063/Zepto/ICICI/zepto@apl/UPI,741710369356,"2,480.74",,543230.50
17-Jul-2025,NACH/MANDATE/SIP3637734/Axis Mutual Fund,763548836337,"12,500.00",,530730.50
17-Jul-2025,UPI/DR/375902641660/Girish/HDFC/girishiyer11@aubank/UPI,156257630776,"21,300.85",,509429.65
18-Jul-2025,UPI/DR/718228501436/BSNL/ICICI/bsnlbroadband@upi/UPI,680642135754,430.76,,508998.89
18-Jul-2025,UPI/DR/615210145608/Dunzo/ICICI/dunzo@razorpay/UPI,684260033955,550.80,,508448.09
18-Jul-2025,UPI/DR/915827128864/Vi/PAYTM/vi@airtelaxis/UPI,903895085842,399.00,,508049.09
19-Jul-2025,UPI/DR/002466198112/Manoj/HDFC/manoj.dubey@ibl/UPI,213115492753,"3,750.49",,504298.60
19-Jul-2025,UPI/DR/652070007753/Indane/ICICI/indanegas@upi/UPI,746152360518,"2,750.84",,501547.76
19-Jul-2025,UPI/DR/103611311103/Anita/UCBA/anita756@ptsbi/UPI,825595107993,"6,400.04",,495147.72
20-Jul-2025,UPI/CR/530675372494/Arun/SBIN/arunthap37@pthdfc/UPI,400665504226,,"6,600.30",501748.02
22-Jul-2025,UPI/DR/341122148550/Mohan/HDFC/9071290939@apl/UPI,776319057498,450.04,,501297.98
23-Jul-2025,UPI/DR/268112236022/Jio/ICICI/jio@paytm/UPI,334129047666,"2,210.60",,499087.38
24-Jul-2025,UPI/DR/316400427487/Zomato/ICICI/zomato@axisbank/UPI,709764470985,"1,100.17",,497987.21
24-Jul-2025,UPI/DR/450982925908/BigBasket/ICICI/bigbasket@ybl/UPI,204988255450,"2,670.67",,495316.54
24-Jul-2025,POS D MART JAIPUR,035665461349,"4,700.89",,490615.65
25-Jul-2025,POS MAX FASHION JAIPUR,394062949496,"3,250.36",,487365.29
28-Jul-2025,UPI/DR/456669322190/Ola/PAYTM/olamoney@ola/UPI,555288075809,680.45,,486684.84
29-Jul-2025,UPI/CR/061805863884/Sarita/HDFC/sarita458@okicici/UPI,568299926927,,"12,600.38",499285.22
30-Jul-2025,UPI/DR/505281688149/Dunzo/ICICI/dunzo@razorpay/UPI,565545362305,"1,440.05",,497845.17
30-Jul-2025,UPI/DR/856700862630/Zomato/ICICI/zomato@axisbank/UPI,457529413825,"1,000.87",,496844.30
30-Jul-2025,ATM CASH WITHDRAWAL/11778/JAIPUR,069598199610,"6,000.00",,490844.30
30-Jul-2025,UPI/DR/470372789974/Zomato/ICICI/zomato@axisbank/UPI,583683674765,"2,140.92",,488703.38
30-Jul-2025,UPI/CR/708697530974/Shivam/KKBK/shivam795@aubank/UPI,068974708912,,"3,700.67",492404.05
01-Aug-2025,UPI/DR/911213073142/Swiggy/ICICI/swiggy@icici/UPI,945708716203,"1,500.61",,490903.44
01-Aug-2025,POS CENTRAL MALL JAIPUR,006590726416,"6,250.70",,484652.74
01-Aug-2025,UPI/DR/728630461769/BigBasket/ICICI/bigbasket@ybl/UPI,691174054304,"2,150.30",,482502.44
02-Aug-2025,SALARY CREDIT/S8211609137818/Mahindra Logistics Ltd,706554708390,,"77,982.74",560485.18
02-Aug-2025,UPI/DR/380247713990/Zomato/ICICI/zomato@axisbank/UPI,880236505745,910.66,,559574.52
02-Aug-2025,UPI/CR/956629147562/Ajay/UCBA/ajay554@ybl/UPI,025680769167,,"13,150.73",572725.25
03-Aug-2025,UPI/DR/416179715499/Myntra/PAYTM/myntra@ybl/UPI,976559491677,"2,000.13",,570725.12
03-Aug-2025,UPI/DR/669766334337/Uber/PAYTM/uber@paytm/UPI,689316098436,610.56,,570114.56
04-Aug-2025,UPI/DR/199173739859/Ola/ICICI/olamoney@ola/UPI,101985328103,"1,690.09",,568424.47
04-Aug-2025,NACH/MANDATE/RNT0476941/RENT MANDATE,210459134539,"20,000.00",,548424.47
04-Aug-2025,POS BRAND FACTORY JAIPUR,110734196116,"5,550.16",,542874.31
04-Aug-2025,NACH/MANDATE/LN315555274144/Bajaj Finance Ltd,528975196506,"14,500.00",,528374.31
04-Aug-2025,UPI/DR/175504548940/Blinkit/ICICI/blinkit@kotak/UPI,835660075701,"1,490.80",,526883.51
05-Aug-2025,UPI/DR/324511133110/BSNL/RAZORPAY/broadband@paytm/UPI,040999890421,549.00,,526334.51
05-Aug-2025,UPI/DR/869753070447/Zepto/ICICI/zepto@apl/UPI,094190867972,"2,480.59",,523853.92
06-Aug-2025,POS STAR BAZAAR JAIPUR,208966744548,700.46,,523153.46
06-Aug-2025,ATM CASH WITHDRAWAL/74194/JAIPUR,202040413167,"2,500.00",,520653.46
06-Aug-2025,UPI/DR/501654595469/Apollo/ICICI/apollopharmacy@ybl/UPI,635571041817,450.68,,520202.78
07-Aug-2025,UPI/DR/150639463935/Flipkart/PAYTM/flipkart@ybl/UPI,331530751397,"1,000.81",,519201.97
07-Aug-2025,UPI/DR/935304187870/Siddharth/UTIB/siddharth.tiwari@ybl/UPI,559834393714,"11,250.79",,507951.18
07-Aug-2025,UPI/CR/295225395014/Yogesh/UTIB/yogeshkapo50@ptaxis/UPI,776538752757,,"15,700.91",523652.09
08-Aug-2025,UPI/DR/858424843072/Zomato/ICICI/zomato@axisbank/UPI,924811304486,"1,970.97",,521681.12
09-Aug-2025,UPI/DR/383920137662/Vishal/PUNB/vishal.dubey@ibl/UPI,142992797718,"18,950.12",,502731.00
09-Aug-2025,NEFT/N9598827663995/Bharti Airtel Ltd,868287115251,,"52,000.87",554731.87
09-Aug-2025,UPI/DR/870694148865/Vi/PAYTM/vi@airtelaxis/UPI,514726139206,479.00,,554252.87
09-Aug-2025,UPI/DR/666144293741/Amazon/PAYTM/amazon@apl/UPI,849392780439,"2,650.35",,551602.52
10-Aug-2025,UPI/DR/334585725409/Rajan/UTIB/9017178660@upi/UPI,605962431294,"8,900.29",,542702.23
10-Aug-2025,UPI/DR/033683653482/Vi/PAYTM/vi@airtelaxis/UPI,547220189945,199.00,,542503.23
11-Aug-2025,UPI/CR/310780012122/Siddharth/BDBL/siddharth959@okhdfcbank/UPI,734022427200,,"12,700.21",555203.44
13-Aug-2025,UPI/DR/159003738819/ICICI/LICI/licindia@licindia/UPI,669139379921,"4,300.00",,550903.44
13-Aug-2025,UPI/DR/177022519519/Indane/ICICI/indanegas@upi/UPI,143215492373,"2,700.35",,548203.09
13-Aug-2025,UPI/DR/838008796424/Ola/ICICI/olamoney@ola/UPI,248237188926,400.40,,547802.69
13-Aug-2025,POS HP PETROL PUMP JAIPUR,466284538896,"1,750.10",,546052.59
14-Aug-2025,UPI/DR/320680527271/Ola/ICICI/olamoney@ola/UPI,243536869067,820.97,,545231.62
14-Aug-2025,UPI/CR/371726250990/Sneha/FDRL/5643576647@kotak/UPI,663826408187,,"20,400.97",565632.59
15-Aug-2025,ATM CASH WITHDRAWAL/03979/JAIPUR,080924648645,"5,500.00",,560132.59
16-Aug-2025,NACH/MANDATE/SIP5130538/Axis Mutual Fund,627788994040,"12,500.00",,547632.59
16-Aug-2025,UPI/DR/663556288685/Vi/PAYTM/vi@airtelaxis/UPI,678787757369,459.00,,547173.59
17-Aug-2025,UPI/CR/806314282030/Shweta/FDRL/shweta.kumar@ptaxis/UPI,842828004598,,"5,800.33",552973.92
18-Aug-2025,POS STAR BAZAAR JAIPUR,620555157073,"8,200.03",,544773.89
18-Aug-2025,UPI/DR/786144874251/PhonePe/ICICI/phonepe@ybl/UPI,405390621850,"1,000.48",,543773.41
18-Aug-2025,UPI/DR/344023481999/Uber/PAYTM/uber@paytm/UPI,337867922229,290.73,,543482.68
18-Aug-2025,UPI/CR/319091123516/Geeta/SBIN/geeta.dubey@kotak/UPI,462877005559,,"5,000.97",548483.65
19-Aug-2025,UPI/DR/676465672228/Paytm/ICICI/paytm@paytm/UPI,988522036070,550.14,,547933.51
19-Aug-2025,POS INDIAN OIL JAIPUR,838649755608,"4,450.98",,543482.53
19-Aug-2025,UPI/DR/908760713031/TSSPDCL/UPIN/tsspdclpayment@upi/UPI,905670612621,"1,150.14",,542332.39
20-Aug-2025,UPI/DR/286030440370/Arun/SBIN/arunchop53@ybl/UPI,067471721883,"16,800.29",,525532.10
21-Aug-2025,UPI/CR/277085310388/Saurabh/SBIN/saurabh.khanna@ptyes/UPI,112360818164,,"19,300.45",544832.55
21-Aug-2025,POS MORE SUPER MARKET JAIPUR,498444395232,"5,800.14",,539032.41
22-Aug-2025,UPI/DR/756428194884/Paytm/ICICI/paytm@paytm/UPI,678591433409,"2,520.37",,536512.04
23-Aug-2025,UPI/DR/127544613190/Uber/PAYTM/uber@paytm/UPI,785286750989,220.99,,536291.05
24-Aug-2025,UPI/DR/101044282020/Myntra/ICICI/myntra@ybl/UPI,761639908912,849.00,,535442.05
26-Aug-2025,UPI/DR/773026604128/Uber/ICICI/uber@paytm/UPI,691095316128,970.83,,534471.22
26-Aug-2025,UPI/DR/710275728436/Sushma/SBIN/4483593101@pthdfc/UPI,278493228576,"13,950.25",,520520.97
27-Aug-2025,UPI/DR/585942098815/Ola/PAYTM/olamoney@ola/UPI,797122267396,360.61,,520160.36
28-Aug-2025,UPI/DR/921191603581/Kavita/UCBA/kavita.mukherjee@kotak/UPI,642359291829,"13,950.87",,506209.49
28-Aug-2025,UPI/CR/361767623532/Yogesh/BKID/1883176960@ptyes/UPI,255905479177,,"6,450.13",512659.62
30-Aug-2025,ATM CASH WITHDRAWAL/46603/JAIPUR,802106367976,"6,500.00",,506159.62
31-Aug-2025,UPI/CR/729958732482/Lata/PUNB/lata486@oksbi/UPI,744883278412,,"5,550.63",511710.25
01-Sep-2025,UPI/DR/330162153223/Mamta/BARB/8823676262@ptyes/UPI,196390292444,"3,400.54",,508309.71
01-Sep-2025,UPI/CR/595264462916/Lalit/UTIB/lalitchat56@aubank/UPI,705756275546,,"21,650.44",529960.15
02-Sep-2025,UPI/CR/430703355424/Priya/UTIB/2800287397@upi/UPI,799729875653,,"17,100.25",547060.40
02-Sep-2025,UPI/DR/734920114953/Anita/HDFC/anitaverm66@kotak/UPI,174155712220,"7,800.92",,539259.48
04-Sep-2025,SALARY CREDIT/S9292667971001/Mahindra Logistics Ltd,765099743347,,"77,912.74",617172.22
04-Sep-2025,UPI/DR/898592270669/BigBasket/ICICI/bigbasket@ybl/UPI,692652135147,500.27,,616671.95
06-Sep-2025,IMPS-187144529464-Girish Iyer,993866862273,"30,800.38",,585871.57
07-Sep-2025,NACH/MANDATE/RNT0695677/RENT MANDATE,206315748424,"20,000.00",,565871.57
08-Sep-2025,NACH/MANDATE/LN315555274144/Bajaj Finance Ltd,222571965748,"14,500.00",,551371.57
08-Sep-2025,UPI/DR/114453026692/Myntra/PAYTM/myntra@ybl/UPI,250641713438,"3,400.67",,547970.90
08-Sep-2025,UPI/DR/235711836467/Ola/ICICI/olamoney@ola/UPI,185411440246,140.36,,547830.54
08-Sep-2025,UPI/DR/298967413547/ICICI/LICI/licindia@licindia/UPI,031071022220,"4,300.00",,543530.54
08-Sep-2025,UPI/DR/774277155360/PhonePe/ICICI/phonepe@ybl/UPI,364744076335,"2,060.55",,541469.99
09-Sep-2025,POS SHELL FUEL STATION JAIPUR,880285974786,"3,450.91",,538019.08
09-Sep-2025,UPI/DR/806777605323/Vi/PAYTM/vi@airtelaxis/UPI,881724500686,239.00,,537780.08
10-Sep-2025,UPI/DR/747918358456/Amazon/ICICI/amazon@apl/UPI,155141162011,"1,550.56",,536229.52
10-Sep-2025,UPI/DR/084897083052/Ola/PAYTM/olamoney@ola/UPI,020331425557,290.23,,535939.29
10-Sep-2025,UPI/DR/489532072585/Rani/FDRL/ranibane75@ibl/UPI,773246314893,"10,650.74",,525288.55
11-Sep-2025,UPI/CR/901711676521/Kunal/UTIB/kunal192@ybl/UPI,416838389484,,"18,500.81",543789.36
11-Sep-2025,UPI/DR/954556865205/PhonePe/ICICI/phonepe@ybl/UPI,087430562849,"2,470.41",,541318.95
12-Sep-2025,UPI/DR/070814368556/Rapido/PAYTM/rapido@icici/UPI,076887692998,140.18,,541178.77
12-Sep-2025,ATM CASH WITHDRAWAL/69447/JAIPUR,979910847211,"7,500.00",,533678.77
12-Sep-2025,UPI/DR/517378734395/Vi/PAYTM/vi@airtelaxis/UPI,339652601638,499.00,,533179.77
13-Sep-2025,UPI/CR/633880839314/Amit/HDFC/amitdutt59@ybl/UPI,498523731807,,"12,400.48",545580.25
13-Sep-2025,UPI/DR/318195998140/Uber/PAYTM/uber@paytm/UPI,375303232758,140.68,,545439.57
14-Sep-2025,UPI/DR/457722694106/Vi/PAYTM/vi@airtelaxis/UPI,144253454200,549.00,,544890.57
14-Sep-2025,ATM CASH WITHDRAWAL/96175/JAIPUR,058920718830,"5,500.00",,539390.57
15-Sep-2025,UPI/DR/429437118379/Jio/ICICI/jio@paytm/UPI,195109394358,230.21,,539160.36
15-Sep-2025,UPI/DR/319582933438/Myntra/PAYTM/myntra@ybl/UPI,979563779257,"5,750.78",,533409.58
16-Sep-2025,UPI/DR/504243792250/BSNL/RAZORPAY/broadband@paytm/UPI,594646077655,"1,099.00",,532310.58
16-Sep-2025,UPI/CR/178447963573/Preeti/BKID/preeti.patel@oksbi/UPI,502141585523,,"12,500.35",544810.93
16-Sep-2025,POS INDIAN OIL JAIPUR,886324656297,"1,500.32",,543310.61
16-Sep-2025,UPI/DR/313278625349/1mg/ICICI/tatahealth@icici/UPI,762033417723,"2,280.67",,541029.94
17-Sep-2025,POS BIG BAZAAR JAIPUR,958595180271,"3,000.87",,538029.07
19-Sep-2025,NACH/MANDATE/SIP0741700/Axis Mutual Fund,420551790799,"12,500.00",,525529.07
19-Sep-2025,POS SHELL FUEL STATION JAIPUR,220851195554,"2,900.00",,522629.07
20-Sep-2025,UPI/CR/381117250324/Gopal/BDBL/6594606091@aubank/UPI,137686222589,,"6,900.49",529529.56
22-Sep-2025,UPI/DR/745658447902/TSSPDCL/UPIN/tsspdclpayment@upi/UPI,177552326206,"3,250.09",,526279.47
23-Sep-2025,UPI/DR/068784756933/Indane/ICICI/indanegas@upi/UPI,738593412315,"1,400.92",,524878.55
23-Sep-2025,UPI/DR/356156373616/PhonePe/ICICI/phonepe@ybl/UPI,060108656104,"1,600.16",,523278.39
24-Sep-2025,UPI/DR/667736309498/Vi/PAYTM/vi@airtelaxis/UPI,343671736853,459.00,,522819.39
24-Sep-2025,UPI/DR/390996583785/Vi/PAYTM/vi@airtelaxis/UPI,362020629227,229.00,,522590.39
24-Sep-2025,POS RELIANCE PETROLEUM JAIPUR,431773392816,"1,750.29",,520840.10
24-Sep-2025,UPI/DR/934743482569/Uber/PAYTM/uber@paytm/UPI,113591050682,510.57,,520329.53
25-Sep-2025,INTEREST CREDIT,614776369476,,190.21,520519.74
26-Sep-2025,UPI/DR/783881444356/Uber/PAYTM/uber@paytm/UPI,508150554283,560.87,,519958.87
26-Sep-2025,ACCOUNT MAINTENANCE FEE,436345341766,150.00,,519808.87
26-Sep-2025,GST ON CHARGES,508579064746,27.00,,519781.87
26-Sep-2025,POS STAR BAZAAR JAIPUR,575612165999,"1,000.35",,518781.52
27-Sep-2025,UPI/DR/983692385789/Ola/PAYTM/olamoney@ola/UPI,972689885205,80.05,,518701.47
30-Sep-2025,UPI/DR/773491035623/Usha/KKBK/2798273156@upi/UPI,225318418970,"19,800.06",,498901.41
30-Sep-2025,POS LIFESTYLE STORES JAIPUR,889740751356,"2,400.60",,496500.81
01-Oct-2025,SALARY CREDIT/S0345391574827/Mahindra Logistics Ltd,212885229800,,"78,843.74",575344.55
01-Oct-2025,UPI/DR/435246248633/BSNL/ICICI/bsnlbroadband@upi/UPI,710121279159,"1,240.49",,574104.06
01-Oct-2025,POS STAR BAZAAR JAIPUR,912934785539,"8,000.78",,566103.28
01-Oct-2025,UPI/DR/210520579720/Poonam/UCBA/poonam560@paytm/UPI,117103362634,"3,400.18",,562703.10
02-Oct-2025,UPI/CR/300836912273/Sunita/KKBK/sunitajosh45@ybl/UPI,719127012771,,"4,100.34",566803.44
02-Oct-2025,UPI/DR/399618827230/Blinkit/ICICI/blinkit@kotak/UPI,735881079752,640.18,,566163.26
02-Oct-2025,NACH/MANDATE/RNT2300069/RENT MANDATE,201883687901,"20,000.00",,546163.26
03-Oct-2025,POS CENTRAL MALL JAIPUR,271294654897,"2,850.97",,543312.29
04-Oct-2025,NACH/MANDATE/LN315555274144/Bajaj Finance Ltd,615762841331,"14,500.00",,528812.29
04-Oct-2025,POS D MART JAIPUR,220622768164,"7,050.92",,521761.37
05-Oct-2025,UPI/DR/863743677805/Amazon/ICICI/amazon@apl/UPI,955461173116,210.40,,521550.97
05-Oct-2025,UPI/DR/217411184624/ICICI/LICI/licindia@licindia/UPI,909018670190,"4,300.00",,517250.97
06-Oct-2025,POS SHELL FUEL STATION JAIPUR,669385029342,"4,100.99",,513149.98
06-Oct-2025,UPI/CR/936899168688/Varun/UCBA/6947516950@apl/UPI,283839403686,,"2,900.29",516050.27
06-Oct-2025,UPI/DR/477970654878/BSNL/RAZORPAY/broadband@paytm/UPI,880407736636,999.00,,515051.27
07-Oct-2025,UPI/DR/803164663689/Amazon/PAYTM/amazon@apl/UPI,236187996311,"4,700.91",,510350.36
07-Oct-2025,UPI/CR/695145898112/Mamta/SBIN/mamta966@ptsbi/UPI,811905950930,,"20,650.83",531001.19
07-Oct-2025,ATM CASH WITHDRAWAL/44588/JAIPUR,126153901868,"5,000.00",,526001.19
08-Oct-2025,UPI/CR/749666038611/Swati/BKID/swati279@okicici/UPI,673860376130,,"12,000.40",538001.59
08-Oct-2025,UPI/DR/690168996297/Paytm/ICICI/paytm@paytm/UPI,736714355719,"1,250.15",,536751.44
09-Oct-2025,ATM CASH WITHDRAWAL/10846/JAIPUR,253337932255,"6,500.00",,530251.44
10-Oct-2025,UPI/DR/650599397535/Mohit/KKBK/mohitnair94@ptyes/UPI,177692389302,"7,950.93",,522300.51
10-Oct-2025,UPI/DR/301919181374/Vi/PAYTM/vi@airtelaxis/UPI,796168135028,699.00,,521601.51
11-Oct-2025,POS BHARAT PETROLEUM JAIPUR,862565690874,"3,450.25",,518151.26
11-Oct-2025,UPI/DR/878564527251/Uber/ICICI/uber@paytm/UPI,402544903098,180.30,,517970.96
12-Oct-2025,POS MORE SUPER MARKET JAIPUR,245338800945,"6,600.77",,511370.19
13-Oct-2025,NEFT/N8553989010554/Tata Consultancy Ser,377253574388,,"28,000.19",539370.38
13-Oct-2025,UPI/DR/951781210218/Uber/ICICI/uber@paytm/UPI,572553781118,"2,590.79",,536779.59
13-Oct-2025,POS CENTRAL MALL JAIPUR,382406619025,"6,800.98",,529978.61
14-Oct-2025,UPI/DR/928547255532/Myntra/PAYTM/myntra@ybl/UPI,480922612198,"2,000.18",,527978.43
14-Oct-2025,NACH/MANDATE/SIP0967634/Axis Mutual Fund,993774691165,"12,500.00",,515478.43
15-Oct-2025,UPI/DR/566424965862/Swati/UCBA/8250891203@paytm/UPI,873505483284,"3,600.82",,511877.61
16-Oct-2025,UPI/DR/653194953871/Ola/PAYTM/olamoney@ola/UPI,499146896549,130.21,,511747.40
16-Oct-2025,UPI/DR/807584070836/Myntra/ICICI/myntra@ybl/UPI,429273492342,249.00,,511498.40
16-Oct-2025,UPI/DR/064251979379/TSSPDCL/UPIN/tsspdclpayment@upi/UPI,854428478749,"3,800.60",,507697.80
17-Oct-2025,ATM CASH WITHDRAWAL/74367/JAIPUR,772466910125,"4,000.00",,503697.80
17-Oct-2025,UPI/DR/499421757462/Asha/BARB/asha.thapar@ptaxis/UPI,718023189260,"7,750.10",,495947.70
18-Oct-2025,UPI/DR/052885313697/Deepak/HDFC/9561797681@ybl/UPI,558376938260,"10,900.98",,485046.72
19-Oct-2025,UPI/DR/317561044673/Ola/PAYTM/olamoney@ola/UPI,141347079804,110.61,,484936.11
19-Oct-2025,UPI/DR/709309683102/Ola/PAYTM/olamoney@ola/UPI,206972799486,710.59,,484225.52
19-Oct-2025,UPI/DR/867589507047/Uber/PAYTM/uber@paytm/UPI,151530356564,610.63,,483614.89
21-Oct-2025,UPI/DR/055320827848/Vi/PAYTM/vi@airtelaxis/UPI,532074881624,419.00,,483195.89
21-Oct-2025,UPI/DR/399582334634/Rapido/PAYTM/rapido@icici/UPI,766867170324,690.85,,482505.04
23-Oct-2025,POS CENTRAL MALL JAIPUR,216436498915,"3,150.73",,479354.31
23-Oct-2025,UPI/DR/573265559280/Vi/PAYTM/vi@airtelaxis/UPI,206676469838,759.00,,478595.31
23-Oct-2025,UPI/DR/809595971367/Indane/ICICI/indanegas@upi/UPI,489912534056,"2,100.42",,476494.89
24-Oct-2025,UPI/CR/714156854165/Santosh/KKBK/santoshnamb49@okaxis/UPI,374270389868,,"7,800.95",484295.84
25-Oct-2025,UPI/DR/660274652514/Dunzo/ICICI/dunzo@razorpay/UPI,822134383066,"1,380.93",,482914.91
25-Oct-2025,ATM CASH WITHDRAWAL/58055/JAIPUR,455010019596,"1,000.00",,481914.91
26-Oct-2025,UPI/DR/477300252075/Dunzo/ICICI/dunzo@razorpay/UPI,960676738765,180.46,,481734.45
26-Oct-2025,UPI/DR/973176963957/Zomato/ICICI/zomato@axisbank/UPI,334456469659,"2,270.71",,479463.74
27-Oct-2025,POS V MART JAIPUR,471639487388,"6,250.02",,473213.72
27-Oct-2025,POS METRO CASH CARRY JAIPUR,508097983348,"1,100.34",,472113.38
28-Oct-2025,UPI/DR/957799931059/Rapido/PAYTM/rapido@icici/UPI,411505895186,420.80,,471692.58
28-Oct-2025,GST ON CHARGES,106583783678,46.80,,471645.78
28-Oct-2025,ACCOUNT MAINTENANCE FEE,228651529142,260.00,,471385.78
29-Oct-2025,UPI/DR/789403472870/Uber/ICICI/uber@paytm/UPI,038065410493,"2,200.82",,469184.96
29-Oct-2025,UPI/DR/850470568001/Naresh/BKID/naresh.pillai@apl/UPI,363953416717,"17,900.40",,451284.56
29-Oct-2025,UPI/DR/600247960087/Vi/PAYTM/vi@airtelaxis/UPI,916097349911,709.00,,450575.56
30-Oct-2025,POS D MART JAIPUR,892922633152,"1,450.00",,449125.56
31-Oct-2025,UPI/DR/288806232808/PhonePe/ICICI/phonepe@ybl/UPI,026005721678,520.49,,448605.07
31-Oct-2025,UPI/DR/973578778672/BigBasket/ICICI/bigbasket@ybl/UPI,802425375698,"2,460.01",,446145.06
31-Oct-2025,UPI/DR/091445720873/Ola/ICICI/olamoney@ola/UPI,767763766427,650.36,,445494.70
01-Nov-2025,ATM CASH WITHDRAWAL/67773/JAIPUR,784250182661,"7,500.00",,437994.70
02-Nov-2025,POS SHELL FUEL STATION JAIPUR,882728756561,"4,150.49",,433844.21
03-Nov-2025,UPI/DR/870852585989/Zomato/ICICI/zomato@axisbank/UPI,052632992155,"1,610.21",,432234.00
03-Nov-2025,UPI/DR/719419486412/Vi/PAYTM/vi@airtelaxis/UPI,260202057079,459.00,,431775.00
03-Nov-2025,UPI/CR/172000993132/Anil/BDBL/anilnamb48@pthdfc/UPI,839344855479,,"12,500.11",444275.11
04-Nov-2025,UPI/DR/541193836211/Flipkart/PAYTM/flipkart@ybl/UPI,326727669069,"4,850.48",,439424.63
04-Nov-2025,SALARY CREDIT/S9094269173108/Mahindra Logistics Ltd,365536258538,,"75,001.74",514426.37
04-Nov-2025,UPI/DR/963415504393/Paytm/ICICI/paytm@paytm/UPI,582712760683,"1,710.03",,512716.34
05-Nov-2025,ATM CASH WITHDRAWAL/74648/JAIPUR,979453562457,"5,500.00",,507216.34
06-Nov-2025,UPI/DR/452948324484/BigBasket/ICICI/bigbasket@ybl/UPI,389256068993,830.24,,506386.10
06-Nov-2025,UPI/DR/786425245499/BigBasket/ICICI/bigbasket@ybl/UPI,453143323840,560.85,,505825.25
06-Nov-2025,UPI/DR/382121628831/Jio/ICICI/jio@paytm/UPI,170861365264,310.71,,505514.54
07-Nov-2025,UPI/DR/347906845966/Jio/ICICI/jio@paytm/UPI,058188440150,"2,800.07",,502714.47
07-Nov-2025,UPI/DR/305300016237/Ankit/KKBK/ankit.srivastava@ptyes/UPI,316254732454,"16,700.31",,486014.16
07-Nov-2025,UPI/DR/073646624253/Blinkit/ICICI/blinkit@kotak/UPI,076729412291,"1,500.77",,484513.39
09-Nov-2025,NACH/MANDATE/RNT1540647/RENT MANDATE,391642876817,"20,000.00",,464513.39
11-Nov-2025,NACH/MANDATE/LN315555274144/Bajaj Finance Ltd,804783570868,"14,500.00",,450013.39
12-Nov-2025,UPI/DR/857320948422/Ola/PAYTM/olamoney@ola/UPI,888423865718,590.03,,449423.36
12-Nov-2025,UPI/DR/652259360536/Saurabh/PUNB/saurabh.saxena@ptaxis/UPI,542399198878,"10,100.64",,439322.72
12-Nov-2025,UPI/DR/703514609131/ICICI/LICI/licindia@licindia/UPI,575216586242,"4,300.00",,435022.72
12-Nov-2025,UPI/DR/759854044276/Deepak/HDFC/3132843735@oksbi/UPI,380918073410,"3,150.35",,431872.37
12-Nov-2025,UPI/DR/203813369788/Neha/BDBL/neha.malhotra@oksbi/UPI,335466692771,"3,450.23",,428422.14
12-Nov-2025,UPI/DR/971775032437/TSSPDCL/UPIN/tsspdclpayment@upi/UPI,938670631279,"1,050.14",,427372.00
14-Nov-2025,UPI/CR/291800360742/Manoj/SBIN/manoj.banerjee@okaxis/UPI,991131435939,,"9,900.89",437272.89
14-Nov-2025,NEFT/N3347547676366/Maruti Suzuki India,691630225658,,"35,500.92",472773.81
14-Nov-2025,POS MAX FASHION JAIPUR,110297646214,"3,150.97",,469622.84
15-Nov-2025,UPI/DR/507196031837/Amazon/ICICI/amazon@apl/UPI,700142437550,"1,130.96",,468491.88
16-Nov-2025,UPI/DR/235874476429/Vi/PAYTM/vi@airtelaxis/UPI,779194231900,249.00,,468242.88
16-Nov-2025,UPI/DR/856498932911/Ola/PAYTM/olamoney@ola/UPI,770360317992,680.28,,467562.60
17-Nov-2025,UPI/CR/630534302983/Deepak/BDBL/8560876597@okhdfcbank/UPI,810921418684,,"19,750.74",487313.34
17-Nov-2025,UPI/DR/023723295582/Sneha/HDFC/4730305100@upi/UPI,808554331427,450.66,,486862.68
17-Nov-2025,POS MAX FASHION JAIPUR,132050681777,"2,050.41",,484812.27
17-Nov-2025,NACH/MANDATE/SIP1769778/Axis Mutual Fund,165268465163,"12,500.00",,472312.27
17-Nov-2025,UPI/DR/946939900329/Flipkart/ICICI/flipkart@ybl/UPI,988855473590,420.28,,471891.99
17-Nov-2025,UPI/DR/637544942656/Rapido/PAYTM/rapido@icici/UPI,555384681161,600.71,,471291.28
18-Nov-2025,UPI/CR/082841100627/Kapil/PUNB/kapil453@okicici/UPI,848250138007,,"5,300.22",476591.50
21-Nov-2025,UPI/DR/545304162085/Rajesh/PUNB/rajesh173@upi/UPI,715263104696,"21,000.01",,455591.49
21-Nov-2025,POS INDIAN OIL JAIPUR,280695383517,"2,650.20",,452941.29
21-Nov-2025,UPI/DR/897705890278/Jio/ICICI/jio@paytm/UPI,333762952450,"1,690.61",,451250.68
22-Nov-2025,UPI/DR/825497490251/Zomato/ICICI/zomato@axisbank/UPI,803295389860,"1,900.61",,449350.07
22-Nov-2025,POS BRAND FACTORY JAIPUR,033339051176,"1,300.87",,448049.20
23-Nov-2025,UPI/DR/352678662986/Indane/ICICI/indanegas@upi/UPI,561191205921,"1,400.73",,446648.47
23-Nov-2025,UPI/DR/179965238599/Amit/UCBA/6840013068@ptsbi/UPI,016097717105,"3,000.03",,443648.44
23-Nov-2025,UPI/DR/873918028822/Dunzo/ICICI/dunzo@razorpay/UPI,562541524223,870.97,,442777.47
23-Nov-2025,UPI/DR/653468292679/BigBasket/ICICI/bigbasket@ybl/UPI,112158627695,"1,670.78",,441106.69
23-Nov-2025,POS INDIAN OIL JAIPUR,737127383359,"3,400.66",,437706.03
23-Nov-2025,ATM CASH WITHDRAWAL/53218/JAIPUR,461382816417,"1,000.00",,436706.03
23-Nov-2025,UPI/DR/252411292345/Zepto/ICICI/zepto@apl/UPI,412910320733,"2,180.00",,434526.03
23-Nov-2025,POS VISHAL MEGA MART JAIPUR,723948704308,"3,700.34",,430825.69
23-Nov-2025,UPI/DR/654377108045/Sneha/BARB/7805170992@ptsbi/UPI,690615289180,"7,700.62",,423125.07
24-Nov-2025,POS BHARAT PETROLEUM JAIPUR,049653949675,"4,450.48",,418674.59
26-Nov-2025,UPI/DR/788707991706/Kavita/FDRL/9666892286@okhdfcbank/UPI,920726972747,"8,900.54",,409774.05
26-Nov-2025,UPI/CR/005812302219/Lata/FDRL/4932253308@paytm/UPI,795293015892,,"9,100.31",418874.36
26-Nov-2025,UPI/DR/827123246071/Zepto/ICICI/zepto@apl/UPI,037111031792,380.12,,418494.24
26-Nov-2025,UPI/DR/273251002514/Dinesh/KKBK/dinesh.jain@apl/UPI,638912330191,"15,100.34",,403393.90
28-Nov-2025,ACCOUNT MAINTENANCE FEE,956983574972,300.00,,403093.90
28-Nov-2025,GST ON CHARGES,230489385461,54.00,,403039.90
28-Nov-2025,UPI/DR/771102644660/Radha/BARB/radhasriv24@ibl/UPI,315746467865,"10,100.96",,392938.94
29-Nov-2025,UPI/DR/692792244291/BSNL/RAZORPAY/broadband@paytm/UPI,564433313527,449.00,,392489.94
29-Nov-2025,UPI/DR/578906135637/1mg/ICICI/tatahealth@icici/UPI,121816008518,"1,500.69",,390989.25
30-Nov-2025,UPI/DR/818687472923/Flipkart/ICICI/flipkart@ybl/UPI,224501982453,"2,790.63",,388198.62
30-Nov-2025,UPI/DR/993891098187/Ola/ICICI/olamoney@ola/UPI,688544687191,"2,610.22",,385588.40
01-Dec-2025,ATM CASH WITHDRAWAL/14256/JAIPUR,910740456331,"1,000.00",,384588.40
01-Dec-2025,UPI/CR/178146780077/Rajesh/HDFC/rajesh373@pthdfc/UPI,561698749615,,"18,450.29",403038.69
01-Dec-2025,UPI/DR/382874284768/Rahul/BARB/rahul.sen@paytm/UPI,211994046600,"20,000.73",,383037.96
01-Dec-2025,UPI/DR/162352859093/Maya/FDRL/2311908304@okhdfcbank/UPI,255057342764,"6,550.18",,376487.78
01-Dec-2025,UPI/CR/159297486364/Gaurav/BDBL/gaurav343@ptaxis/UPI,744587479994,,"11,700.57",388188.35
02-Dec-2025,SALARY CREDIT/S6982610017600/Mahindra Logistics Ltd,752299242124,,"78,772.74",466961.09
02-Dec-2025,UPI/DR/319004275906/Nykaa/ICICI/nykaa@razorpay/UPI,069307123748,699.00,,466262.09
03-Dec-2025,UPI/DR/719005904735/Jio/ICICI/jio@paytm/UPI,516499296271,950.69,,465311.40
03-Dec-2025,POS MAX FASHION JAIPUR,591813927194,"5,300.89",,460010.51
04-Dec-2025,NACH/MANDATE/LN315555274144/Bajaj Finance Ltd,416153073184,"14,500.00",,445510.51
04-Dec-2025,UPI/CR/398130781242/Vijay/KKBK/vijay448@okaxis/UPI,636658681492,,"14,850.72",460361.23
05-Dec-2025,UPI/DR/900191008902/Flipkart/ICICI/flipkart@ybl/UPI,834535472011,750.04,,459611.19
06-Dec-2025,UPI/DR/370008823954/Vi/PAYTM/vi@airtelaxis/UPI,415349170225,699.00,,458912.19
07-Dec-2025,NACH/MANDATE/RNT4217073/RENT MANDATE,469647909051,"20,000.00",,438912.19
07-Dec-2025,UPI/DR/776343387724/Flipkart/ICICI/flipkart@ybl/UPI,580249295772,"2,130.32",,436781.87
07-Dec-2025,UPI/DR/706480871247/Flipkart/PAYTM/flipkart@ybl/UPI,012529200699,"5,850.32",,430931.55
07-Dec-2025,UPI/DR/736433016566/Zomato/ICICI/zomato@axisbank/UPI,063027655087,"1,860.23",,429071.32
08-Dec-2025,ATM CASH WITHDRAWAL/32392/JAIPUR,458445455965,"8,500.00",,420571.32
08-Dec-2025,UPI/DR/012079723758/Jio/ICICI/jio@paytm/UPI,759934093729,"2,190.81",,418380.51
08-Dec-2025,UPI/DR/541320529054/BSNL/ICICI/bsnlbroadband@upi/UPI,847292896985,"1,670.64",,416709.87
09-Dec-2025,UPI/DR/519827435827/Nykaa/ICICI/nykaa@razorpay/UPI,525319719074,699.00,,416010.87
10-Dec-2025,UPI/DR/152372982356/ICICI/LICI/licindia@licindia/UPI,962073991349,"4,300.00",,411710.87
10-Dec-2025,UPI/DR/962740168502/Rapido/PAYTM/rapido@icici/UPI,802659848580,80.72,,411630.15
11-Dec-2025,UPI/DR/622606406733/Blinkit/ICICI/blinkit@kotak/UPI,585761714052,780.09,,410850.06
11-Dec-2025,UPI/DR/125537536720/Gopal/UCBA/2511172205@ptyes/UPI,282358315078,"16,950.66",,393899.40
11-Dec-2025,UPI/DR/612981559858/Shivam/HDFC/3811219374@paytm/UPI,173576332632,"5,050.50",,388848.90
11-Dec-2025,UPI/DR/274337801356/Shweta/PUNB/shweta958@axl/UPI,212177649487,"8,650.92",,380197.98
11-Dec-2025,ATM CASH WITHDRAWAL/92394/JAIPUR,362433083026,"10,000.00",,370197.98
12-Dec-2025,UPI/DR/848297671852/Ola/PAYTM/olamoney@ola/UPI,761019823202,150.89,,370047.09
12-Dec-2025,ATM CASH WITHDRAWAL/46047/JAIPUR,477860726154,"7,500.00",,362547.09
12-Dec-2025,UPI/DR/613840892621/Rapido/PAYTM/rapido@icici/UPI,576748312268,730.48,,361816.61
13-Dec-2025,UPI/DR/083029308490/BSNL/RAZORPAY/broadband@paytm/UPI,929425325245,"1,299.00",,360517.61
13-Dec-2025,ATM CASH WITHDRAWAL/53775/JAIPUR,487822453884,"5,000.00",,355517.61
13-Dec-2025,UPI/DR/207627120444/Ola/PAYTM/olamoney@ola/UPI,668615626675,890.65,,354626.96
15-Dec-2025,UPI/CR/810388102692/Amit/UTIB/amitbane62@ptyes/UPI,227341005618,,"1,350.29",355977.25
16-Dec-2025,UPI/CR/971999200462/Girish/FDRL/girishshuk25@paytm/UPI,784596440240,,"16,400.83",372378.08
16-Dec-2025,UPI/DR/653629456678/Mukesh/BARB/mukeshgupt45@ptaxis/UPI,388118324184,"1,650.96",,370727.12
17-Dec-2025,NACH/MANDATE/SIP9373889/Axis Mutual Fund,507036068121,"12,500.00",,358227.12
17-Dec-2025,POS MORE SUPER MARKET JAIPUR,970264282989,"5,350.29",,352876.83
18-Dec-2025,UPI/DR/732373578437/Vi/PAYTM/vi@airtelaxis/UPI,824523783432,869.00,,352007.83
18-Dec-2025,UPI/DR/561857257454/Vikram/BDBL/5830991379@upi/UPI,517323394011,"2,800.12",,349207.71
18-Dec-2025,UPI/DR/766993378456/Ola/ICICI/olamoney@ola/UPI,912335524806,"2,470.50",,346737.21
18-Dec-2025,ATM CASH WITHDRAWAL/10392/JAIPUR,922367702592,"2,000.00",,344737.21
19-Dec-2025,UPI/DR/514426603188/TSSPDCL/UPIN/tsspdclpayment@upi/UPI,824372525550,800.98,,343936.23
19-Dec-2025,UPI/CR/018354025580/Shivam/BKID/shivam.dutta@ibl/UPI,602337233542,,"11,750.17",355686.40
19-Dec-2025,POS SHELL FUEL STATION JAIPUR,103654972998,"4,400.70",,351285.70
20-Dec-2025,UPI/CR/906272671996/Anil/HDFC/5931959856@ibl/UPI,444897948571,,"18,450.17",369735.87
20-Dec-2025,UPI/DR/064416436091/Zepto/ICICI/zepto@apl/UPI,786081665831,"2,340.75",,367395.12
20-Dec-2025,UPI/DR/254169239506/Ola/ICICI/olamoney@ola/UPI,191067894745,"2,260.26",,365134.86
21-Dec-2025,UPI/DR/390179293966/Shivam/SBIN/shivam.mukherjee@okhdfcbank/UPI,570098481432,"17,400.57",,347734.29
22-Dec-2025,UPI/DR/589736652316/Zepto/ICICI/zepto@apl/UPI,062197347533,"2,730.99",,345003.30
22-Dec-2025,POS SHELL FUEL STATION JAIPUR,015150321084,"4,450.65",,340552.65
23-Dec-2025,UPI/DR/002253703303/Flipkart/PAYTM/flipkart@ybl/UPI,789830486924,"5,200.53",,335352.12
23-Dec-2025,UPI/DR/886815622242/Vi/PAYTM/vi@airtelaxis/UPI,293635481998,619.00,,334733.12
23-Dec-2025,UPI/DR/521288005887/Indane/ICICI/indanegas@upi/UPI,261604133389,"2,450.15",,332282.97
23-Dec-2025,UPI/DR/449211906359/Vi/PAYTM/vi@airtelaxis/UPI,135096097578,549.00,,331733.97
23-Dec-2025,UPI/CR/545276407134/Vivek/SBIN/vivek817@ybl/UPI,258891874472,,"2,300.86",334034.83
23-Dec-2025,UPI/CR/272576698982/Girish/PUNB/7777550849@paytm/UPI,665723203292,,"21,200.21",355235.04
23-Dec-2025,UPI/DR/520726959870/Rapido/PAYTM/rapido@icici/UPI,949488997711,90.09,,355144.95
24-Dec-2025,UPI/CR/510490550642/Rohit/FDRL/3905375502@upi/UPI,288239205862,,"20,000.69",375145.64
24-Dec-2025,UPI/DR/951834028021/Priya/KKBK/priyasriv19@okaxis/UPI,710624734079,"6,450.25",,368695.39
24-Dec-2025,UPI/DR/114142014089/PhonePe/ICICI/phonepe@ybl/UPI,143895479510,850.05,,367845.34
24-Dec-2025,UPI/DR/830862427609/Amazon/PAYTM/amazon@apl/UPI,110570248666,"2,750.97",,365094.37
24-Dec-2025,UPI/DR/768749057924/Flipkart/ICICI/flipkart@ybl/UPI,124337995268,"2,160.84",,362933.53
25-Dec-2025,INTEREST CREDIT,696043385000,,755.92,363689.45
26-Dec-2025,ATM CASH WITHDRAWAL/80898/JAIPUR,451179072075,"2,500.00",,361189.45
26-Dec-2025,ACCOUNT MAINTENANCE FEE,993736427711,340.00,,360849.45
26-Dec-2025,GST ON CHARGES,517380619716,61.20,,360788.25
28-Dec-2025,UPI/DR/279262143479/Dunzo/ICICI/dunzo@razorpay/UPI,668179499131,"1,220.43",,359567.82
28-Dec-2025,UPI/DR/517688423907/Uber/ICICI/uber@paytm/UPI,169533024937,"1,330.28",,358237.54
28-Dec-2025,POS D MART JAIPUR,769187307616,"3,150.09",,355087.45
29-Dec-2025,UPI/DR/527661278394/Uber/ICICI/uber@paytm/UPI,922178070300,630.73,,354456.72
29-Dec-2025,UPI/CR/834328517692/Pallavi/BKID/8576789178@ptyes/UPI,571284034569,,250.81,354707.53
31-Dec-2025,UPI/DR/021930952008/PhonePe/ICICI/phonepe@ybl/UPI,908550643068,"1,350.16",,353357.37
02-Jan-2026,UPI/CR/294331121249/Mohan/SBIN/8144393834@axl/UPI,749935036336,,"12,550.38",365907.75
02-Jan-2026,POS METRO CASH CARRY JAIPUR,763796812817,600.70,,365307.05
03-Jan-2026,SALARY CREDIT/S8564994420175/Mahindra Logistics Ltd,243664332697,,"76,650.74",441957.79
04-Jan-2026,POS INDIAN OIL JAIPUR,485159385771,"3,950.39",,438007.40
04-Jan-2026,UPI/DR/571864746122/ICICI/LICI/licindia@licindia/UPI,202249478947,"4,300.00",,433707.40
04-Jan-2026,UPI/DR/328886615720/Poonam/FDRL/6538273600@ptaxis/UPI,555605012216,"12,800.89",,420906.51
07-Jan-2026,IMPS-590325640903-Himanshu Sen,574823471192,"34,900.03",,386006.48
07-Jan-2026,UPI/DR/127950333363/Archana/BDBL/4239463534@axl/UPI,552789344101,"21,350.51",,364655.97
07-Jan-2026,ATM CASH WITHDRAWAL/41390/JAIPUR,733347753231,"8,000.00",,356655.97
08-Jan-2026,POS STAR BAZAAR JAIPUR,352757199168,"5,800.53",,350855.44
08-Jan-2026,UPI/DR/320876289515/Jio/ICICI/jio@paytm/UPI,858427276274,"2,610.47",,348244.97
08-Jan-2026,UPI/DR/965866398891/Rakesh/UTIB/5223793510@kotak/UPI,225928894086,"7,750.81",,340494.16
08-Jan-2026,NACH/MANDATE/RNT1586640/RENT MANDATE,595522653159,"20,000.00",,320494.16
09-Jan-2026,UPI/DR/578352587920/Amazon/ICICI/amazon@apl/UPI,272990710474,"1,970.31",,318523.85
09-Jan-2026,UPI/CR/348960131899/Rani/BDBL/ranikulk96@pthdfc/UPI,954879618993,,"1,500.65",320024.50
09-Jan-2026,UPI/DR/580629959842/Babita/UCBA/babita.tiwari@ibl/UPI,928415172361,"3,850.64",,316173.86
09-Jan-2026,NACH/MANDATE/LN315555274144/Bajaj Finance Ltd,100199773048,"14,500.00",,301673.86
10-Jan-2026,UPI/CR/124511979304/Santosh/UCBA/santoshsriv20@okaxis/UPI,092082138494,,"18,000.76",319674.62
12-Jan-2026,UPI/CR/206850082549/Sapna/PUNB/2330862735@paytm/UPI,421851805153,,"9,850.75",329525.37
13-Jan-2026,UPI/DR/148820761737/Zepto/ICICI/zepto@apl/UPI,814970520047,"1,030.35",,328495.02
14-Jan-2026,UPI/DR/597020557657/Babita/UTIB/babita.bajaj@kotak/UPI,189887024614,"3,200.57",,325294.45
14-Jan-2026,ATM CASH WITHDRAWAL/41023/JAIPUR,399632575437,"4,500.00",,320794.45
15-Jan-2026,NACH/MANDATE/SIP7562556/Axis Mutual Fund,907697159867,"12,500.00",,308294.45
15-Jan-2026,POS BRAND FACTORY JAIPUR,903854326256,"2,000.38",,306294.07
16-Jan-2026,UPI/CR/113906731240/Krishna/UTIB/krishna.reddy@ptsbi/UPI,486331250223,,"7,000.96",313295.03
17-Jan-2026,UPI/DR/671370128183/Amazon/PAYTM/amazon@apl/UPI,624455344376,"3,850.06",,309444.97
17-Jan-2026,UPI/DR/603974272947/Rapido/PAYTM/rapido@icici/UPI,454672149742,610.25,,308834.72
18-Jan-2026,UPI/DR/664043842924/Sapna/FDRL/6848995046@oksbi/UPI,903276640528,"7,250.05",,301584.67
18-Jan-2026,UPI/DR/461062439180/BSNL/RAZORPAY/broadband@paytm/UPI,774120065821,449.00,,301135.67
19-Jan-2026,UPI/DR/948744484160/TSSPDCL/UPIN/tsspdclpayment@upi/UPI,905300509719,"3,550.17",,297585.50
19-Jan-2026,UPI/DR/905342119624/Rapido/PAYTM/rapido@icici/UPI,988636794952,610.62,,296974.88
19-Jan-2026,UPI/DR/174643871070/BigBasket/ICICI/bigbasket@ybl/UPI,519186671443,600.21,,296374.67
19-Jan-2026,POS INDIAN OIL JAIPUR,172320547899,"4,400.51",,291974.16
19-Jan-2026,UPI/DR/428174146495/Vi/PAYTM/vi@airtelaxis/UPI,964594443855,659.00,,291315.16
20-Jan-2026,UPI/DR/051902151364/Indane/ICICI/indanegas@upi/UPI,593573663338,"1,100.39",,290214.77
20-Jan-2026,UPI/DR/874169945137/Flipkart/PAYTM/flipkart@ybl/UPI,706777841958,"5,750.38",,284464.39
21-Jan-2026,UPI/DR/250994821251/Rapido/PAYTM/rapido@icici/UPI,033865395183,100.05,,284364.34
21-Jan-2026,UPI/CR/459279258252/Rekha/BKID/rekhadas91@ptsbi/UPI,091147881384,,"6,150.04",290514.38
21-Jan-2026,UPI/DR/850955728416/Myntra/ICICI/myntra@ybl/UPI,790699182727,949.00,,289565.38
22-Jan-2026,UPI/DR/976479280011/Manish/BKID/manish.mukherjee@ybl/UPI,546470739860,"3,750.52",,285814.86
23-Jan-2026,UPI/DR/332496895716/Dunzo/ICICI/dunzo@razorpay/UPI,732426779035,750.17,,285064.69
23-Jan-2026,UPI/DR/389894966373/Dinesh/BDBL/4745992317@paytm/UPI,958051388450,"21,750.58",,263314.11
23-Jan-2026,UPI/DR/671824485573/Meesho/PAYTM/meesho@ybl/UPI,261542008103,"4,400.79",,258913.32
23-Jan-2026,UPI/DR/190945606561/Swiggy/ICICI/swiggy@icici/UPI,578847453821,"2,630.10",,256283.22
23-Jan-2026,UPI/DR/826501385748/Jio/ICICI/jio@paytm/UPI,551893997030,"1,720.37",,254562.85
24-Jan-2026,UPI/DR/094120881657/Ola/PAYTM/olamoney@ola/UPI,535439031387,390.27,,254172.58
24-Jan-2026,ATM CASH WITHDRAWAL/09114/JAIPUR,347546768800,"7,500.00",,246672.58
25-Jan-2026,UPI/DR/655199606043/Nykaa/ICICI/nykaa@razorpay/UPI,708345998867,349.00,,246323.58
26-Jan-2026,UPI/DR/977075081996/Vishal/BDBL/vishalshah58@apl/UPI,841890320837,"11,300.49",,235023.09
26-Jan-2026,UPI/DR/578017063698/Vi/PAYTM/vi@airtelaxis/UPI,802824018372,629.00,,234394.09
26-Jan-2026,ATM CASH WITHDRAWAL/10583/JAIPUR,122017356103,"8,000.00",,226394.09
26-Jan-2026,UPI/DR/248906235904/Flipkart/ICICI/flipkart@ybl/UPI,152423846349,"2,620.36",,223773.73
26-Jan-2026,UPI/CR/296681027531/Nisha/BKID/nisha303@ptaxis/UPI,853926637389,,"11,900.33",235674.06
27-Jan-2026,UPI/DR/751903045946/Ola/PAYTM/olamoney@ola/UPI,447393419440,680.95,,234993.11
27-Jan-2026,UPI/DR/267980161119/Netmeds/ICICI/netmeds@paytm/UPI,457155446916,"1,290.51",,233702.60
28-Jan-2026,UPI/DR/739093008814/Divya/FDRL/divyamalh89@pthdfc/UPI,304144948233,"4,650.45",,229052.15
28-Jan-2026,UPI/DR/128994663958/Paytm/ICICI/paytm@paytm/UPI,289479231492,"2,010.91",,227041.24
28-Jan-2026,UPI/DR/056828841074/Zepto/ICICI/zepto@apl/UPI,341003608111,"2,690.08",,224351.16
28-Jan-2026,UPI/CR/853974971312/Vikram/PUNB/vikram.gupta@upi/UPI,055745757710,,"11,100.88",235452.04
30-Jan-2026,GST ON CHARGES,689759980577,45.00,,235407.04
30-Jan-2026,UPI/CR/672781932047/Ashish/UTIB/ashish.reddy@paytm/UPI,391215492056,,"7,050.06",242457.10
30-Jan-2026,ACCOUNT MAINTENANCE FEE,017297265759,250.00,,242207.10
01-Feb-2026,SALARY CREDIT/S2483861882991/Mahindra Logistics Ltd,827801897884,,"79,338.74",321545.84
02-Feb-2026,ATM CASH WITHDRAWAL/15549/JAIPUR,814924897525,"9,500.00",,312045.84
02-Feb-2026,UPI/DR/843178305786/Ola/ICICI/olamoney@ola/UPI,749998688257,220.65,,311825.19
02-Feb-2026,POS RELIANCE MART JAIPUR,603806259702,"2,850.88",,308974.31
02-Feb-2026,UPI/DR/446827402529/Ola/ICICI/olamoney@ola/UPI,733885394910,"1,490.47",,307483.84
03-Feb-2026,UPI/DR/925769128405/Nikhil/FDRL/6413747383@ybl/UPI,285803814597,"5,600.30",,301883.54
03-Feb-2026,ATM CASH WITHDRAWAL/21354/JAIPUR,955109632647,"8,500.00",,293383.54
03-Feb-2026,UPI/DR/390701174777/Zomato/ICICI/zomato@axisbank/UPI,650528845091,600.82,,292782.72
03-Feb-2026,UPI/CR/098348970358/Sunil/PUNB/1126776337@ybl/UPI,655703302587,,"20,350.51",313133.23
04-Feb-2026,NACH/MANDATE/RNT2001832/RENT MANDATE,076817542221,"20,000.00",,293133.23
05-Feb-2026,ATM CASH WITHDRAWAL/50544/JAIPUR,446106400748,"6,000.00",,287133.23
05-Feb-2026,UPI/DR/361502249739/Zomato/ICICI/zomato@axisbank/UPI,223027579804,"1,460.64",,285672.59
05-Feb-2026,UPI/DR/703578348045/Ola/PAYTM/olamoney@ola/UPI,203576102190,90.79,,285581.80
06-Feb-2026,UPI/DR/213321434510/BSNL/RAZORPAY/broadband@paytm/UPI,196198664331,"1,199.00",,284382.80
06-Feb-2026,NACH/MANDATE/LN315555274144/Bajaj Finance Ltd,035108064265,"14,500.00",,269882.80
06-Feb-2026,POS BIG BAZAAR JAIPUR,573062087408,"1,400.83",,268481.97
06-Feb-2026,UPI/DR/724129369899/ICICI/LICI/licindia@licindia/UPI,206149254787,"4,300.00",,264181.97
07-Feb-2026,UPI/DR/680980827193/Dunzo/ICICI/dunzo@razorpay/UPI,632248740492,680.38,,263501.59
07-Feb-2026,UPI/DR/495365966673/Uber/PAYTM/uber@paytm/UPI,724580991993,170.49,,263331.10
08-Feb-2026,UPI/CR/772379194867/Vandana/KKBK/8824751472@aubank/UPI,156441107149,,"13,750.79",277081.89
08-Feb-2026,UPI/DR/250600604117/Zepto/ICICI/zepto@apl/UPI,351885313731,"2,090.70",,274991.19
10-Feb-2026,UPI/DR/161663927011/Dunzo/ICICI/dunzo@razorpay/UPI,101175316081,"2,700.36",,272290.83
11-Feb-2026,UPI/DR/103448656193/Neha/BKID/neha.iyer@okicici/UPI,011484569788,"11,600.97",,260689.86
11-Feb-2026,UPI/DR/717431313407/Dunzo/ICICI/dunzo@razorpay/UPI,465838386132,230.51,,260459.35
12-Feb-2026,UPI/DR/788082851727/Vi/PAYTM/vi@airtelaxis/UPI,039445631539,299.00,,260160.35
12-Feb-2026,UPI/DR/278590969411/TSSPDCL/UPIN/tsspdclpayment@upi/UPI,966271564892,"2,200.15",,257960.20
12-Feb-2026,UPI/DR/779637591913/Myntra/ICICI/myntra@ybl/UPI,356168669753,899.00,,257061.20
12-Feb-2026,UPI/DR/676558765449/Paytm/ICICI/paytm@paytm/UPI,008639459004,120.98,,256940.22
12-Feb-2026,ATM CASH WITHDRAWAL/57030/JAIPUR,894845540286,"1,500.00",,255440.22
14-Feb-2026,UPI/CR/497581331604/Kapil/BKID/kapil950@pthdfc/UPI,900930384935,,"12,100.21",267540.43
14-Feb-2026,UPI/DR/649772972888/Uber/ICICI/uber@paytm/UPI,949445128929,"2,380.85",,265159.58
15-Feb-2026,UPI/DR/086335835421/Rapido/PAYTM/rapido@icici/UPI,882277460983,340.99,,264818.59
15-Feb-2026,UPI/DR/123862994245/Nykaa/PAYTM/nykaa@razorpay/UPI,629777845347,"4,050.36",,260768.23
15-Feb-2026,UPI/CR/259872419011/Gaurav/HDFC/gauravghos91@kotak/UPI,937758562188,,450.00,261218.23
15-Feb-2026,UPI/DR/836375916072/Manish/SBIN/manish255@ptaxis/UPI,767096714142,"20,100.82",,241117.41
16-Feb-2026,NACH/MANDATE/SIP6565792/Axis Mutual Fund,066431888766,"12,500.00",,228617.41
16-Feb-2026,UPI/DR/332874885016/Rapido/PAYTM/rapido@icici/UPI,904622155457,690.33,,227927.08
16-Feb-2026,UPI/DR/219711206698/Myntra/PAYTM/myntra@ybl/UPI,428458924592,400.25,,227526.83
16-Feb-2026,UPI/DR/767254174528/Swiggy/ICICI/swiggy@icici/UPI,537253732174,"1,820.77",,225706.06
17-Feb-2026,UPI/CR/793934303721/Anil/BARB/1327945288@axl/UPI,115373445475,,200.79,225906.85
18-Feb-2026,UPI/CR/091097125503/Rani/HDFC/rani.singh@apl/UPI,714924874757,,"14,300.53",240207.38
18-Feb-2026,UPI/DR/186682132006/Amazon/ICICI/amazon@apl/UPI,396814878595,"1,200.13",,239007.25
19-Feb-2026,UPI/CR/019916764097/Ankit/KKBK/ankit.srivastava@ptaxis/UPI,432586698643,,"10,150.27",249157.52
20-Feb-2026,UPI/DR/442559607387/Zepto/ICICI/zepto@apl/UPI,226760927979,"2,220.86",,246936.66
22-Feb-2026,UPI/DR/400071523116/Lata/FDRL/3011065423@okicici/UPI,841187545195,650.07,,246286.59
22-Feb-2026,POS RELIANCE PETROLEUM JAIPUR,799092649946,"1,750.33",,244536.26
22-Feb-2026,UPI/CR/644309322609/Ravi/BDBL/ravi941@kotak/UPI,772170805218,,800.54,245336.80
23-Feb-2026,ATM CASH WITHDRAWAL/53676/JAIPUR,270009851133,"9,500.00",,235836.80
24-Feb-2026,UPI/CR/451419122340/Seema/BKID/seema128@oksbi/UPI,548376168331,,"11,000.64",246837.44
24-Feb-2026,UPI/DR/330904721406/Indane/ICICI/indanegas@upi/UPI,351473968167,"2,650.92",,244186.52
24-Feb-2026,UPI/DR/980587443097/Uber/PAYTM/uber@paytm/UPI,461704914663,880.92,,243305.60
24-Feb-2026,UPI/DR/278553527400/Vi/PAYTM/vi@airtelaxis/UPI,643123681971,229.00,,243076.60
25-Feb-2026,UPI/DR/364649464003/Paytm/ICICI/paytm@paytm/UPI,204286614831,"2,500.89",,240575.71
25-Feb-2026,UPI/DR/880105517548/Amazon/ICICI/amazon@apl/UPI,896419450093,"1,030.54",,239545.17
26-Feb-2026,UPI/DR/325386669100/Rapido/PAYTM/rapido@icici/UPI,759193216900,100.22,,239444.95
26-Feb-2026,ACCOUNT MAINTENANCE FEE,584340008324,380.00,,239064.95
26-Feb-2026,GST ON CHARGES,904560690283,68.40,,238996.55
27-Feb-2026,POS HP PETROL PUMP JAIPUR,194117406359,"3,700.95",,235295.60
27-Feb-2026,IMPS-344037927071-Amit Reddy,198786660688,"6,400.65",,228894.95
28-Feb-2026,ATM CASH WITHDRAWAL/51621/JAIPUR,744548944167,"5,500.00",,223394.95
28-Feb-2026,UPI/DR/281692103889/Nikhil/SBIN/0485271095@ptaxis/UPI,407236249401,"11,250.38",,212144.57
01-Mar-2026,UPI/DR/397333775606/Flipkart/ICICI/flipkart@ybl/UPI,626802937937,710.45,,211434.12
01-Mar-2026,UPI/DR/430647994300/Jio/ICICI/jio@paytm/UPI,353371556365,"1,680.68",,209753.44
01-Mar-2026,POS VISHAL MEGA MART JAIPUR,797043180186,"6,900.43",,202853.01
01-Mar-2026,UPI/DR/728987568752/Vi/PAYTM/vi@airtelaxis/UPI,712917249661,889.00,,201964.01
01-Mar-2026,SALARY CREDIT/S3122315991475/Mahindra Logistics Ltd,964350268696,,"77,481.74",279445.75
02-Mar-2026,UPI/CR/830699884480/Saurabh/PUNB/saurabhahuj24@apl/UPI,527000573385,,"19,350.31",298796.06
03-Mar-2026,POS PANTALOONS JAIPUR,391788201443,"5,600.03",,293196.03
03-Mar-2026,UPI/DR/042289410918/Krishna/KKBK/krishna.joshi@aubank/UPI,492849130923,"7,650.48",,285545.55
03-Mar-2026,POS VISHAL MEGA MART JAIPUR,586101678065,"6,150.68",,279394.87
03-Mar-2026,UPI/DR/772412245188/Sanjay/KKBK/sanjay968@aubank/UPI,434904706529,"9,100.13",,270294.74
04-Mar-2026,UPI/DR/066367331499/Nykaa/ICICI/nykaa@razorpay/UPI,005479412960,349.00,,269945.74
04-Mar-2026,POS STAR BAZAAR JAIPUR,192008517574,"5,900.09",,264045.65
04-Mar-2026,POS BHARAT PETROLEUM JAIPUR,381009456181,"3,250.66",,260794.99
04-Mar-2026,POS PANTALOONS JAIPUR,583170397255,"5,150.06",,255644.93
04-Mar-2026,UPI/CR/166553631429/Neha/BARB/neha872@kotak/UPI,251407353171,,"5,350.69",260995.62
05-Mar-2026,UPI/DR/505045717199/Amazon/PAYTM/amazon@apl/UPI,901867200650,"4,300.28",,256695.34
05-Mar-2026,UPI/DR/362356695124/Ola/PAYTM/olamoney@ola/UPI,765879300247,890.48,,255804.86
05-Mar-2026,POS STAR BAZAAR JAIPUR,517115193564,"1,400.41",,254404.45
05-Mar-2026,POS PANTALOONS JAIPUR,941064412569,"7,050.23",,247354.22
05-Mar-2026,UPI/DR/546154594601/Uber/PAYTM/uber@paytm/UPI,959364272931,790.09,,246564.13
05-Mar-2026,UPI/DR/529001544588/Tarun/UCBA/0207679020@ptyes/UPI,063335182538,"12,450.62",,234113.51
06-Mar-2026,NACH/MANDATE/RNT5729559/RENT MANDATE,775430440161,"20,000.00",,214113.51
06-Mar-2026,UPI/DR/564362969498/Krishna/HDFC/krishna.thapar@okaxis/UPI,786187978348,"1,200.77",,212912.74
06-Mar-2026,UPI/DR/416311033277/ICICI/LICI/licindia@licindia/UPI,555100187102,"4,300.00",,208612.74
06-Mar-2026,NACH/MANDATE/LN315555274144/Bajaj Finance Ltd,605586678284,"14,500.00",,194112.74
07-Mar-2026,UPI/CR/460618766889/Renu/BDBL/9174568147@okicici/UPI,920854125277,,"19,250.31",213363.05
07-Mar-2026,UPI/DR/393420303682/Dunzo/ICICI/dunzo@razorpay/UPI,224257801571,"1,370.14",,211992.91
08-Mar-2026,POS MAX FASHION JAIPUR,720257119032,"8,250.06",,203742.85
09-Mar-2026,UPI/DR/888185722192/Flipkart/ICICI/flipkart@ybl/UPI,689973123135,"1,790.63",,201952.22
09-Mar-2026,UPI/DR/590144206708/Dunzo/ICICI/dunzo@razorpay/UPI,444765430364,"2,470.42",,199481.80
11-Mar-2026,UPI/DR/165708458631/BigBasket/ICICI/bigbasket@ybl/UPI,512084783435,"1,130.94",,198350.86
11-Mar-2026,UPI/CR/130404293534/Kamal/BDBL/kamal346@okhdfcbank/UPI,594022515042,,"11,800.84",210151.70
11-Mar-2026,UPI/DR/324694886031/Shivam/KKBK/6592716949@apl/UPI,518454895755,"9,850.63",,200301.07
13-Mar-2026,NEFT/N6961378227341/ICICI Lombard GIC,043532299217,,"26,500.91",226801.98
13-Mar-2026,ATM CASH WITHDRAWAL/91508/JAIPUR,237806709103,"7,000.00",,219801.98
14-Mar-2026,NACH/MANDATE/SIP7249567/Axis Mutual Fund,911526290208,"12,500.00",,207301.98
14-Mar-2026,UPI/DR/456056728389/Vi/PAYTM/vi@airtelaxis/UPI,800653545621,929.00,,206372.98
14-Mar-2026,UPI/DR/725949063006/Anjali/HDFC/anjalipill80@axl/UPI,717390752574,"11,550.07",,194822.91
16-Mar-2026,UPI/DR/851894586886/Zepto/ICICI/zepto@apl/UPI,216188373682,850.05,,193972.86
16-Mar-2026,POS INDIAN OIL JAIPUR,376231093527,"1,550.68",,192422.18
16-Mar-2026,UPI/DR/811623074679/Vi/PAYTM/vi@airtelaxis/UPI,635930833795,329.00,,192093.18
17-Mar-2026,UPI/DR/154841685789/Uber/PAYTM/uber@paytm/UPI,641462800423,690.08,,191403.10
17-Mar-2026,POS MORE SUPER MARKET JAIPUR,553476576755,"3,350.93",,188052.17
18-Mar-2026,UPI/DR/618010042741/Amazon/ICICI/amazon@apl/UPI,001087340625,"2,520.63",,185531.54
18-Mar-2026,UPI/CR/162168415659/Manish/FDRL/manish630@axl/UPI,411632225955,,"18,450.13",203981.67
19-Mar-2026,UPI/DR/508331685578/Ola/PAYTM/olamoney@ola/UPI,900511222273,410.33,,203571.34
19-Mar-2026,UPI/DR/215349295360/Ritu/BKID/0920077768@kotak/UPI,098211173145,"4,850.89",,198720.45
19-Mar-2026,UPI/DR/970257754149/Seema/SBIN/seema.shah@apl/UPI,829780147293,"20,550.68",,178169.77
20-Mar-2026,UPI/DR/255109615563/MedPlus/ICICI/medplus@icici/UPI,477306787893,"2,850.69",,175319.08
20-Mar-2026,UPI/DR/751542627702/Pooja/PUNB/poojaagar63@apl/UPI,083211783160,450.83,,174868.25
21-Mar-2026,UPI/DR/711560694976/Hotstar/ICICI/hotstar@hdfcbank/UPI,154508261370,649.00,,174219.25
21-Mar-2026,UPI/DR/027431927922/Indane/ICICI/indanegas@upi/UPI,803244441194,"1,450.85",,172768.40
22-Mar-2026,IMPS-819174994984-Sangita Mukherje,763069804544,"6,300.28",,166468.12
23-Mar-2026,ATM CASH WITHDRAWAL/16725/JAIPUR,801514450272,"8,000.00",,158468.12
23-Mar-2026,UPI/DR/399737693850/TSSPDCL/UPIN/tsspdclpayment@upi/UPI,067024426355,"1,950.68",,156517.44
23-Mar-2026,UPI/DR/130361027937/Amazon/PAYTM/amazon@apl/UPI,870830974778,"4,250.99",,152266.45
24-Mar-2026,UPI/DR/266621664340/Uber/PAYTM/uber@paytm/UPI,363981447019,320.69,,151945.76
24-Mar-2026,UPI/DR/726544005206/PhonePe/ICICI/phonepe@ybl/UPI,023904569392,480.36,,151465.40
24-Mar-2026,UPI/DR/394420487075/Kavita/HDFC/kavita.saxena@ptaxis/UPI,300317839768,"8,900.62",,142564.78
25-Mar-2026,UPI/DR/598084824104/Rakesh/UTIB/rakesh.chopra@upi/UPI,505883778726,750.70,,141814.08
25-Mar-2026,UPI/CR/266737698516/Usha/UTIB/usha.pillai@ptyes/UPI,841639360592,,"15,800.04",157614.12
26-Mar-2026,UPI/DR/773115805290/Uber/ICICI/uber@paytm/UPI,146019156996,180.32,,157433.80
28-Mar-2026,INTEREST CREDIT,305407351068,,495.01,157928.81
29-Mar-2026,ATM CASH WITHDRAWAL/29183/JAIPUR,522322277643,"8,500.00",,149428.81
29-Mar-2026,UPI/DR/644624382053/BigBasket/ICICI/bigbasket@ybl/UPI,563251575024,660.47,,148768.34
29-Mar-2026,UPI/DR/264562383099/Prashant/SBIN/prashant257@axl/UPI,865738530057,"19,850.49",,128917.85
29-Mar-2026,UPI/DR/860580097036/Naveen/KKBK/5792706588@oksbi/UPI,992848165153,"20,050.37",,108867.48
31-Mar-2026,UPI/CR/838382672077/Girish/UCBA/girish835@okhdfcbank/UPI,409162097849,,"3,950.73",112818.21
31-Mar-2026,UPI/DR/727426197759/Jio/ICICI/jio@paytm/UPI,654060297119,"1,140.91",,111677.30
31-Mar-2026,UPI/CR/183381359409/Kiran/UTIB/kiransen98@ptsbi/UPI,148811013487,,"9,650.72",121328.02
01-Apr-2026,POS LIFESTYLE STORES JAIPUR,012386108682,"1,200.92",,120127.10
01-Apr-2026,POS V MART JAIPUR,678099654565,"2,100.63",,118026.47
01-Apr-2026,UPI/DR/731052402898/Uber/PAYTM/uber@paytm/UPI,800744777081,780.85,,117245.62
01-Apr-2026,SALARY CREDIT/S0544183796801/Mahindra Logistics Ltd,884852696426,,"76,218.74",193464.36
02-Apr-2026,UPI/DR/401928353859/BigBasket/ICICI/bigbasket@ybl/UPI,674740666899,"2,610.39",,190853.97
02-Apr-2026,UPI/DR/894429673930/Blinkit/ICICI/blinkit@kotak/UPI,853869794273,360.98,,190492.99
02-Apr-2026,UPI/DR/525939781728/BSNL/RAZORPAY/broadband@paytm/UPI,155824226779,799.00,,189693.99
02-Apr-2026,UPI/DR/321500326834/Ola/PAYTM/olamoney@ola/UPI,864244018132,400.54,,189293.45
03-Apr-2026,NACH/MANDATE/RNT1055661/RENT MANDATE,603834132243,"20,000.00",,169293.45
03-Apr-2026,ATM CASH WITHDRAWAL/39381/JAIPUR,611507078785,"9,000.00",,160293.45
04-Apr-2026,POS STAR BAZAAR JAIPUR,217531636926,"2,550.73",,157742.72
05-Apr-2026,UPI/DR/899827283436/1mg/ICICI/tatahealth@icici/UPI,164889085920,"3,340.66",,154402.06
06-Apr-2026,UPI/DR/862760541780/Jio/ICICI/jio@paytm/UPI,858621406289,660.11,,153741.95
06-Apr-2026,UPI/DR/872029313728/Pankaj/KKBK/pankaj.thapar@okicici/UPI,957250245975,"21,550.51",,132191.44
07-Apr-2026,NACH/MANDATE/LN315555274144/Bajaj Finance Ltd,748165033564,"14,500.00",,117691.44
09-Apr-2026,UPI/DR/258536431010/MakeMyTrip/ICICI/makemytrip@axisbank/UPI,510150246633,699.00,,116992.44
09-Apr-2026,UPI/DR/923401055535/BigBasket/ICICI/bigbasket@ybl/UPI,639463735217,710.42,,116282.02
10-Apr-2026,UPI/CR/344782955087/Preeti/SBIN/preetichop20@ptaxis/UPI,204636576529,,"19,150.94",135432.96
10-Apr-2026,UPI/DR/566673836444/Meesho/PAYTM/meesho@ybl/UPI,234553955270,"4,550.43",,130882.53
10-Apr-2026,UPI/DR/740242863577/PhonePe/ICICI/phonepe@ybl/UPI,147625252107,"1,860.78",,129021.75
10-Apr-2026,POS INDIAN OIL JAIPUR,098737395356,"3,250.80",,125770.95
11-Apr-2026,UPI/DR/277555312360/PhonePe/ICICI/phonepe@ybl/UPI,126028678837,800.61,,124970.34
11-Apr-2026,UPI/DR/978818070442/TSSPDCL/UPIN/tsspdclpayment@upi/UPI,957557704374,"2,400.14",,122570.20
12-Apr-2026,UPI/DR/656869659749/Ola/PAYTM/olamoney@ola/UPI,155740283543,600.28,,121969.92
12-Apr-2026,NACH/MANDATE/SIP0568786/Axis Mutual Fund,246411631476,"12,500.00",,109469.92
13-Apr-2026,UPI/DR/975425739953/ICICI/LICI/licindia@licindia/UPI,013169733062,"4,300.00",,105169.92
13-Apr-2026,ATM CASH WITHDRAWAL/55928/JAIPUR,573216917074,"6,500.00",,98669.92
13-Apr-2026,POS VISHAL MEGA MART JAIPUR,169283372372,"8,200.59",,90469.33
14-Apr-2026,UPI/DR/993939722470/Vi/PAYTM/vi@airtelaxis/UPI,763206324911,949.00,,89520.33
15-Apr-2026,UPI/DR/166559873488/BSNL/ICICI/bsnlbroadband@upi/UPI,083888094396,"1,260.51",,88259.82
15-Apr-2026,UPI/DR/996068289787/Jio/ICICI/jio@paytm/UPI,194340114705,"2,100.30",,86159.52
15-Apr-2026,UPI/DR/814713732348/Kapil/KKBK/kapil.saxena@paytm/UPI,243470470344,"18,000.94",,68158.58
16-Apr-2026,UPI/DR/149417704572/Meesho/PAYTM/meesho@ybl/UPI,137159969569,"2,850.93",,65307.65
18-Apr-2026,ATM CASH WITHDRAWAL/00760/JAIPUR,387399635639,"4,500.00",,60807.65
18-Apr-2026,UPI/CR/772938132301/Manoj/FDRL/manoj914@ybl/UPI,136329483120,,"7,150.95",67958.60
19-Apr-2026,UPI/DR/320119698984/BSNL/ICICI/bsnlbroadband@upi/UPI,642118678510,"1,590.93",,66367.67
19-Apr-2026,UPI/DR/638057084503/Swiggy/ICICI/swiggy@icici/UPI,728712843603,"1,000.45",,65367.22
19-Apr-2026,UPI/DR/249823225156/Zomato/ICICI/zomato@axisbank/UPI,806655941396,"2,770.99",,62596.23
19-Apr-2026,UPI/DR/068491576837/Jio/ICICI/jio@paytm/UPI,695985026132,960.22,,61636.01
20-Apr-2026,UPI/DR/489674299617/Zepto/ICICI/zepto@apl/UPI,454970543295,"2,640.35",,58995.66
20-Apr-2026,UPI/CR/588503988256/Siddharth/FDRL/4928329815@paytm/UPI,123540091100,,"15,000.66",73996.32
22-Apr-2026,POS HP PETROL PUMP JAIPUR,196630960026,"2,400.36",,71595.96
23-Apr-2026,UPI/DR/469793407192/Siddharth/FDRL/3457177621@okhdfcbank/UPI,524432442001,"13,900.62",,57695.34
23-Apr-2026,UPI/DR/572969362547/Zomato/ICICI/zomato@axisbank/UPI,888904001520,"1,440.85",,56254.49
24-Apr-2026,UPI/DR/488261852702/Flipkart/ICICI/flipkart@ybl/UPI,282160589731,"2,780.66",,53473.83
24-Apr-2026,UPI/DR/676500588892/Vi/PAYTM/vi@airtelaxis/UPI,673378986557,879.00,,52594.83
24-Apr-2026,UPI/CR/721350967339/Usha/UTIB/2186274866@ybl/UPI,255302913119,,"5,900.26",58495.09
24-Apr-2026,UPI/DR/537538224897/Indane/ICICI/indanegas@upi/UPI,557936000400,"2,400.61",,56094.48
26-Apr-2026,POS BRAND FACTORY JAIPUR,620329037737,"5,000.78",,51093.70
26-Apr-2026,UPI/DR/139977281021/Flipkart/PAYTM/flipkart@ybl/UPI,302582524399,"5,450.74",,45642.96
26-Apr-2026,UPI/DR/496889673272/Jyoti/BKID/jyoti.gupta@upi/UPI,722690690128,"3,950.79",,41692.17
26-Apr-2026,UPI/DR/770040073751/BigBasket/ICICI/bigbasket@ybl/UPI,144961808439,"1,010.83",,40681.34
27-Apr-2026,GST ON CHARGES,886986931740,18.00,,40663.34
27-Apr-2026,UPI/CR/912770068310/Usha/UCBA/usha585@okhdfcbank/UPI,140573999098,,"12,100.20",52763.54
27-Apr-2026,ATM CASH WITHDRAWAL/13936/JAIPUR,365103619212,"1,500.00",,51263.54
27-Apr-2026,ACCOUNT MAINTENANCE FEE,646964980132,100.00,,51163.54
29-Apr-2026,UPI/DR/321936389675/Mamta/BKID/mamta.bose@aubank/UPI,077321549953,"3,150.12",,48013.42
30-Apr-2026,UPI/DR/404205575613/Dunzo/ICICI/dunzo@razorpay/UPI,861596437247,"1,900.71",,46112.71
01-May-2026,SALARY CREDIT/S4157328357875/Mahindra Logistics Ltd,112185578382,,"78,840.74",124953.45
01-May-2026,POS HP PETROL PUMP JAIPUR,477190522163,"2,450.32",,122503.13
01-May-2026,POS SHOPPERS STOP JAIPUR,008499167706,650.28,,121852.85
01-May-2026,POS VISHAL MEGA MART JAIPUR,546356951573,"5,700.16",,116152.69
02-May-2026,UPI/DR/785430419366/Flipkart/PAYTM/flipkart@ybl/UPI,140334147220,"2,100.16",,114052.53
03-May-2026,UPI/DR/338456824044/Vi/PAYTM/vi@airtelaxis/UPI,708314686545,259.00,,113793.53
03-May-2026,UPI/DR/781994142163/BSNL/RAZORPAY/broadband@paytm/UPI,225365422378,499.00,,113294.53
03-May-2026,NACH/MANDATE/LN315555274144/Bajaj Finance Ltd,806285732856,"14,500.00",,98794.53
03-May-2026,UPI/DR/865851579479/Uber/ICICI/uber@paytm/UPI,746144420116,690.83,,98103.70
04-May-2026,POS BHARAT PETROLEUM JAIPUR,999566738552,"2,400.77",,95702.93
04-May-2026,UPI/DR/602219949762/Divya/BKID/divya900@axl/UPI,797956288383,"17,650.07",,78052.86
05-May-2026,UPI/DR/658023424826/Vishal/BDBL/vishal.mehta@okhdfcbank/UPI,473187513138,"12,200.89",,65851.97
05-May-2026,UPI/DR/405897537220/Ola/PAYTM/olamoney@ola/UPI,625882303683,900.00,,64951.97
05-May-2026,UPI/DR/347265632981/Swiggy/ICICI/swiggy@icici/UPI,368232025399,840.32,,64111.65
05-May-2026,NACH/MANDATE/RNT6921807/RENT MANDATE,402645379047,"20,000.00",,44111.65
05-May-2026,ATM CASH WITHDRAWAL/13233/JAIPUR,593410607040,"8,000.00",,36111.65
06-May-2026,UPI/DR/387339038982/Zepto/ICICI/zepto@apl/UPI,196185578553,520.95,,35590.70
06-May-2026,UPI/DR/133926392728/Paytm/ICICI/paytm@paytm/UPI,517842508172,"2,520.34",,33070.36
07-May-2026,UPI/DR/649575923757/Amazon/ICICI/amazon@apl/UPI,101958961220,710.12,,32360.24
08-May-2026,UPI/DR/026625257824/BigBasket/ICICI/bigbasket@ybl/UPI,647039367167,"1,130.34",,31229.90
08-May-2026,UPI/DR/937488672659/Vi/PAYTM/vi@airtelaxis/UPI,641255465919,729.00,,30500.90
