Bank Name,AXIS BANK LIMITED
Account Number,280740546792734
Account Holder Name,RANI NAIK
Branch,ADYAR
IFSC Code,UTIB0062966
Statement Period,01-12-2024 To 09-05-2026

Date,Description,Ref/ChequeNo,Debit,Credit,Balance
01-12-2024,UPIP2M541549019888VarunSharmaUPIUTIB,023776985780,"11,750.36",,1375207.93
02-12-2024,ATMCASHAXISMPV31962781DELHI,267766948315,"6,500.00",,1368707.93
03-12-2024,POS PANTALOONS DELHI,146917957588,"5,500.64",,1363207.29
03-12-2024,UPIP2M865796476643MedPlusHealtUPIICICI,765374352521,"1,310.92",,1361896.37
03-12-2024,UPIP2M144750939118RaviMenonUPIUCBA,516913900535,"11,200.37",,1350696.00
05-12-2024,ATMCASHAXISFDW82466437DELHI,479345012624,"10,000.00",,1340696.00
05-12-2024,UPIP2M421084200272SwiggyUPIICICI,053016941952,"1,070.66",,1339625.34
06-12-2024,UPIP2A713986094099BrijeshMishrUPIPUNB,011745415656,,"1,200.83",1340826.17
06-12-2024,UPIP2M498388480785MeeshoUPIPAYTM,976624185377,800.61,,1340025.56
06-12-2024,UPIP2M029039268256MayaBoseUPIBDBL,665489090658,"19,950.39",,1320075.17
06-12-2024,UPIP2A214027213328SumitJoshiUPIBARB,937204606963,,"5,950.72",1326025.89
07-12-2024,SALARY/S9553695135015/Arvind Ltd,938184744931,,"52,769.64",1378795.53
07-12-2024,POS STAR BAZAAR DELHI,892464645599,"1,200.78",,1377594.75
08-12-2024,UPIP2M671710370592AnkitVermaUPIUTIB,342039056545,"16,750.81",,1360843.94
08-12-2024,POS CENTRAL MALL DELHI,172240865309,"7,400.18",,1353443.76
09-12-2024,UPIP2A368717415351VandanaThapaUPIBDBL,746560732302,,"17,700.00",1371143.76
09-12-2024,UPIP2M580287312955LICofIndiaUPILICI,845722434386,"7,400.00",,1363743.76
11-12-2024,NACH/MANDATE/RNT8801956/RENT MANDATE,922107221756,"10,000.00",,1353743.76
11-12-2024,IMPS/619246514089/Usha Rao/UCBA,016141980020,"24,300.75",,1329443.01
11-12-2024,UPIP2M530467006768IndaneGasUPIICICI,225688813486,"2,000.78",,1327442.23
11-12-2024,UPIP2M532585872294JioRechargeUPIPAYTM,726096917468,989.00,,1326453.23
11-12-2024,UPIP2M161833455522YogeshAhujaUPIUCBA,398624838703,"17,250.75",,1309202.48
11-12-2024,UPIP2M120837873185TSSPDCLUPIUPIN,717390030310,"3,650.13",,1305552.35
11-12-2024,UPIP2M865207968339AnjaliKulkarUPIBARB,138840682436,"15,700.79",,1289851.56
12-12-2024,UPIP2M010289659198FlipkartUPIICICI,218508061031,"2,510.68",,1287340.88
12-12-2024,NEFT/N1100508477047/Arvind Ltd/KKBK0506702,733955996095,,"35,000.50",1322341.38
12-12-2024,UPIP2A738400534236KavitaSharmaUPIBARB,832517929774,,"13,950.01",1336291.39
12-12-2024,NACH/MANDATE/LN920562822416/ICICI Bank Home Loan,625224900404,"5,000.00",,1331291.39
13-12-2024,POS SHELL FUEL STATION DELHI,153297027288,"1,300.66",,1329990.73
13-12-2024,UPIP2M720906881532PoojaIyerUPIUTIB,807521041443,"4,400.82",,1325589.91
14-12-2024,UPIP2M787896290454SpotifyUPIICICI,396415809573,799.00,,1324790.91
14-12-2024,UPIP2M581374107134SumitGuptaUPIBDBL,852180183984,350.20,,1324440.71
14-12-2024,UPIP2M252631967452FlipkartUPIPAYTM,084937760275,"5,250.58",,1319190.13
14-12-2024,ATMCASHAXISREX68794461DELHI,182127678426,"5,000.00",,1314190.13
14-12-2024,UPIP2M012870346173RapidoUPIPAYTM,473029222752,590.48,,1313599.65
15-12-2024,UPIP2A348688967445AkashDubeyUPIKKBK,454644220538,,"1,550.25",1315149.90
15-12-2024,UPIP2M687834927232JioRechargeUPIPAYTM,961600051538,819.00,,1314330.90
16-12-2024,UPIP2M751255183474FlipkartUPIPAYTM,714108054004,"4,250.23",,1310080.67
16-12-2024,UPIP2M316022467958JioRechargeUPIICICI,352339298310,"1,890.12",,1308190.55
16-12-2024,UPIP2M222145625336RapidoUPIPAYTM,290926810944,640.47,,1307550.08
18-12-2024,NACH/MANDATE/SIP0429155/Mirae Asset MF,788754195123,"14,500.00",,1293050.08
18-12-2024,UPIP2M479653086844RapidoUPIPAYTM,264586876127,820.52,,1292229.56
19-12-2024,UPIP2M426414131971RapidoUPIPAYTM,130072779433,780.97,,1291448.59
19-12-2024,UPIP2A176911902483GeetaNaikUPIUCBA,035999981678,,"2,350.21",1293798.80
19-12-2024,UPIP2M425283283245RakeshIyerUPIFDRL,323788818326,"13,700.34",,1280098.46
20-12-2024,UPIP2M126728246450FlipkartUPIICICI,626899207890,"1,810.31",,1278288.15
20-12-2024,UPIP2A198499898345DeepakRoyUPIUCBA,429683293106,,"16,750.94",1295039.09
20-12-2024,UPIP2A020663882615KamalPandeyUPIBKID,365928693828,,"7,500.03",1302539.12
21-12-2024,UPIP2M649190889287RakeshShahUPIUTIB,966498651587,"7,100.77",,1295438.35
21-12-2024,UPIP2A281839300464ManojSrivastUPIPUNB,606942236382,,"9,400.78",1304839.13
22-12-2024,UPIP2M181854731204JioRechargeUPIPAYTM,068378396776,619.00,,1304220.13
23-12-2024,POS MAX FASHION DELHI,817616821122,"5,600.59",,1298619.54
23-12-2024,UPIP2M220642039479BSNLBroadbanUPIRAZORPAY,106493859745,"1,049.00",,1297570.54
23-12-2024,UPIP2M358772082554BigBasketUPIICICI,792211959313,"1,740.45",,1295830.09
24-12-2024,ATMCASHAXISHVX70534050DELHI,344218792080,"1,500.00",,1294330.09
26-12-2024,UPIP2M727255283756ZomatoUPIICICI,121168811410,420.27,,1293909.82
26-12-2024,UPIP2M789180940132SwiggyUPIICICI,043817665617,220.46,,1293689.36
27-12-2024,UPIP2M640369215785JioRechargeUPIPAYTM,398622136467,889.00,,1292800.36
28-12-2024,POS SHELL FUEL STATION DELHI,819467458036,"2,850.17",,1289950.19
28-12-2024,INTEREST CREDIT,692398175278,,335.42,1290285.61
29-12-2024,UPIP2M735175437796JioRechargeUPIPAYTM,586764040184,429.00,,1289856.61
29-12-2024,POS INDIAN OIL DELHI,825981907458,"3,250.32",,1286606.29
29-12-2024,UPIP2M532826456246BigBasketUPIICICI,483440407377,770.89,,1285835.40
30-12-2024,UPIP2A038168885684SureshShahUPIPUNB,729322459853,,"13,250.74",1299086.14
31-12-2024,UPIP2A764873007927PallaviKumarUPIFDRL,722947837668,,"10,800.43",1309886.57
31-12-2024,UPIP2A282428873537SiddharthPilUPIHDFC,707076886831,,"7,900.27",1317786.84
02-01-2025,POS BHARAT PETROLEUM DELHI,080858480810,"3,250.41",,1314536.43
02-01-2025,POS BHARAT PETROLEUM DELHI,509930004241,"1,400.62",,1313135.81
02-01-2025,UPIP2M134493416418HimanshuThapUPIHDFC,974332987636,"13,950.57",,1299185.24
02-01-2025,UPIP2M734848992761VandanaPillaUPIBKID,322329767135,"15,050.92",,1284134.32
04-01-2025,UPIP2M509047546629MyntraUPIPAYTM,469062742745,"1,000.46",,1283133.86
04-01-2025,UPIP2M280265416371RapidoUPIPAYTM,075938348885,170.52,,1282963.34
04-01-2025,UPIP2M904066405104OlaCabsUPIPAYTM,159475134744,600.39,,1282362.95
05-01-2025,ATMCASHAXISMWZ77945769DELHI,259875363662,"10,000.00",,1272362.95
07-01-2025,UPIP2A092568929041DivyaSrivastUPIFDRL,339178693536,,"17,200.90",1289563.85
07-01-2025,UPIP2M091056018189OlaCabsUPIPAYTM,742102034847,380.60,,1289183.25
07-01-2025,SALARY/S1374134728067/Arvind Ltd,739695658750,,"54,133.64",1343316.89
07-01-2025,UPIP2M867942605997JioRechargeUPIICICI,787378516324,"2,240.43",,1341076.46
07-01-2025,UPIP2M038851418232JioRechargeUPIPAYTM,225149203831,189.00,,1340887.46
07-01-2025,UPIP2M273246477101AmazonPayUPIPAYTM,732611283204,"2,150.76",,1338736.70
08-01-2025,UPIP2M481339385908FlipkartUPIPAYTM,781427346373,"2,400.90",,1336335.80
09-01-2025,UPIP2A245489192124SiddharthRedUPIHDFC,086400818086,,"14,900.94",1351236.74
10-01-2025,UPIP2M066412037024PhonePeMerchUPIICICI,975556981429,"1,110.66",,1350126.08
10-01-2025,NEFT/N3668274836727/Max Healthcare Insti/PUNB0974462,450414064243,,"16,500.71",1366626.79
11-01-2025,UPIP2M085828608836FlipkartUPIICICI,371956695816,"2,000.48",,1364626.31
11-01-2025,UPIP2M613244815539OlaCabsUPIICICI,965434079700,780.43,,1363845.88
11-01-2025,UPIP2A058982257774MohitIyerUPIFDRL,675559102488,,"19,800.03",1383645.91
11-01-2025,UPIP2M384258618245PoojaAhujaUPIFDRL,908410144533,"17,850.44",,1365795.47
11-01-2025,UPIP2A739631182088SnehaBoseUPIBDBL,635176441947,,"15,150.37",1380945.84
12-01-2025,UPIP2M744702614402VivekSinghUPIFDRL,208800614430,"11,550.10",,1369395.74
12-01-2025,NACH/MANDATE/LN920562822416/ICICI Bank Home Loan,677977592977,"5,000.00",,1364395.74
12-01-2025,NACH/MANDATE/RNT0859721/RENT MANDATE,535379401695,"10,000.00",,1354395.74
15-01-2025,UPIP2A653596365357SoniaDuttaUPIUTIB,621555575470,,"6,350.63",1360746.37
15-01-2025,UPIP2M311355284896OlaCabsUPIPAYTM,454137177326,750.87,,1359995.50
16-01-2025,UPIP2M051947496019JioRechargeUPIPAYTM,771511660639,619.00,,1359376.50
17-01-2025,POS V MART DELHI,759561565004,"7,400.52",,1351975.98
17-01-2025,UPIP2M901285646354ZeptoUPIICICI,568158276555,"1,960.78",,1350015.20
18-01-2025,UPIP2M400911745202RenuSethiUPIFDRL,398898798164,400.47,,1349614.73
18-01-2025,NACH/MANDATE/SIP7549930/Mirae Asset MF,539547008411,"14,500.00",,1335114.73
18-01-2025,POS SHOPPERS STOP DELHI,437688290583,"5,300.61",,1329814.12
19-01-2025,UPIP2M431968988813TSSPDCLUPIUPIN,424779593254,"3,500.07",,1326314.05
20-01-2025,UPIP2M160490009656JioRechargeUPIPAYTM,626692902808,949.00,,1325365.05
22-01-2025,UPIP2A375375633584GirishMenonUPIBKID,072978489074,,"10,350.09",1335715.14
22-01-2025,UPIP2M807930852501JioRechargeUPIPAYTM,027812545179,269.00,,1335446.14
23-01-2025,UPIP2M211603558144LataBanerjeeUPIBKID,829428941967,"7,850.31",,1327595.83
24-01-2025,UPIP2M456762548353ZomatoUPIICICI,553529285764,"1,550.00",,1326045.83
24-01-2025,ATMCASHAXISGKV67529181DELHI,865504491642,"8,000.00",,1318045.83
24-01-2025,UPIP2A076146303866BabitaMenonUPIBDBL,445569234986,,"20,900.64",1338946.47
25-01-2025,UPIP2M798616468541ShreyaVermaUPIUTIB,392396866824,"9,450.82",,1329495.65
25-01-2025,UPIP2M839011345069IndaneGasUPIICICI,470464914689,"1,500.75",,1327994.90
25-01-2025,UPIP2M081080199175OlaCabsUPIPAYTM,723991386756,660.27,,1327334.63
26-01-2025,UPIP2M168662478317RapidoUPIPAYTM,304994815635,890.63,,1326444.00
26-01-2025,UPIP2M124773551744BSNLBroadbanUPIICICI,942981714089,760.25,,1325683.75
26-01-2025,POS BRAND FACTORY DELHI,319769959548,"6,300.38",,1319383.37
27-01-2025,UPIP2M697017241262SnehaDasUPIHDFC,656356846043,"20,850.19",,1298533.18
27-01-2025,POS HP PETROL PUMP DELHI,347985631463,"4,000.09",,1294533.09
28-01-2025,UPIP2M607792897421BSNLBroadbanUPIICICI,279036342184,420.25,,1294112.84
30-01-2025,UPIP2M047361615224PriyaNaikUPIPUNB,346063323001,"5,850.14",,1288262.70
30-01-2025,UPIP2M741612529077NareshGhoshUPISBIN,374139456183,"7,400.46",,1280862.24
30-01-2025,UPIP2M131251288672OlaCabsUPIICICI,943477459487,"1,200.79",,1279661.45
31-01-2025,Monthly Service Chrgs,978087624785,190.00,,1279471.45
31-01-2025,UPIP2M983744221171GirishChatteUPIUCBA,954899803807,"4,250.73",,1275220.72
31-01-2025,GST ON CHARGES,777760608447,34.20,,1275186.52
03-02-2025,ATMCASHAXISDCD37622277DELHI,958422184654,"1,000.00",,1274186.52
03-02-2025,ATMCASHAXISZRV05832751DELHI,400193734465,"4,000.00",,1270186.52
04-02-2025,UPIP2M792126147813RapidoUPIPAYTM,995465355707,250.55,,1269935.97
04-02-2025,UPIP2M229968070223NykaaUPIPAYTM,259833597765,"2,300.56",,1267635.41
06-02-2025,UPIP2A796745156063VishalSethiUPIFDRL,118504569910,,"2,000.20",1269635.61
06-02-2025,SALARY/S4631416251440/Arvind Ltd,942652947582,,"49,480.64",1319116.25
06-02-2025,UPIP2M480314800441JioRechargeUPIPAYTM,415685633958,239.00,,1318877.25
06-02-2025,UPIP2A639434901782RohitNairUPIUTIB,370866201601,,"20,750.16",1339627.41
07-02-2025,NACH/MANDATE/RNT2516710/RENT MANDATE,101054304006,"10,000.00",,1329627.41
09-02-2025,UPIP2M978079701838JioRechargeUPIICICI,776161798828,740.98,,1328886.43
09-02-2025,POS VISHAL MEGA MART DELHI,705731857455,"4,350.25",,1324536.18
10-02-2025,UPIP2M361389309095PhonePeMerchUPIICICI,587672260593,580.36,,1323955.82
10-02-2025,ATMCASHAXISGTG34368042DELHI,350045547367,"2,500.00",,1321455.82
10-02-2025,UPIP2M920283633814TSSPDCLUPIUPIN,126193244806,"2,700.28",,1318755.54
10-02-2025,UPIP2A528839628812VijayRaoUPIUCBA,120056872313,,"16,550.89",1335306.43
11-02-2025,UPIP2M062865079625UberIndiaUPIPAYTM,075273096649,760.19,,1334546.24
12-02-2025,UPIP2M737598829595FlipkartUPIICICI,193241955440,450.30,,1334095.94
12-02-2025,UPIP2A155276179254SeemaGhoshUPIBARB,546971692893,,"21,900.71",1355996.65
13-02-2025,UPIP2M592719624942IndaneGasUPIICICI,932181487706,"2,750.16",,1353246.49
13-02-2025,UPIP2M905874413239AmazonPayUPIICICI,976846807758,"1,810.00",,1351436.49
13-02-2025,UPIP2M156215604742JioRechargeUPIPAYTM,420151447210,979.00,,1350457.49
13-02-2025,UPIP2M927394049188MeeshoUPIPAYTM,668670174927,"5,650.47",,1344807.02
13-02-2025,NEFT/N6006490949518/Raymond Ltd/KKBK0742936,682983228181,,"51,500.74",1396307.76
14-02-2025,POS BHARAT PETROLEUM DELHI,411085555610,"2,950.17",,1393357.59
14-02-2025,UPIP2M493590227178OlaCabsUPIPAYTM,379156230101,400.96,,1392956.63
14-02-2025,UPIP2M180848203321GirishSaxenaUPIBARB,749380363411,"7,100.18",,1385856.45
14-02-2025,NACH/MANDATE/LN920562822416/ICICI Bank Home Loan,826347833555,"5,000.00",,1380856.45
15-02-2025,POS METRO CASH CARRY DELHI,172073988490,"5,950.86",,1374905.59
17-02-2025,POS SHOPPERS STOP DELHI,310430758483,"7,450.84",,1367454.75
17-02-2025,UPIP2M615944272872AshishShuklaUPIFDRL,365795153156,"9,650.45",,1357804.30
17-02-2025,UPIP2M167664973279SwiggyUPIICICI,535828019251,"2,230.82",,1355573.48
18-02-2025,POS BIG BAZAAR DELHI,983710795392,"3,500.03",,1352073.45
18-02-2025,UPIP2A959838665331AkashPatilUPISBIN,773498590948,,"9,450.46",1361523.91
18-02-2025,UPIP2M879002396881OlaCabsUPIPAYTM,773350512997,240.41,,1361283.50
18-02-2025,NACH/MANDATE/SIP9836776/Mirae Asset MF,341651073960,"14,500.00",,1346783.50
18-02-2025,UPIP2M992500462051BSNLBroadbanUPIRAZORPAY,874408567798,349.00,,1346434.50
18-02-2025,ATMCASHAXISVQA32062028DELHI,991152720923,"2,000.00",,1344434.50
19-02-2025,IMPS/941180859613/Divya Thapar/BDBL,196363968220,"41,300.47",,1303134.03
19-02-2025,POS BHARAT PETROLEUM DELHI,595175569053,"2,500.80",,1300633.23
19-02-2025,ATMCASHAXISWIW31307571DELHI,420815534333,"8,000.00",,1292633.23
20-02-2025,UPIP2M188947008536JioRechargeUPIICICI,455969682020,"2,270.52",,1290362.71
20-02-2025,UPIP2M913987755345SunitaVermaUPIBDBL,497646213675,"6,200.88",,1284161.83
21-02-2025,UPIP2M669903426730RapidoUPIPAYTM,109815751394,510.04,,1283651.79
23-02-2025,UPIP2M125043783388NaveenChatteUPIUCBA,357468004900,"21,100.18",,1262551.61
24-02-2025,UPIP2M333118039033ZomatoUPIICICI,060124749114,960.04,,1261591.57
26-02-2025,GST ON CHARGES,367912901339,46.80,,1261544.77
26-02-2025,UPIP2M723697948808AmazonPayUPIICICI,469906876748,"2,420.02",,1259124.75
26-02-2025,Monthly Service Chrgs,546313146761,260.00,,1258864.75
27-02-2025,POS RELIANCE PETROLEUM DELHI,839140578336,"1,250.25",,1257614.50
27-02-2025,UPIP2A068235905756PreetiKhannaUPIPUNB,647066455689,,"5,550.19",1263164.69
27-02-2025,UPIP2A409636930949KiranChaudhaUPIBKID,089594105557,,"9,400.29",1272564.98
28-02-2025,POS PANTALOONS DELHI,941173994492,"5,850.39",,1266714.59
28-02-2025,UPIP2M975094919979JioRechargeUPIPAYTM,215753059300,829.00,,1265885.59
28-02-2025,UPIP2A000952341669PoonamKumarUPIUCBA,451879503681,,"21,750.64",1287636.23
28-02-2025,UPIP2M184145024503BlinkitUPIICICI,939261617916,230.39,,1287405.84
01-03-2025,UPIP2M799019835030AmazonPayUPIICICI,537867120148,"2,620.44",,1284785.40
01-03-2025,UPIP2M919675126962BigBasketUPIICICI,306983099686,"1,640.23",,1283145.17
02-03-2025,ATMCASHAXISJWO10189945DELHI,506582101396,"8,000.00",,1275145.17
02-03-2025,UPIP2M087217258045OlaCabsUPIICICI,909808402255,"2,040.82",,1273104.35
02-03-2025,UPIP2A486256624772PreetiReddyUPIBDBL,139885901406,,"14,900.25",1288004.60
02-03-2025,UPIP2M161167688658JioRechargeUPIPAYTM,132927616156,969.00,,1287035.60
02-03-2025,POS SHOPPERS STOP DELHI,455988910657,"5,850.37",,1281185.23
02-03-2025,UPIP2M845039866722ZeptoUPIICICI,611982273360,"1,750.66",,1279434.57
03-03-2025,UPIP2M141412514507MyntraUPIPAYTM,349580341087,750.47,,1278684.10
03-03-2025,POS METRO CASH CARRY DELHI,861832507285,"3,400.02",,1275284.08
03-03-2025,UPIP2A556520156232SiddharthKulUPIPUNB,334155801243,,"9,000.56",1284284.64
03-03-2025,UPIP2M424754525660DeepaShahUPISBIN,584227034379,"19,750.72",,1264533.92
03-03-2025,UPIP2M401456848688BigBasketUPIICICI,102571870208,"1,530.71",,1263003.21
03-03-2025,POS LIFESTYLE STORES DELHI,847666009116,"1,650.79",,1261352.42
03-03-2025,UPIP2A859933386564VandanaMehtaUPIUTIB,312220592204,,"17,800.84",1279153.26
04-03-2025,POS BIG BAZAAR DELHI,587888835555,"5,500.95",,1273652.31
04-03-2025,UPIP2M898257185211JioRechargeUPIPAYTM,283101198938,909.00,,1272743.31
05-03-2025,UPIP2M732304124461VivekSinghUPIFDRL,058386538920,"9,050.40",,1263692.91
05-03-2025,UPIP2M679025228698RapidoUPIPAYTM,368479738573,650.15,,1263042.76
05-03-2025,UPIP2A558252533905MamtaSinghUPIBKID,054037464836,,"4,150.53",1267193.29
07-03-2025,POS V MART DELHI,967147361417,"2,650.87",,1264542.42
07-03-2025,SALARY/S0315282276880/Arvind Ltd,363878428422,,"49,825.64",1314368.06
08-03-2025,UPIP2M423656090110BigBasketUPIICICI,690699669335,170.31,,1314197.75
08-03-2025,ATMCASHAXISWYI95086820DELHI,642115156475,"7,000.00",,1307197.75
08-03-2025,UPIP2M536258890831RituBoseUPIBDBL,369396104808,"2,150.34",,1305047.41
08-03-2025,UPIP2A672780496796HimanshuChauUPIBDBL,896042381350,,"16,400.36",1321447.77
09-03-2025,UPIP2M545103592812BlinkitUPIICICI,910745067127,920.13,,1320527.64
09-03-2025,UPIP2M644547775612SumitThaparUPIKKBK,221428375104,"3,200.38",,1317327.26
10-03-2025,NACH/MANDATE/RNT0634297/RENT MANDATE,492594687613,"10,000.00",,1307327.26
10-03-2025,POS METRO CASH CARRY DELHI,337011232956,"4,050.83",,1303276.43
11-03-2025,UPIP2M985105429646RapidoUPIPAYTM,507589237093,380.65,,1302895.78
11-03-2025,POS MORE SUPER MARKET DELHI,800601893593,"1,900.73",,1300995.05
11-03-2025,UPIP2M776607353202LICofIndiaUPILICI,590229770497,"7,400.00",,1293595.05
11-03-2025,UPIP2M043670804821DunzoUPIICICI,438888924985,950.91,,1292644.14
11-03-2025,POS SHELL FUEL STATION DELHI,872467191592,"1,550.97",,1291093.17
12-03-2025,UPIP2M657868692423IndaneGasUPIICICI,696439693748,"1,650.99",,1289442.18
13-03-2025,UPIP2M120887664771TSSPDCLUPIUPIN,857306321798,"1,900.15",,1287542.03
13-03-2025,NACH/MANDATE/SIP5493056/Mirae Asset MF,165706000921,"14,500.00",,1273042.03
13-03-2025,NACH/MANDATE/LN920562822416/ICICI Bank Home Loan,921501765807,"5,000.00",,1268042.03
13-03-2025,UPIP2M443216790201ApolloPharmaUPIICICI,994450144132,149.00,,1267893.03
14-03-2025,UPIP2A681297930008SaritaAgarwaUPIUTIB,788099329210,,"4,000.40",1271893.43
14-03-2025,POS INDIAN OIL DELHI,992718554310,"1,050.07",,1270843.36
14-03-2025,UPIP2A977688401392VishalMukherUPIUCBA,315805140440,,"20,750.31",1291593.67
15-03-2025,UPIP2M517596675320SnehaBoseUPIPUNB,432072485230,"3,800.85",,1287792.82
17-03-2025,ATMCASHAXISEYG58741768DELHI,750796641790,"4,000.00",,1283792.82
17-03-2025,UPIP2M250310954990PallaviNambiUPISBIN,953454194211,"14,550.32",,1269242.50
18-03-2025,UPIP2M331506389694AmazonPayUPIICICI,801601818849,"2,770.07",,1266472.43
19-03-2025,UPIP2M368895456573JioRechargeUPIICICI,326739843932,"2,490.41",,1263982.02
19-03-2025,UPIP2M280253951810RenuThaparUPIBKID,353201539684,"13,200.66",,1250781.36
19-03-2025,UPIP2A253397976343AnitaRaoUPIBDBL,826731425036,,"6,150.32",1256931.68
21-03-2025,UPIP2M346437350575OlaCabsUPIPAYTM,347391501873,850.26,,1256081.42
22-03-2025,POS SHELL FUEL STATION DELHI,079984850140,"2,450.99",,1253630.43
23-03-2025,UPIP2A427987630086DivyaYadavUPIBDBL,139044541983,,"18,600.01",1272230.44
24-03-2025,UPIP2M363659991327ArchanaRoyUPIBDBL,135635878477,"13,700.15",,1258530.29
26-03-2025,POS BHARAT PETROLEUM DELHI,842219566658,"1,400.09",,1257130.20
26-03-2025,UPIP2M052231457579VikasChopraUPIHDFC,612183351943,"1,100.73",,1256029.47
26-03-2025,ATMCASHAXISNST31209196DELHI,066622252512,"4,500.00",,1251529.47
26-03-2025,INTEREST CREDIT,026473591210,,75.68,1251605.15
27-03-2025,UPIP2A883503706741RajeshChatteUPIBARB,307870189093,,"1,000.19",1252605.34
27-03-2025,UPIP2M457067386529OlaCabsUPIPAYTM,473408063759,400.68,,1252204.66
28-03-2025,UPIP2M072880356959NikhilReddyUPIHDFC,512924051782,"15,750.98",,1236453.68
28-03-2025,Monthly Service Chrgs,687553473505,180.00,,1236273.68
28-03-2025,UPIP2M648162364898AnkitSenUPIBKID,701676358431,"3,950.57",,1232323.11
28-03-2025,GST ON CHARGES,524876348621,32.40,,1232290.71
28-03-2025,UPIP2M802372900056SwatiChatterUPIBARB,402953323198,"20,550.46",,1211740.25
29-03-2025,UPIP2M301956835838JioRechargeUPIPAYTM,924588033439,789.00,,1210951.25
29-03-2025,UPIP2M558422811019BlinkitUPIICICI,489444130659,"2,590.73",,1208360.52
29-03-2025,UPIP2M645717004985DunzoUPIICICI,071527292091,"2,160.58",,1206199.94
31-03-2025,UPIP2M072546396753LalitMalhotrUPIUTIB,832051660007,"7,350.84",,1198849.10
31-03-2025,UPIP2A825518293946LataPatilUPIHDFC,486327088680,,"16,750.05",1215599.15
01-04-2025,UPIP2A280063347713DineshPillaiUPIUCBA,778004622879,,"3,050.07",1218649.22
01-04-2025,UPIP2A197899134608KavyaSharmaUPIHDFC,710326618105,,"21,200.39",1239849.61
02-04-2025,UPIP2M480948331799AmazonPayUPIPAYTM,174616915345,"3,200.96",,1236648.65
03-04-2025,UPIP2M062476605380MukeshPillaiUPIBDBL,371407729676,"19,550.53",,1217098.12
03-04-2025,ATMCASHAXISIHD81327328DELHI,455803173413,"3,000.00",,1214098.12
04-04-2025,ATMCASHAXISELP20367663DELHI,138409534894,"7,500.00",,1206598.12
05-04-2025,POS MORE SUPER MARKET DELHI,616373664639,"6,550.49",,1200047.63
05-04-2025,POS MAX FASHION DELHI,587305799964,"5,900.16",,1194147.47
05-04-2025,UPIP2M043208161866MyntraUPIICICI,766019098022,499.00,,1193648.47
06-04-2025,UPIP2M193917911796MinaPillaiUPIBARB,168316310492,"21,250.29",,1172398.18
06-04-2025,UPIP2M344577169009DunzoUPIICICI,754258524145,730.97,,1171667.21
06-04-2025,POS HP PETROL PUMP DELHI,424671373716,"3,800.92",,1167866.29
07-04-2025,UPIP2M585886825058SachinSinghUPIBDBL,743061529189,"17,850.05",,1150016.24
07-04-2025,SALARY/S7752532743463/Arvind Ltd,478730102119,,"52,759.64",1202775.88
07-04-2025,UPIP2M751418736613ZomatoUPIICICI,924864391489,"1,630.94",,1201144.94
07-04-2025,UPIP2M817762072014KavyaPatelUPIBARB,430950267024,"13,150.06",,1187994.88
08-04-2025,UPIP2M001631062428JioRechargeUPIPAYTM,379784409210,319.00,,1187675.88
08-04-2025,POS PANTALOONS DELHI,480827059123,"3,850.52",,1183825.36
08-04-2025,POS METRO CASH CARRY DELHI,049974121197,"8,350.95",,1175474.41
08-04-2025,ATMCASHAXISAWG25715738DELHI,424513606067,"7,000.00",,1168474.41
09-04-2025,UPIP2M335668962869SnehaDesaiUPIHDFC,566352665124,"7,800.47",,1160673.94
09-04-2025,NACH/MANDATE/RNT9347706/RENT MANDATE,146768775087,"10,000.00",,1150673.94
10-04-2025,UPIP2M828356236954SachinDuttaUPIBKID,038411318854,"15,000.21",,1135673.73
10-04-2025,NACH/MANDATE/LN920562822416/ICICI Bank Home Loan,286402293574,"5,000.00",,1130673.73
10-04-2025,IMPS/887923437502/Dinesh Jain/BDBL,258150798112,"23,800.11",,1106873.62
11-04-2025,UPIP2M829490415876KunalSinghUPIUCBA,627282744332,"2,200.93",,1104672.69
11-04-2025,UPIP2M015835421735PaytmMallUPIICICI,216595707529,"1,060.55",,1103612.14
11-04-2025,UPIP2M634465309647PaytmMallUPIICICI,296773348725,"1,940.11",,1101672.03
11-04-2025,UPIP2A155111292361AnjaliShahUPISBIN,746363805999,,"16,100.93",1117772.96
11-04-2025,UPIP2M218108620370DunzoUPIICICI,212433155819,"1,830.89",,1115942.07
12-04-2025,ATMCASHAXISKBM88500256DELHI,353088989824,"7,500.00",,1108442.07
12-04-2025,UPIP2M291644668305UberIndiaUPIPAYTM,503271778322,170.84,,1108271.23
12-04-2025,UPIP2M545105113059JioRechargeUPIPAYTM,817738788986,249.00,,1108022.23
14-04-2025,POS BIG BAZAAR DELHI,237439123949,"7,250.54",,1100771.69
15-04-2025,NACH/MANDATE/SIP1405301/Mirae Asset MF,224514230244,"14,500.00",,1086271.69
15-04-2025,UPIP2M368679856829PhonePeMerchUPIICICI,156967569479,"2,640.55",,1083631.14
16-04-2025,UPIP2M764287732016JioRechargeUPIPAYTM,229039433110,749.00,,1082882.14
17-04-2025,UPIP2M824886461607BlinkitUPIICICI,003113122832,"1,200.64",,1081681.50
20-04-2025,UPIP2M949765292364ZeptoUPIICICI,120126755146,"1,680.70",,1080000.80
20-04-2025,POS BHARAT PETROLEUM DELHI,600786745348,"4,300.23",,1075700.57
20-04-2025,UPIP2M105674425897TSSPDCLUPIUPIN,033594336103,"2,050.69",,1073649.88
21-04-2025,UPIP2A617480515408NehaYadavUPIUTIB,805000851157,,"6,200.99",1079850.87
21-04-2025,UPIP2M311846314483NykaaUPIPAYTM,173198906301,"1,950.77",,1077900.10
21-04-2025,UPIP2M280645297837SwiggyUPIICICI,623437539769,"2,450.28",,1075449.82
22-04-2025,UPIP2M977696376989OlaCabsUPIPAYTM,907716608743,270.26,,1075179.56
22-04-2025,UPIP2M989277562138JioRechargeUPIPAYTM,589673491350,519.00,,1074660.56
23-04-2025,UPIP2M193746399278IndaneGasUPIICICI,745089496427,"1,700.63",,1072959.93
23-04-2025,UPIP2M193878199685RapidoUPIPAYTM,979550456422,860.69,,1072099.24
24-04-2025,UPIP2M858188132010BSNLBroadbanUPIRAZORPAY,301082897181,549.00,,1071550.24
24-04-2025,UPIP2A914963832207SwatiKapoorUPIFDRL,632133818331,,"19,950.29",1091500.53
25-04-2025,UPIP2M639128978664ZomatoUPIICICI,216888458631,"2,450.22",,1089050.31
25-04-2025,UPIP2A699559122167SunilDesaiUPIBKID,172497417479,,"7,700.14",1096750.45
26-04-2025,UPIP2A858686254710KiranBanerjeUPIBDBL,654868860721,,"8,700.19",1105450.64
27-04-2025,POS MORE SUPER MARKET DELHI,247493221876,"2,950.26",,1102500.38
28-04-2025,UPIP2M824465945226JioRechargeUPIPAYTM,540866552606,269.00,,1102231.38
01-05-2025,GST ON CHARGES,312355396200,41.40,,1102189.98
01-05-2025,Monthly Service Chrgs,419517772987,230.00,,1101959.98
01-05-2025,POS BRAND FACTORY DELHI,234161038301,"3,450.43",,1098509.55
01-05-2025,ATMCASHAXISEUK93634106DELHI,436307302052,"2,500.00",,1096009.55
02-05-2025,POS CENTRAL MALL DELHI,449954673547,"7,700.43",,1088309.12
05-05-2025,UPIP2A255443957330DeepakSrivasUPIUCBA,995996007230,,"13,500.35",1101809.47
05-05-2025,ATMCASHAXISEGX46989408DELHI,155716227550,"7,500.00",,1094309.47
06-05-2025,UPIP2M919418033760JioRechargeUPIICICI,360557422873,720.99,,1093588.48
06-05-2025,POS SHELL FUEL STATION DELHI,504747019247,"2,050.38",,1091538.10
07-05-2025,SALARY/S9037146466729/Arvind Ltd,425311123195,,"52,086.64",1143624.74
07-05-2025,UPIP2M038895069920JioRechargeUPIPAYTM,528779113516,219.00,,1143405.74
07-05-2025,UPIP2M992578447838BlinkitUPIICICI,475493665350,610.40,,1142795.34
07-05-2025,UPIP2M823894723973BlinkitUPIICICI,879462863535,570.05,,1142225.29
08-05-2025,UPIP2M545153886166RapidoUPIPAYTM,913300963611,470.13,,1141755.16
08-05-2025,POS SHELL FUEL STATION DELHI,674656490731,"2,000.26",,1139754.90
08-05-2025,UPIP2M226083709500SwiggyUPIICICI,680169389013,"1,430.67",,1138324.23
08-05-2025,NACH/MANDATE/RNT2174531/RENT MANDATE,109520893147,"10,000.00",,1128324.23
09-05-2025,UPIP2M686610112892UberIndiaUPIPAYTM,425048883006,550.73,,1127773.50
09-05-2025,UPIP2M439244417331JioRechargeUPIPAYTM,659327236949,769.00,,1127004.50
10-05-2025,NACH/MANDATE/LN920562822416/ICICI Bank Home Loan,257149303402,"5,000.00",,1122004.50
11-05-2025,UPIP2A727053964163RakeshChopraUPIPUNB,727907431681,,"11,900.10",1133904.60
11-05-2025,UPIP2A806904500560PrashantNambUPIUTIB,106125648148,,"18,600.45",1152505.05
11-05-2025,ATMCASHAXISWHC02546998DELHI,357581441226,"2,000.00",,1150505.05
12-05-2025,UPIP2M934002378380GirishJainUPIBDBL,239914826716,"3,850.00",,1146655.05
12-05-2025,POS METRO CASH CARRY DELHI,490363094567,500.20,,1146154.85
12-05-2025,UPIP2M216112379281NykaaUPIICICI,412839993730,949.00,,1145205.85
12-05-2025,UPIP2M331891387359DunzoUPIICICI,152110620612,560.39,,1144645.46
12-05-2025,NACH/MANDATE/SIP0417255/Mirae Asset MF,647274635658,"14,500.00",,1130145.46
14-05-2025,POS SHOPPERS STOP DELHI,358270225880,"2,600.55",,1127544.91
15-05-2025,UPIP2A940385266178LalitBoseUPIHDFC,588159925703,,"16,700.46",1144245.37
15-05-2025,POS STAR BAZAAR DELHI,660291442775,"6,650.34",,1137595.03
15-05-2025,POS VISHAL MEGA MART DELHI,684206465206,"6,000.38",,1131594.65
15-05-2025,UPIP2A069942714023AnkitReddyUPIFDRL,690251966925,,"10,000.92",1141595.57
16-05-2025,UPIP2M424168591359TSSPDCLUPIUPIN,652163299348,"4,000.93",,1137594.64
16-05-2025,UPIP2M596047570390DunzoUPIICICI,580599930560,620.47,,1136974.17
16-05-2025,UPIP2M882645318892OlaCabsUPIICICI,667930968157,"2,700.80",,1134273.37
18-05-2025,UPIP2M593065829559BSNLBroadbanUPIRAZORPAY,623015505178,599.00,,1133674.37
19-05-2025,UPIP2A285177066000ArunPandeyUPIHDFC,772842761592,,"16,800.96",1150475.33
19-05-2025,UPIP2A073252424433VikramMenonUPIFDRL,395234719192,,"9,000.32",1159475.65
19-05-2025,ATMCASHAXISCWS04052543DELHI,432562717344,"8,000.00",,1151475.65
20-05-2025,UPIP2M220682389159NykaaUPIPAYTM,516199248017,"3,600.84",,1147874.81
21-05-2025,UPIP2M041230562820RapidoUPIPAYTM,330462346288,700.03,,1147174.78
21-05-2025,UPIP2M267800787908JioRechargeUPIPAYTM,170530722834,869.00,,1146305.78
21-05-2025,UPIP2M882865974923JioRechargeUPIICICI,876937868874,870.98,,1145434.80
22-05-2025,UPIP2M696486807375UberIndiaUPIPAYTM,306498037371,150.77,,1145284.03
23-05-2025,UPIP2M371053719906RaviGuptaUPIBKID,581896026540,"7,150.97",,1138133.06
23-05-2025,UPIP2M983885182720UberIndiaUPIPAYTM,404279222940,800.19,,1137332.87
24-05-2025,ATMCASHAXISYAE18978104DELHI,798515216991,"7,500.00",,1129832.87
24-05-2025,UPIP2M585086921943IndaneGasUPIICICI,734798474571,"1,600.42",,1128232.45
24-05-2025,POS HP PETROL PUMP DELHI,151779616998,"1,400.67",,1126831.78
25-05-2025,UPIP2M241982887911PoojaChopraUPIHDFC,411538452264,"1,550.14",,1125281.64
25-05-2025,UPIP2M336185036223JioRechargeUPIICICI,123219953537,"1,710.02",,1123571.62
25-05-2025,UPIP2M905218263312AmazonPayUPIICICI,572348099686,440.74,,1123130.88
25-05-2025,UPIP2A007804138586RituSenUPIFDRL,971084832978,,"21,000.99",1144131.87
26-05-2025,ATMCASHAXISQPQ62750476DELHI,683094049773,"7,000.00",,1137131.87
26-05-2025,Monthly Service Chrgs,711656594210,160.00,,1136971.87
26-05-2025,GST ON CHARGES,227565896021,28.80,,1136943.07
26-05-2025,UPIP2M140733658002MedPlusHealtUPIICICI,741171720138,"2,180.68",,1134762.39
28-05-2025,UPIP2A385931717010KapilRaoUPIPUNB,109839929289,,"4,300.48",1139062.87
28-05-2025,POS SHELL FUEL STATION DELHI,297984902165,"2,450.16",,1136612.71
28-05-2025,ATMCASHAXISVCP12051440DELHI,597572850074,"2,000.00",,1134612.71
29-05-2025,UPIP2A134170953789MohanSethiUPIBKID,561657858302,,"12,600.73",1147213.44
30-05-2025,UPIP2M602144369086RakeshPandeyUPIKKBK,117745369090,"15,850.76",,1131362.68
31-05-2025,POS VISHAL MEGA MART DELHI,935729340726,"7,500.85",,1123861.83
31-05-2025,UPIP2M666151702571ManishMenonUPIUTIB,409036182996,"14,050.60",,1109811.23
31-05-2025,POS STAR BAZAAR DELHI,022600128699,"1,250.52",,1108560.71
31-05-2025,UPIP2A951761187627KrishnaMehtaUPIUTIB,456081262075,,"20,900.41",1129461.12
03-06-2025,POS BHARAT PETROLEUM DELHI,388613108157,"1,750.67",,1127710.45
04-06-2025,UPIP2M513143032367SaritaDesaiUPISBIN,977767486306,"16,950.28",,1110760.17
05-06-2025,UPIP2M121857047837IshaKumarUPIUTIB,481201945077,"11,750.44",,1099009.73
05-06-2025,UPIP2M963233609349JioRechargeUPIICICI,260854701532,"1,700.00",,1097309.73
06-06-2025,UPIP2M775280747361UberIndiaUPIPAYTM,281135631105,370.87,,1096938.86
07-06-2025,UPIP2M190693053690PaytmMallUPIICICI,492104377150,"2,380.04",,1094558.82
07-06-2025,SALARY/S7862199462343/Arvind Ltd,665369384305,,"53,060.64",1147619.46
08-06-2025,UPIP2M060198160705ZeptoUPIICICI,559890083291,"2,360.90",,1145258.56
09-06-2025,NACH/MANDATE/RNT2966870/RENT MANDATE,806157244171,"10,000.00",,1135258.56
09-06-2025,UPIP2M938426800958LataChopraUPIKKBK,466232938593,"18,100.16",,1117158.40
09-06-2025,POS BRAND FACTORY DELHI,534159514103,"8,150.82",,1109007.58
09-06-2025,UPIP2M371057077695LICofIndiaUPILICI,860664480575,"7,400.00",,1101607.58
09-06-2025,UPIP2M664211320668BSNLBroadbanUPIRAZORPAY,137605868742,599.00,,1101008.58
09-06-2025,UPIP2M981621302556JioRechargeUPIPAYTM,154462294577,879.00,,1100129.58
10-06-2025,ATMCASHAXISZZB33475497DELHI,243182019832,"8,500.00",,1091629.58
11-06-2025,UPIP2M056418541676PhonePeMerchUPIICICI,706071743192,"1,310.98",,1090318.60
11-06-2025,UPIP2M129171563677RaviPillaiUPIPUNB,645880970704,"15,500.88",,1074817.72
11-06-2025,NACH/MANDATE/SIP8802953/Mirae Asset MF,119480291465,"14,500.00",,1060317.72
12-06-2025,ATMCASHAXISPKT70032091DELHI,176720050457,"10,000.00",,1050317.72
12-06-2025,UPIP2M581789943720OlaCabsUPIICICI,668799865238,"1,930.17",,1048387.55
13-06-2025,UPIP2M080233395493TSSPDCLUPIUPIN,354945669977,"2,350.45",,1046037.10
13-06-2025,UPIP2M297171702076FlipkartUPIICICI,077268030439,"2,770.49",,1043266.61
14-06-2025,NACH/MANDATE/LN920562822416/ICICI Bank Home Loan,898818874390,"5,000.00",,1038266.61
14-06-2025,POS INDIAN OIL DELHI,825660866740,"3,000.02",,1035266.59
14-06-2025,UPIP2M726401729889JioRechargeUPIPAYTM,674910765155,229.00,,1035037.59
14-06-2025,POS V MART DELHI,396122209288,"5,900.29",,1029137.30
15-06-2025,UPIP2M106844121663SwiggyUPIICICI,548900887316,210.15,,1028927.15
15-06-2025,UPIP2M372993692553ZomatoUPIICICI,477727132171,"1,680.56",,1027246.59
15-06-2025,UPIP2M175210042285JioRechargeUPIPAYTM,187759305769,579.00,,1026667.59
16-06-2025,UPIP2M018499295510PhonePeMerchUPIICICI,858361623195,910.74,,1025756.85
16-06-2025,UPIP2M475144245502KamalSrivastUPIFDRL,860067653950,"2,700.56",,1023056.29
16-06-2025,UPIP2A415152615091NehaTiwariUPIBDBL,691617707240,,"8,850.52",1031906.81
17-06-2025,POS D MART DELHI,792285200859,"4,200.30",,1027706.51
18-06-2025,UPIP2M333970862337OlaCabsUPIICICI,918458387778,"1,940.12",,1025766.39
18-06-2025,UPIP2M821203066572RapidoUPIPAYTM,947688823420,720.19,,1025046.20
18-06-2025,UPIP2M882138992260DunzoUPIICICI,507890496332,"2,310.38",,1022735.82
19-06-2025,UPIP2M335697191619GirishPatelUPIUCBA,732028907233,"17,000.32",,1005735.50
19-06-2025,UPIP2M517949914376JioRechargeUPIPAYTM,514856793927,349.00,,1005386.50
20-06-2025,UPIP2M790107051149IndaneGasUPIICICI,156940537047,"1,850.36",,1003536.14
20-06-2025,UPIP2M256923557989RapidoUPIPAYTM,198458412971,250.09,,1003286.05
20-06-2025,UPIP2M234134250124UberIndiaUPIPAYTM,407762017122,590.03,,1002696.02
21-06-2025,UPIP2M089176986715OlaCabsUPIICICI,042464238105,"1,340.34",,1001355.68
21-06-2025,UPIP2M335782604958FlipkartUPIICICI,860760184386,550.15,,1000805.53
22-06-2025,UPIP2M619337902565SachinNairUPIUTIB,425372875385,"10,500.55",,990304.98
22-06-2025,UPIP2M041914727748BSNLBroadbanUPIICICI,207472263175,"1,120.94",,989184.04
23-06-2025,UPIP2M518245383893NykaaUPIPAYTM,912379265292,"2,250.07",,986933.97
23-06-2025,UPIP2M345540724999UberIndiaUPIPAYTM,535024385352,380.93,,986553.04
24-06-2025,UPIP2A215711308094RameshDesaiUPIKKBK,521430744455,,"2,650.99",989204.03
24-06-2025,UPIP2M1833226559361mgUPIICICI,495338580479,"2,540.50",,986663.53
24-06-2025,UPIP2M779840472734SoniaNambiarUPIBARB,353786204964,"1,000.76",,985662.77
25-06-2025,UPIP2M750771812354PoonamAgarwaUPIFDRL,774578527434,"20,150.80",,965511.97
25-06-2025,UPIP2M646492568251ApolloPharmaUPIICICI,511711729438,999.00,,964512.97
26-06-2025,ATMCASHAXISXTD99198655DELHI,112937147332,"8,000.00",,956512.97
27-06-2025,UPIP2M495740944134PhonePeMerchUPIICICI,611609341631,"1,370.19",,955142.78
27-06-2025,UPIP2A491015788058ArchanaNairUPIBDBL,542534730377,,"18,600.79",973743.57
28-06-2025,ATMCASHAXISKEA42377376DELHI,319608282408,"7,000.00",,966743.57
28-06-2025,INTEREST CREDIT,419342412939,,800.30,967543.87
29-06-2025,UPIP2M858122635259BSNLBroadbanUPIICICI,032934003814,"2,640.56",,964903.31
30-06-2025,GST ON CHARGES,482001489855,46.80,,964856.51
30-06-2025,Monthly Service Chrgs,104038188355,260.00,,964596.51
30-06-2025,UPIP2A484760261088PallaviMalhoUPIKKBK,869363243648,,"4,550.38",969146.89
01-07-2025,UPIP2M337069951693FlipkartUPIICICI,776122188832,470.35,,968676.54
01-07-2025,UPIP2A877649029003SantoshMenonUPIPUNB,293971790852,,"9,900.61",978577.15
01-07-2025,UPIP2M447195326827AnjaliDubeyUPIHDFC,006629343116,"18,800.20",,959776.95
02-07-2025,UPIP2M021300893286OlaCabsUPIPAYTM,158382531197,770.31,,959006.64
02-07-2025,UPIP2A795047398048RajeshNaikUPIUTIB,325288697066,,"1,250.53",960257.17
03-07-2025,UPIP2A841587995913SoniaKumarUPIKKBK,068540685587,,"20,600.51",980857.68
04-07-2025,UPIP2M510526979946ZomatoUPIICICI,778776631285,970.64,,979887.04
04-07-2025,UPIP2M982014309401RapidoUPIPAYTM,690194363728,360.12,,979526.92
05-07-2025,UPIP2M265934345275OlaCabsUPIICICI,365686413740,"2,270.29",,977256.63
06-07-2025,SALARY/S4294041298102/Arvind Ltd,856645132516,,"50,783.64",1028040.27
06-07-2025,POS INDIAN OIL DELHI,949077901518,"4,200.10",,1023840.17
06-07-2025,UPIP2M403212381084SaurabhMukheUPIFDRL,693320357855,"12,200.38",,1011639.79
08-07-2025,NACH/MANDATE/RNT3877362/RENT MANDATE,269054139143,"10,000.00",,1001639.79
09-07-2025,UPIP2M050744081120VikramPandeyUPIBDBL,135902355871,"3,300.79",,998339.00
10-07-2025,UPIP2M234603552049NishaBoseUPIUTIB,592072319215,"1,750.31",,996588.69
10-07-2025,UPIP2A494364812382KrishnaPillaUPIHDFC,837842297594,,"6,200.63",1002789.32
10-07-2025,NACH/MANDATE/LN920562822416/ICICI Bank Home Loan,435938664381,"5,000.00",,997789.32
11-07-2025,UPIP2M997073632913JioRechargeUPIICICI,167973843846,370.35,,997418.97
11-07-2025,POS BRAND FACTORY DELHI,827956810336,"2,400.80",,995018.17
11-07-2025,NACH/MANDATE/SIP3735160/Mirae Asset MF,529146504581,"14,500.00",,980518.17
11-07-2025,UPIP2A857677158750VijayNaikUPIFDRL,454334809213,,"6,000.09",986518.26
12-07-2025,UPIP2M202827219108SwatiSenUPIUCBA,408559513165,350.91,,986167.35
12-07-2025,UPIP2M042830999005JioRechargeUPIICICI,421566731041,540.93,,985626.42
12-07-2025,UPIP2M258268045210OlaCabsUPIPAYTM,563845064868,210.19,,985416.23
12-07-2025,UPIP2M534617233824SoniaSaxenaUPIKKBK,928559543354,"14,800.12",,970616.11
12-07-2025,UPIP2M728663641740GopalSharmaUPIBARB,862832912406,"10,100.91",,960515.20
12-07-2025,POS METRO CASH CARRY DELHI,334077771750,"4,950.08",,955565.12
13-07-2025,UPIP2M623546964105FlipkartUPIICICI,636631425782,"1,100.13",,954464.99
14-07-2025,POS BHARAT PETROLEUM DELHI,235477677681,"1,500.63",,952964.36
15-07-2025,UPIP2M176493189782JioRechargeUPIPAYTM,209669224462,199.00,,952765.36
15-07-2025,UPIP2M167313934599FlipkartUPIICICI,569908182603,"1,680.58",,951084.78
15-07-2025,POS V MART DELHI,483607077905,550.14,,950534.64
16-07-2025,UPIP2A306896744933VijayAgarwalUPIHDFC,114868878633,,"6,050.36",956585.00
16-07-2025,UPIP2M495618259145UberIndiaUPIPAYTM,843158336275,500.86,,956084.14
16-07-2025,UPIP2M504408942783MyntraUPIPAYTM,287411607311,"5,650.71",,950433.43
16-07-2025,UPIP2M855505253670AmazonPayUPIICICI,838812874518,810.79,,949622.64
16-07-2025,UPIP2A242746148744ArunMehtaUPIUCBA,363086113376,,"6,550.15",956172.79
16-07-2025,UPIP2M240633789140IndaneGasUPIICICI,879224631412,"2,400.39",,953772.40
16-07-2025,POS PANTALOONS DELHI,240920673378,"1,300.54",,952471.86
17-07-2025,UPIP2M829385697736BigBasketUPIICICI,518045382596,390.89,,952080.97
19-07-2025,UPIP2A495772597120ArjunKhannaUPIBKID,239976695730,,"2,000.09",954081.06
19-07-2025,POS SHELL FUEL STATION DELHI,352929988159,"1,500.93",,952580.13
20-07-2025,UPIP2M779428753752JioRechargeUPIPAYTM,416292825805,279.00,,952301.13
20-07-2025,IMPS/395866472581/Anil Naik/KKBK,616696359513,"1,200.56",,951100.57
20-07-2025,POS BRAND FACTORY DELHI,997706190063,"3,350.98",,947749.59
20-07-2025,UPIP2M192821452011FlipkartUPIPAYTM,371986277904,"4,800.00",,942949.59
22-07-2025,UPIP2M211040695120TSSPDCLUPIUPIN,162652973854,"4,100.17",,938849.42
22-07-2025,UPIP2M583413970650OlaCabsUPIICICI,784809596924,"1,880.82",,936968.60
22-07-2025,UPIP2M791659869217ArchanaThapaUPIFDRL,320035418288,"2,800.88",,934167.72
22-07-2025,UPIP2M020721473578DunzoUPIICICI,391245086867,"1,810.05",,932357.67
22-07-2025,UPIP2A948476788044AshishShahUPIBDBL,331402071055,,"7,750.35",940108.02
23-07-2025,UPIP2M058990348313JioRechargeUPIPAYTM,647825096332,219.00,,939889.02
23-07-2025,UPIP2M480597107224ManishAhujaUPIHDFC,008979704190,"1,900.57",,937988.45
24-07-2025,IMPS/796926691026/Santosh Dubey/FDRL,471673644210,"5,000.42",,932988.03
24-07-2025,POS MAX FASHION DELHI,140824347057,"4,750.80",,928237.23
25-07-2025,UPIP2A262871417644BrijeshPatelUPIPUNB,167265180527,,"8,800.03",937037.26
25-07-2025,UPIP2M523920961004MeenaBoseUPIBARB,281888952788,"1,000.55",,936036.71
26-07-2025,UPIP2M736262559404BSNLBroadbanUPIICICI,109424494931,310.47,,935726.24
26-07-2025,UPIP2M277552819252AmazonPayUPIICICI,929417609713,"1,990.12",,933736.12
27-07-2025,ATMCASHAXISZWM66262596DELHI,189228624805,"8,500.00",,925236.12
28-07-2025,UPIP2M393353598953SoniaChopraUPIBKID,474807661453,"18,300.03",,906936.09
29-07-2025,UPIP2M166122668526MyntraUPIICICI,173527502426,699.00,,906237.09
29-07-2025,UPIP2M661343504372AmazonPayUPIICICI,664874361969,"2,400.32",,903836.77
30-07-2025,POS V MART DELHI,956924780564,"7,350.33",,896486.44
30-07-2025,UPIP2M215179362965DunzoUPIICICI,090320649395,"2,690.93",,893795.51
30-07-2025,POS SHOPPERS STOP DELHI,405078914693,"4,700.59",,889094.92
31-07-2025,ATMCASHAXISVLU56522125DELHI,562671026588,"1,500.00",,887594.92
01-08-2025,POS LIFESTYLE STORES DELHI,208944061888,950.33,,886644.59
01-08-2025,UPIP2M162286081397BSNLBroadbanUPIICICI,943351971583,210.88,,886433.71
02-08-2025,UPIP2M992662197151ZeptoUPIICICI,924116588541,"1,400.38",,885033.33
02-08-2025,UPIP2M928835168389OlaCabsUPIICICI,285544620123,"1,730.31",,883303.02
02-08-2025,UPIP2M783891348563ZeptoUPIICICI,308966625959,"2,590.56",,880712.46
03-08-2025,POS D MART DELHI,093535782188,"7,900.31",,872812.15
03-08-2025,POS MORE SUPER MARKET DELHI,909365797449,900.30,,871911.85
04-08-2025,UPIP2M500081609375AmazonPayUPIICICI,601904229044,"1,280.50",,870631.35
04-08-2025,UPIP2M990380838914RakeshYadavUPIFDRL,134471586475,"4,700.33",,865931.02
05-08-2025,POS INDIAN OIL DELHI,678177941454,"3,800.45",,862130.57
05-08-2025,UPIP2M256395355234VivekSethiUPISBIN,854106278159,"15,350.93",,846779.64
07-08-2025,SALARY/S2159084449735/Arvind Ltd,945593124673,,"54,338.64",901118.28
07-08-2025,POS RELIANCE MART DELHI,571583006558,"1,950.20",,899168.08
08-08-2025,UPIP2M578509550509IshaKumarUPIUTIB,072280387517,"14,950.20",,884217.88
08-08-2025,POS D MART DELHI,760667282092,"2,300.60",,881917.28
09-08-2025,UPIP2M284522360189RapidoUPIPAYTM,418539952592,700.62,,881216.66
09-08-2025,UPIP2M772724832492NykaaUPIICICI,810900165799,999.00,,880217.66
09-08-2025,UPIP2A445920760833AbhishekPateUPIFDRL,959579918443,,"11,950.12",892167.78
09-08-2025,UPIP2M098159656771OlaCabsUPIICICI,466242377200,"1,470.85",,890696.93
10-08-2025,UPIP2M161024857409JioRechargeUPIPAYTM,114440617618,979.00,,889717.93
11-08-2025,UPIP2M397592490162RohitPillaiUPIUTIB,439373151537,250.31,,889467.62
11-08-2025,UPIP2M283902848937RapidoUPIPAYTM,279099927129,510.93,,888956.69
11-08-2025,NACH/MANDATE/LN920562822416/ICICI Bank Home Loan,476238041990,"5,000.00",,883956.69
11-08-2025,NACH/MANDATE/RNT2302617/RENT MANDATE,329141277608,"10,000.00",,873956.69
12-08-2025,UPIP2M809072383686AbhishekAhujUPIFDRL,481701328054,"1,750.62",,872206.07
13-08-2025,UPIP2M514874966946JioRechargeUPIICICI,263361327109,780.28,,871425.79
14-08-2025,ATMCASHAXISMRL90759709DELHI,960937371785,"9,000.00",,862425.79
14-08-2025,UPIP2M840854109107PaytmMallUPIICICI,685769042017,"1,130.66",,861295.13
14-08-2025,UPIP2M757910361765OlaCabsUPIPAYTM,889813707889,480.39,,860814.74
15-08-2025,UPIP2M151167442319BabitaIyerUPIPUNB,729208954687,"8,450.07",,852364.67
15-08-2025,UPIP2M415674968554PreetiChatteUPIKKBK,387586645805,"14,200.68",,838163.99
16-08-2025,UPIP2M587471730354PhonePeMerchUPIICICI,348202941450,"1,740.24",,836423.75
17-08-2025,UPIP2M728012220094PaytmMallUPIICICI,769131107811,"1,010.71",,835413.04
17-08-2025,UPIP2M645370609461JioRechargeUPIPAYTM,803087662201,289.00,,835124.04
17-08-2025,NACH/MANDATE/SIP2109271/Mirae Asset MF,215226363717,"14,500.00",,820624.04
17-08-2025,UPIP2M336513056150MeenaDasUPIBARB,041193140455,"19,200.22",,801423.82
18-08-2025,UPIP2M007543401097BSNLBroadbanUPIRAZORPAY,254826998290,"1,149.00",,800274.82
19-08-2025,UPIP2M242235037025TSSPDCLUPIUPIN,019628167596,"3,600.23",,796674.59
20-08-2025,POS RELIANCE PETROLEUM DELHI,631300592899,"3,000.22",,793674.37
20-08-2025,POS HP PETROL PUMP DELHI,113189494368,"3,000.82",,790673.55
20-08-2025,UPIP2M050494731842FlipkartUPIPAYTM,482489961386,"3,350.95",,787322.60
21-08-2025,UPIP2M435160875318UberIndiaUPIPAYTM,796530336701,640.99,,786681.61
22-08-2025,UPIP2M437915234716IndaneGasUPIICICI,020141363679,"2,150.38",,784531.23
22-08-2025,UPIP2M391683113391ZomatoUPIICICI,253749132194,"1,090.19",,783441.04
22-08-2025,UPIP2M865694863920BigBasketUPIICICI,807407406932,740.31,,782700.73
22-08-2025,NEFT/N3129881763232/Arvind Ltd/UTIB0334584,053369799676,,"36,500.97",819201.70
22-08-2025,ATMCASHAXISBCJ21500715DELHI,627177323872,"7,000.00",,812201.70
23-08-2025,UPIP2M170389335651JioRechargeUPIPAYTM,969760391992,779.00,,811422.70
23-08-2025,UPIP2M226353401935GauravAhujaUPIPUNB,847033492361,450.10,,810972.60
23-08-2025,UPIP2M306591529402VishalMalhotUPIFDRL,900429897467,"19,250.97",,791721.63
25-08-2025,UPIP2A881426211024ManishNaikUPIUTIB,185255742370,,"11,250.43",802972.06
25-08-2025,UPIP2M532865401852SwiggyUPIICICI,240670727957,"1,940.50",,801031.56
27-08-2025,UPIP2M208132180866VikasKhannaUPIHDFC,280992806287,"6,800.62",,794230.94
27-08-2025,UPIP2M975719121781MeeshoUPIPAYTM,048678934159,"2,350.05",,791880.89
28-08-2025,UPIP2M661656448335PaytmMallUPIICICI,863124890584,"1,850.84",,790030.05
29-08-2025,UPIP2M179926298151UberIndiaUPIICICI,809844678337,"1,850.55",,788179.50
29-08-2025,UPIP2M759330864001AshishMishraUPIUTIB,946187322056,"13,900.03",,774279.47
29-08-2025,UPIP2M211333457396OlaCabsUPIICICI,430613364645,760.30,,773519.17
30-08-2025,POS RELIANCE MART DELHI,048571253522,700.49,,772818.68
30-08-2025,UPIP2M978736069897PhonePeMerchUPIICICI,407481291966,"1,820.97",,770997.71
30-08-2025,UPIP2M685947792613IshaPatilUPIBDBL,562955918286,"13,450.77",,757546.94
31-08-2025,UPIP2M584211070251PhonePeMerchUPIICICI,035290985047,990.16,,756556.78
31-08-2025,ATMCASHAXISJXN55906859DELHI,107134888128,"8,500.00",,748056.78
01-09-2025,POS RELIANCE PETROLEUM DELHI,479160041976,"2,150.01",,745906.77
01-09-2025,UPIP2M503538246852NaveenKhannaUPIBKID,363570393022,"19,500.68",,726406.09
01-09-2025,UPIP2A735019173060ArchanaMehtaUPIPUNB,565548650376,,"10,500.03",736906.12
02-09-2025,UPIP2M225870871637JioRechargeUPIPAYTM,891990157859,999.00,,735907.12
02-09-2025,UPIP2A705755379519AjayChaudharUPIUCBA,653599459284,,"10,650.26",746557.38
02-09-2025,UPIP2M199904291490NykaaUPIPAYTM,350879532157,"5,000.28",,741557.10
03-09-2025,UPIP2M957333644402BSNLBroadbanUPIICICI,921739461521,"1,290.06",,740267.04
03-09-2025,POS HP PETROL PUMP DELHI,548701667323,"1,650.18",,738616.86
04-09-2025,UPIP2M930065612663BlinkitUPIICICI,577053325205,"1,400.64",,737216.22
04-09-2025,UPIP2A620023113106AkashKumarUPIHDFC,591944107401,,"21,100.37",758316.59
04-09-2025,UPIP2M890739199220LICofIndiaUPILICI,503751463890,"7,400.00",,750916.59
04-09-2025,UPIP2M404581778579VikasTiwariUPISBIN,748811331200,"9,450.40",,741466.19
04-09-2025,UPIP2M154600864833BigBasketUPIICICI,819237173363,"2,110.05",,739356.14
05-09-2025,UPIP2A697302855454SeemaKulkarnUPIKKBK,592170131336,,"15,400.97",754757.11
05-09-2025,UPIP2M604698064984DunzoUPIICICI,451818448391,"1,130.18",,753626.93
05-09-2025,UPIP2M294964557752JioRechargeUPIICICI,410607823740,390.19,,753236.74
05-09-2025,IMPS/195553103530/Deepa Mukherjee/FDRL,596993231438,"29,400.54",,723836.20
05-09-2025,UPIP2M816997941983MyntraUPIPAYTM,605776970458,550.72,,723285.48
05-09-2025,UPIP2M160680158231ZeptoUPIICICI,445516786491,670.91,,722614.57
06-09-2025,UPIP2M137242111621SanjaySharmaUPISBIN,275260377725,"10,400.09",,712214.48
06-09-2025,UPIP2M310210910498RapidoUPIPAYTM,780774367920,320.60,,711893.88
06-09-2025,UPIP2M080061724063FlipkartUPIICICI,696837965040,850.97,,711042.91
07-09-2025,UPIP2M808147255044MedPlusHealtUPIICICI,135797278145,"3,040.35",,708002.56
07-09-2025,UPIP2M469920354114ShwetaYadavUPIUCBA,528134277143,"8,600.36",,699402.20
07-09-2025,SALARY/S6068371004462/Arvind Ltd,358683435722,,"51,118.64",750520.84
09-09-2025,UPIP2M779097945559AmazonPayUPIPAYTM,535136282589,"5,700.07",,744820.77
09-09-2025,POS CENTRAL MALL DELHI,709022751300,"7,900.71",,736920.06
10-09-2025,POS SHOPPERS STOP DELHI,023940307227,"5,600.95",,731319.11
10-09-2025,NACH/MANDATE/RNT4088665/RENT MANDATE,099415208803,"10,000.00",,721319.11
11-09-2025,UPIP2M770938837615OlaCabsUPIPAYTM,343611508774,790.40,,720528.71
11-09-2025,UPIP2A348952737205SumitTiwariUPIBARB,840324483836,,"12,350.03",732878.74
11-09-2025,POS LIFESTYLE STORES DELHI,523450859304,"2,250.32",,730628.42
12-09-2025,UPIP2M896182854330TSSPDCLUPIUPIN,199882029432,950.70,,729677.72
13-09-2025,UPIP2M398772458139HimanshuSingUPIFDRL,915721636255,"21,950.95",,707726.77
13-09-2025,POS BHARAT PETROLEUM DELHI,290170587596,"3,850.20",,703876.57
14-09-2025,NACH/MANDATE/LN920562822416/ICICI Bank Home Loan,685237057420,"5,000.00",,698876.57
14-09-2025,POS D MART DELHI,427570543411,"1,450.57",,697426.00
14-09-2025,NACH/MANDATE/SIP3327512/Mirae Asset MF,846355208063,"14,500.00",,682926.00
15-09-2025,UPIP2M634087464306IndaneGasUPIICICI,680766734091,"2,550.07",,680375.93
17-09-2025,POS BRAND FACTORY DELHI,662598850460,300.04,,680075.89
17-09-2025,UPIP2M077375967934SoniaJoshiUPIHDFC,341619642974,"6,850.45",,673225.44
17-09-2025,UPIP2M303806335142RapidoUPIPAYTM,206210655887,700.22,,672525.22
18-09-2025,ATMCASHAXISYYV25763306DELHI,176862703239,"3,000.00",,669525.22
19-09-2025,POS INDIAN OIL DELHI,235765900146,"4,500.36",,665024.86
20-09-2025,ATMCASHAXISWTP42988686DELHI,303448404522,"9,000.00",,656024.86
20-09-2025,UPIP2M546145767962PreetiChatteUPIBKID,431747090051,"20,200.89",,635823.97
20-09-2025,UPIP2M479955326284DunzoUPIICICI,481389665643,730.32,,635093.65
20-09-2025,UPIP2M322290428458JioRechargeUPIPAYTM,340644832912,969.00,,634124.65
20-09-2025,NEFT/N5553728588383/HDFC Life Insurance/SBIN0395538,260668411444,,"12,500.33",646624.98
21-09-2025,UPIP2M759467941779HarishMehtaUPIUTIB,039482699281,"1,600.27",,645024.71
22-09-2025,POS STAR BAZAAR DELHI,425280682438,"3,600.54",,641424.17
22-09-2025,UPIP2M260222729824JioRechargeUPIPAYTM,860051568558,279.00,,641145.17
22-09-2025,UPIP2M538925212979ZomatoUPIICICI,389054629913,730.10,,640415.07
23-09-2025,ATMCASHAXISCGW71660759DELHI,270389431373,"3,000.00",,637415.07
25-09-2025,UPIP2A064947762523RadhaSrivastUPIPUNB,338743592277,,"7,800.10",645215.17
26-09-2025,UPIP2A769785459536RekhaKumarUPIBDBL,294578696655,,"9,750.93",654966.10
26-09-2025,UPIP2M391512940270JioRechargeUPIPAYTM,971446438619,339.00,,654627.10
27-09-2025,UPIP2M478251163030AmazonPayUPIICICI,773510981263,"2,260.96",,652366.14
27-09-2025,UPIP2M559666763407GeetaChatterUPIBARB,248799350807,"21,850.70",,630515.44
27-09-2025,UPIP2M547681102636NehaNaikUPIHDFC,620039666555,"8,150.06",,622365.38
27-09-2025,UPIP2M567752446395JioRechargeUPIPAYTM,756216373106,339.00,,622026.38
28-09-2025,INTEREST CREDIT,586643414143,,535.64,622562.02
30-09-2025,UPIP2M050607663104RenuKhannaUPIFDRL,683250313530,"12,750.39",,609811.63
01-10-2025,POS VISHAL MEGA MART DELHI,135885191975,900.01,,608911.62
01-10-2025,UPIP2M716423225897SwiggyUPIICICI,190552572044,410.66,,608500.96
02-10-2025,UPIP2M303698182469AmazonPayUPIICICI,317304818284,"2,040.01",,606460.95
03-10-2025,UPIP2M961042104364RahulVermaUPIKKBK,373586156393,"9,300.61",,597160.34
04-10-2025,ATMCASHAXISYGX67180534DELHI,648426709202,"9,000.00",,588160.34
04-10-2025,POS LIFESTYLE STORES DELHI,532367882223,550.08,,587610.26
05-10-2025,UPIP2M361668408034AmitSharmaUPIHDFC,678432735339,"6,500.36",,581109.90
06-10-2025,UPIP2M628975571544JioRechargeUPIPAYTM,722414372467,499.00,,580610.90
06-10-2025,UPIP2M428058943103UberIndiaUPIPAYTM,486076750880,300.21,,580310.69
06-10-2025,UPIP2M331068196293AbhishekTiwaUPIPUNB,942759555854,"2,600.21",,577710.48
06-10-2025,UPIP2M141243895185BlinkitUPIICICI,920051988596,900.49,,576809.99
07-10-2025,UPIP2M998287574312UberIndiaUPIPAYTM,169825464323,430.05,,576379.94
07-10-2025,SALARY/S3729735585223/Arvind Ltd,230545825397,,"53,794.64",630174.58
07-10-2025,POS LIFESTYLE STORES DELHI,752606478931,"3,900.67",,626273.91
08-10-2025,UPIP2M641266720366RekhaNaikUPIKKBK,212338957688,"10,450.63",,615823.28
08-10-2025,UPIP2M421942547114UberIndiaUPIPAYTM,591207432607,280.82,,615542.46
10-10-2025,NACH/MANDATE/RNT1385504/RENT MANDATE,306613867973,"10,000.00",,605542.46
10-10-2025,UPIP2M290556683162OlaCabsUPIICICI,715586747004,"1,000.40",,604542.06
10-10-2025,UPIP2M014077649950KavyaNaikUPIBDBL,462943080969,"19,500.31",,585041.75
11-10-2025,UPIP2M808766490283NykaaUPIPAYTM,510031283263,"5,450.71",,579591.04
11-10-2025,POS SHELL FUEL STATION DELHI,756569726287,900.51,,578690.53
12-10-2025,UPIP2M696599613798FlipkartUPIICICI,465609563708,"1,640.44",,577050.09
12-10-2025,UPIP2M804663347578SwiggyUPIICICI,865013707736,940.86,,576109.23
12-10-2025,UPIP2M104129732004TSSPDCLUPIUPIN,159248341048,"3,000.12",,573109.11
13-10-2025,UPIP2M771555816916ArchanaChattUPIBDBL,159791095585,"14,400.61",,558708.50
13-10-2025,UPIP2M558965790607BlinkitUPIICICI,018126056096,"2,130.60",,556577.90
14-10-2025,POS SHOPPERS STOP DELHI,331904106355,"2,700.84",,553877.06
15-10-2025,NACH/MANDATE/LN920562822416/ICICI Bank Home Loan,516366638838,"5,000.00",,548877.06
16-10-2025,UPIP2M889888372506IndaneGasUPIICICI,254818420214,"1,250.53",,547626.53
16-10-2025,UPIP2A293166175297SnehaRoyUPIBDBL,492131456269,,"10,350.87",557977.40
16-10-2025,UPIP2M310297269376UberIndiaUPIICICI,707312822853,"2,010.45",,555966.95
16-10-2025,UPIP2M735266142966JyotiDubeyUPIBKID,238394818496,"9,750.98",,546215.97
17-10-2025,UPIP2A349314914112RajeshRoyUPIKKBK,162218866888,,"11,100.11",557316.08
17-10-2025,UPIP2M122011523352OlaCabsUPIICICI,856835399025,"2,030.60",,555285.48
17-10-2025,UPIP2M263895464394JioRechargeUPIPAYTM,899280349152,489.00,,554796.48
18-10-2025,NACH/MANDATE/SIP2753087/Mirae Asset MF,286086762617,"14,500.00",,540296.48
19-10-2025,POS PANTALOONS DELHI,439797888097,"4,950.57",,535345.91
20-10-2025,UPIP2M058847678822OlaCabsUPIICICI,731448897598,500.73,,534845.18
20-10-2025,UPIP2M559696075596JioRechargeUPIICICI,943370741963,"1,980.96",,532864.22
20-10-2025,ATMCASHAXISDWJ09953580DELHI,058982873183,"1,000.00",,531864.22
20-10-2025,UPIP2M301699279009PoojaKapoorUPIKKBK,572374001523,"7,100.92",,524763.30
20-10-2025,POS INDIAN OIL DELHI,916600864805,950.23,,523813.07
21-10-2025,UPIP2M513299235205OlaCabsUPIPAYTM,755309373109,800.00,,523013.07
21-10-2025,UPIP2A038645465911GirishBajajUPIPUNB,162389409352,,"18,750.45",541763.52
21-10-2025,UPIP2M927481713990DunzoUPIICICI,816934821466,130.30,,541633.22
21-10-2025,UPIP2M564294080893ShwetaVermaUPIBDBL,473939269237,"21,050.31",,520582.91
21-10-2025,UPIP2A418617837494RajeshSharmaUPIHDFC,916266329463,,"14,350.84",534933.75
22-10-2025,UPIP2M400376166365UberIndiaUPIPAYTM,773885875018,510.41,,534423.34
23-10-2025,UPIP2M272931985742BSNLBroadbanUPIRAZORPAY,174894655010,799.00,,533624.34
23-10-2025,POS D MART DELHI,383347128796,"5,550.61",,528073.73
24-10-2025,UPIP2M250012098388KrishnaPatilUPIBKID,107407704938,"14,850.55",,513223.18
24-10-2025,IMPS/829063650795/Anil Pillai/UTIB,625758512574,"21,100.28",,492122.90
25-10-2025,UPIP2M099548366443FlipkartUPIICICI,904731179346,"2,470.68",,489652.22
25-10-2025,UPIP2M651028015707ManishMishraUPIFDRL,272471099078,"1,050.36",,488601.86
25-10-2025,POS CENTRAL MALL DELHI,743165160920,"2,650.30",,485951.56
26-10-2025,UPIP2M829441012720SwiggyUPIICICI,388731330112,"2,470.55",,483481.01
27-10-2025,ATMCASHAXISRLR81955980DELHI,845005693885,"7,500.00",,475981.01
28-10-2025,UPIP2M470603350206FlipkartUPIICICI,603735733283,"2,020.61",,473960.40
29-10-2025,POS PANTALOONS DELHI,632200389506,"2,500.87",,471459.53
29-10-2025,UPIP2A806791925514AshishAhujaUPISBIN,799907826636,,"1,500.91",472960.44
29-10-2025,UPIP2M705116820447RapidoUPIPAYTM,584818321250,610.59,,472349.85
31-10-2025,UPIP2M199938410548ZeptoUPIICICI,058703239709,"2,640.03",,469709.82
31-10-2025,GST ON CHARGES,472479145818,102.60,,469607.22
31-10-2025,UPIP2A064313303430KapilKapoorUPIPUNB,823159942811,,"9,250.15",478857.37
31-10-2025,UPIP2M243803845911JioRechargeUPIICICI,987632296957,"1,810.79",,477046.58
31-10-2025,Monthly Service Chrgs,201641838633,570.00,,476476.58
02-11-2025,UPIP2M159874722390MeeshoUPIPAYTM,061769604463,750.38,,475726.20
02-11-2025,UPIP2M845947083402UberIndiaUPIPAYTM,155618185470,890.28,,474835.92
02-11-2025,ATMCASHAXISTVR40520850DELHI,766741055814,"9,500.00",,465335.92
02-11-2025,UPIP2M499933092836DunzoUPIICICI,246815696450,"1,490.96",,463844.96
04-11-2025,UPIP2A780181427469VarshaGhoshUPIUCBA,318352446107,,"11,500.08",475345.04
04-11-2025,ATMCASHAXISJYR25130630DELHI,294544046450,"5,000.00",,470345.04
05-11-2025,UPIP2M856155872881ZomatoUPIICICI,651499433520,260.93,,470084.11
06-11-2025,SALARY/S1978920986578/Arvind Ltd,443849008246,,"51,459.64",521543.75
07-11-2025,UPIP2M310860850757AmazonPayUPIICICI,132521091414,"2,340.28",,519203.47
08-11-2025,NEFT/N7233930037883/Oracle Financial Ser/HDFC0710197,689184095089,,"49,000.40",568203.87
08-11-2025,POS V MART DELHI,532712819315,"5,550.84",,562653.03
08-11-2025,POS HP PETROL PUMP DELHI,005055346617,"2,150.88",,560502.15
09-11-2025,UPIP2M072411315367JioRechargeUPIPAYTM,037927097865,529.00,,559973.15
10-11-2025,NACH/MANDATE/RNT8917298/RENT MANDATE,037752165690,"10,000.00",,549973.15
10-11-2025,NACH/MANDATE/LN920562822416/ICICI Bank Home Loan,603109711870,"5,000.00",,544973.15
10-11-2025,UPIP2M887854864844BlinkitUPIICICI,602374854342,240.46,,544732.69
12-11-2025,UPIP2M271928048343TSSPDCLUPIUPIN,060516090144,800.00,,543932.69
12-11-2025,UPIP2M942398735387PaytmMallUPIICICI,013430412389,"2,650.33",,541282.36
12-11-2025,UPIP2A985178685407MayaNairUPIHDFC,454269018545,,"12,750.43",554032.79
12-11-2025,POS MAX FASHION DELHI,475573395306,"4,350.70",,549682.09
12-11-2025,ATMCASHAXISFLA28809379DELHI,711813206690,"6,500.00",,543182.09
13-11-2025,UPIP2M659389443210LalitChatterUPIBKID,719357638884,"9,950.78",,533231.31
13-11-2025,UPIP2M827540348836OlaCabsUPIPAYTM,142524035697,500.05,,532731.26
13-11-2025,POS RELIANCE PETROLEUM DELHI,383970582363,"2,700.73",,530030.53
14-11-2025,UPIP2M977150151861RapidoUPIPAYTM,895232949476,700.94,,529329.59
15-11-2025,UPIP2A304152115841VishalPillaiUPIUTIB,325599374291,,"15,100.31",544429.90
15-11-2025,UPIP2M518711668509PaytmMallUPIICICI,014549718999,"1,860.85",,542569.05
16-11-2025,UPIP2M790549700923PhonePeMerchUPIICICI,659753951667,"2,570.98",,539998.07
16-11-2025,UPIP2M236599258033JioRechargeUPIPAYTM,199453042739,899.00,,539099.07
16-11-2025,IMPS/827328449678/Meena Menon/UCBA,902809414875,"9,200.71",,529898.36
16-11-2025,NACH/MANDATE/SIP9250475/Mirae Asset MF,169324210099,"14,500.00",,515398.36
16-11-2025,UPIP2A327417045845PreetiGhoshUPIPUNB,290903801500,,"1,150.61",516548.97
17-11-2025,UPIP2M916271294694AmazonPayUPIICICI,616740767340,160.59,,516388.38
17-11-2025,UPIP2A512115896292GirishMukherUPIHDFC,093273301666,,"13,950.29",530338.67
17-11-2025,UPIP2A122872417505KapilAgarwalUPIBARB,100828193712,,"17,500.61",547839.28
17-11-2025,UPIP2A910182484002MeenaDesaiUPIPUNB,647593071674,,"21,050.61",568889.89
18-11-2025,UPIP2M408302187254NetmedsUPIICICI,128818170111,670.71,,568219.18
18-11-2025,ATMCASHAXISHRF80662950DELHI,163698342573,"5,500.00",,562719.18
18-11-2025,UPIP2M634586740329JioRechargeUPIPAYTM,168547287175,619.00,,562100.18
19-11-2025,UPIP2M303391560572JioRechargeUPIPAYTM,023553144681,669.00,,561431.18
19-11-2025,UPIP2M668222633441JioRechargeUPIPAYTM,422228181368,769.00,,560662.18
20-11-2025,UPIP2M292865786003IndaneGasUPIICICI,653198385009,"2,550.38",,558111.80
20-11-2025,UPIP2M161554026952PhonePeMerchUPIICICI,812045878037,"1,090.77",,557021.03
21-11-2025,UPIP2M730055106890RapidoUPIPAYTM,062343720503,380.06,,556640.97
22-11-2025,POS RELIANCE PETROLEUM DELHI,308870762854,"4,000.39",,552640.58
22-11-2025,UPIP2M380709865122OlaCabsUPIICICI,700379387357,"1,630.73",,551009.85
23-11-2025,UPIP2M385681235892RekhaThaparUPIFDRL,371729903567,"4,700.64",,546309.21
24-11-2025,POS SHOPPERS STOP DELHI,256406019575,"5,750.26",,540558.95
24-11-2025,UPIP2M373115834137BlinkitUPIICICI,622470839057,680.48,,539878.47
24-11-2025,UPIP2A173292237904SeemaPatilUPISBIN,945247236564,,"2,800.65",542679.12
24-11-2025,ATMCASHAXISNCH40807122DELHI,967454365066,"7,500.00",,535179.12
25-11-2025,UPIP2M067713174499OlaCabsUPIPAYTM,226166645216,760.67,,534418.45
25-11-2025,UPIP2M059074896533SwiggyUPIICICI,744194751104,"2,390.40",,532028.05
26-11-2025,UPIP2M416668704885MyntraUPIPAYTM,264218066217,"2,800.76",,529227.29
27-11-2025,UPIP2M813720950507JioRechargeUPIICICI,597284819196,"2,670.65",,526556.64
27-11-2025,UPIP2M715180547291RaviGhoshUPIUTIB,792156405662,"19,100.92",,507455.72
27-11-2025,UPIP2A630884159313YogeshReddyUPIBARB,078637712429,,"12,400.05",519855.77
27-11-2025,UPIP2M445544078048SwiggyUPIICICI,399621585648,510.00,,519345.77
28-11-2025,UPIP2M930368343660OlaCabsUPIPAYTM,615840881243,490.40,,518855.37
28-11-2025,UPIP2M113910454072BlinkitUPIICICI,889311612476,130.38,,518724.99
29-11-2025,UPIP2M658038721201PaytmMallUPIICICI,509950325629,"2,300.09",,516424.90
30-11-2025,UPIP2A372929060937IshaMenonUPIHDFC,417203251914,,"7,700.93",524125.83
30-11-2025,UPIP2M197650737792BSNLBroadbanUPIICICI,666549753478,"2,620.24",,521505.59
01-12-2025,ATMCASHAXISLBD75751523DELHI,900759617305,"6,500.00",,515005.59
01-12-2025,POS INDIAN OIL DELHI,274000429469,"3,800.19",,511205.40
02-12-2025,UPIP2M053395750548BSNLBroadbanUPIICICI,910865890800,710.92,,510494.48
03-12-2025,UPIP2M517810498654BSNLBroadbanUPIRAZORPAY,595744311375,299.00,,510195.48
04-12-2025,UPIP2M742933005999JioRechargeUPIPAYTM,733512654587,839.00,,509356.48
05-12-2025,SALARY/S6205300429288/Arvind Ltd,574900797286,,"51,367.64",560724.12
06-12-2025,UPIP2M905884766549DunzoUPIICICI,388338433021,"1,810.86",,558913.26
06-12-2025,UPIP2A453477844926PriyaDasUPIKKBK,359782245484,,150.70,559063.96
07-12-2025,UPIP2A025926997660SantoshKhannUPIFDRL,046815937782,,"5,600.72",564664.68
07-12-2025,UPIP2M130910593579JioRechargeUPIICICI,412477468594,"1,490.45",,563174.23
07-12-2025,UPIP2A646485450025AshaSaxenaUPISBIN,425114184133,,"12,450.40",575624.63
07-12-2025,POS RELIANCE PETROLEUM DELHI,107227274698,"2,250.64",,573373.99
08-12-2025,UPIP2M040154585393JioRechargeUPIPAYTM,273304505808,719.00,,572654.99
08-12-2025,UPIP2M877630584380OlaCabsUPIPAYTM,667085163613,810.72,,571844.27
08-12-2025,NACH/MANDATE/RNT7290319/RENT MANDATE,130577697970,"10,000.00",,561844.27
09-12-2025,UPIP2A133501972503VishalDuttaUPISBIN,564332219505,,"3,400.80",565245.07
09-12-2025,UPIP2M063660758188LICofIndiaUPILICI,873256132740,"7,400.00",,557845.07
12-12-2025,NACH/MANDATE/LN920562822416/ICICI Bank Home Loan,007338645647,"5,000.00",,552845.07
12-12-2025,UPIP2M963115070762MyntraUPIPAYTM,134318035429,"4,650.25",,548194.82
13-12-2025,UPIP2A917453341003YogeshGuptaUPIUCBA,528672125782,,"19,950.40",568145.22
13-12-2025,NACH/MANDATE/SIP0689956/Mirae Asset MF,708938582439,"14,500.00",,553645.22
13-12-2025,ATMCASHAXISKVJ66210158DELHI,487660458657,"5,500.00",,548145.22
14-12-2025,UPIP2M081971919473KapilSrivastUPIBKID,149308977744,"7,400.12",,540745.10
15-12-2025,UPIP2M952774696141HimanshuKhanUPIUCBA,872481581021,"22,000.93",,518744.17
17-12-2025,UPIP2A311656014189KamalSethiUPIUTIB,287997134033,,"4,700.00",523444.17
17-12-2025,UPIP2M794088178792ZomatoUPIICICI,522444346265,400.76,,523043.41
19-12-2025,UPIP2M396041010741JioRechargeUPIPAYTM,959753165203,629.00,,522414.41
19-12-2025,POS V MART DELHI,238467062578,"2,000.98",,520413.43
19-12-2025,UPIP2M368605572599SnehaJainUPIBARB,566687666920,"18,200.63",,502212.80
20-12-2025,UPIP2M117787080948JioRechargeUPIICICI,522759653799,"2,520.17",,499692.63
20-12-2025,POS BIG BAZAAR DELHI,508005110226,"1,200.28",,498492.35
20-12-2025,UPIP2M637547576993AnilNambiarUPIBKID,702877560686,"12,950.95",,485541.40
21-12-2025,UPIP2M910278861073RapidoUPIPAYTM,151089360574,810.47,,484730.93
21-12-2025,POS SHELL FUEL STATION DELHI,599391109450,"3,450.32",,481280.61
21-12-2025,UPIP2M866864048869RaniIyerUPIUTIB,024175222274,"5,950.53",,475330.08
22-12-2025,UPIP2M982477740660UberIndiaUPIPAYTM,938010324506,310.71,,475019.37
23-12-2025,UPIP2M601163755760BSNLBroadbanUPIICICI,230922785926,720.40,,474298.97
23-12-2025,UPIP2M487233677132RapidoUPIPAYTM,249201381293,620.11,,473678.86
23-12-2025,UPIP2M145047273829TSSPDCLUPIUPIN,649405932056,"2,550.28",,471128.58
23-12-2025,UPIP2M393225945991OlaCabsUPIICICI,227466960615,"1,910.22",,469218.36
24-12-2025,UPIP2M367761124437IndaneGasUPIICICI,312776347862,"2,700.94",,466517.42
25-12-2025,UPIP2M491488080445RajanRaoUPIUCBA,843261044888,"17,950.63",,448566.79
26-12-2025,POS CENTRAL MALL DELHI,074664802245,"6,800.88",,441765.91
26-12-2025,UPIP2M166520631824OlaCabsUPIPAYTM,031678726353,850.24,,440915.67
26-12-2025,POS D MART DELHI,713856599836,"2,200.43",,438715.24
27-12-2025,UPIP2M731189210729RapidoUPIPAYTM,020014738595,480.80,,438234.44
28-12-2025,INTEREST CREDIT,924206255083,,260.20,438494.64
28-12-2025,UPIP2A442288149466RaniMalhotraUPIBARB,752356086070,,"15,750.78",454245.42
29-12-2025,UPIP2M681494252740UshaBoseUPIBKID,266956856541,"12,300.86",,441944.56
29-12-2025,UPIP2M627193845810JioRechargeUPIPAYTM,695587501104,239.00,,441705.56
31-12-2025,UPIP2M792088700462BSNLBroadbanUPIICICI,381273472520,750.65,,440954.91
02-01-2026,UPIP2M152643169339VikasMalhotrUPIPUNB,440164311865,"11,150.80",,429804.11
03-01-2026,UPIP2M306554460908JioRechargeUPIPAYTM,163382785776,779.00,,429025.11
04-01-2026,UPIP2M878463238189JioRechargeUPIPAYTM,842948745421,529.00,,428496.11
04-01-2026,UPIP2M224981453201PaytmMallUPIICICI,208588446594,"1,460.85",,427035.26
04-01-2026,UPIP2M090687292197RapidoUPIPAYTM,548226786620,870.86,,426164.40
04-01-2026,UPIP2A734266182949RohitReddyUPIFDRL,045317764425,,"18,000.00",444164.40
05-01-2026,UPIP2M580545175694FlipkartUPIICICI,771375636404,880.14,,443284.26
06-01-2026,UPIP2M997537039904PreetiBanerjUPIUTIB,450029026904,"10,700.03",,432584.23
06-01-2026,UPIP2M605532294661BigBasketUPIICICI,339110085967,"2,080.39",,430503.84
06-01-2026,UPIP2M907925054752BigBasketUPIICICI,638573194246,"1,110.23",,429393.61
06-01-2026,SALARY/S9111751435631/Arvind Ltd,012110324933,,"53,385.64",482779.25
08-01-2026,UPIP2M247051027690BigBasketUPIICICI,522552001076,670.95,,482108.30
08-01-2026,UPIP2M396709805502RapidoUPIPAYTM,024064383457,310.90,,481797.40
08-01-2026,UPIP2M624364355202DeepaGuptaUPIFDRL,146124270467,"12,000.31",,469797.09
09-01-2026,UPIP2A691898361001LalitJainUPIUTIB,107646228185,,"19,600.71",489397.80
09-01-2026,UPIP2M167808943821OlaCabsUPIICICI,620374451039,"2,720.47",,486677.33
10-01-2026,UPIP2M907294405023NykaaUPIPAYTM,941886545865,"5,700.22",,480977.11
10-01-2026,UPIP2A449828112960PrashantMishUPIUTIB,731079515454,,400.78,481377.89
11-01-2026,UPIP2M716434559461PrashantNairUPIKKBK,816619982650,"14,950.95",,466426.94
11-01-2026,NACH/MANDATE/RNT7720740/RENT MANDATE,226101297939,"10,000.00",,456426.94
12-01-2026,UPIP2M424465815046TSSPDCLUPIUPIN,770377731043,"2,050.27",,454376.67
13-01-2026,NACH/MANDATE/LN920562822416/ICICI Bank Home Loan,447647834144,"5,000.00",,449376.67
13-01-2026,UPIP2M405878011120NikhilGhoshUPISBIN,118139907119,"9,200.04",,440176.63
13-01-2026,POS D MART DELHI,847523428641,"5,600.23",,434576.40
14-01-2026,UPIP2M702951429451PaytmMallUPIICICI,079730857067,"1,050.82",,433525.58
14-01-2026,UPIP2M646921437335NareshReddyUPIBDBL,753908850017,"15,800.03",,417725.55
15-01-2026,UPIP2M655660112381FlipkartUPIPAYTM,187629036425,"2,950.99",,414774.56
15-01-2026,UPIP2M791025383328IndaneGasUPIICICI,709568781121,"1,200.45",,413574.11
17-01-2026,POS BRAND FACTORY DELHI,375421120962,"7,650.20",,405923.91
17-01-2026,ATMCASHAXISXCC63395584DELHI,595077346094,"1,000.00",,404923.91
17-01-2026,ATMCASHAXISPTT72495509DELHI,753728839125,"5,500.00",,399423.91
19-01-2026,NACH/MANDATE/SIP4124586/Mirae Asset MF,474208890559,"14,500.00",,384923.91
19-01-2026,UPIP2M706132309005JioRechargeUPIPAYTM,453219357900,719.00,,384204.91
19-01-2026,UPIP2M620115035491MyntraUPIPAYTM,052104855268,"4,450.90",,379754.01
20-01-2026,UPIP2M882321794351SaurabhDuttaUPIKKBK,279263134016,"18,400.44",,361353.57
21-01-2026,IMPS/856114786312/Nikhil Khanna/SBIN,184362176478,"33,600.02",,327753.55
21-01-2026,UPIP2M256237146175SaritaKumarUPIFDRL,554037191084,"7,400.18",,320353.37
21-01-2026,UPIP2M300108606021OlaCabsUPIPAYTM,707079917046,900.02,,319453.35
22-01-2026,POS HP PETROL PUMP DELHI,288946673341,"4,200.07",,315253.28
22-01-2026,UPIP2M226886315172ZomatoUPIICICI,175539199576,"1,210.20",,314043.08
22-01-2026,UPIP2M123254770867PriyaPillaiUPIKKBK,066702989486,"16,100.13",,297942.95
23-01-2026,UPIP2M153246987771RekhaDuttaUPIBARB,169536718365,"5,250.88",,292692.07
23-01-2026,UPIP2M777565560613RameshTiwariUPIUCBA,712781705603,"5,800.70",,286891.37
23-01-2026,UPIP2M778212526607PaytmMallUPIICICI,258332298485,920.90,,285970.47
23-01-2026,POS BHARAT PETROLEUM DELHI,218659113592,"3,650.50",,282319.97
25-01-2026,UPIP2M340549148862MamtaKumarUPIBDBL,142518255193,"12,050.59",,270269.38
25-01-2026,UPIP2M155143556915BrijeshNairUPIBARB,905320832009,"3,800.62",,266468.76
25-01-2026,UPIP2M837667309531ShwetaBanerjUPIKKBK,074402864432,"4,950.72",,261518.04
26-01-2026,UPIP2M881463713453ZomatoUPIICICI,381861846408,"2,480.47",,259037.57
26-01-2026,UPIP2M326176885123SaritaAhujaUPIBDBL,799766338629,"20,800.30",,238237.27
27-01-2026,UPIP2M254562296511IRCTCUPIICICI,454984935670,699.00,,237538.27
27-01-2026,ATMCASHAXISUSL92575237DELHI,629647129035,"8,000.00",,229538.27
27-01-2026,UPIP2M555414719336OlaCabsUPIICICI,212510369996,"2,240.67",,227297.60
27-01-2026,UPIP2M093786887774AmazonPayUPIICICI,410354431230,840.55,,226457.05
28-01-2026,UPIP2M148835373691JioRechargeUPIPAYTM,170653365110,399.00,,226058.05
28-01-2026,UPIP2M633638081295JioRechargeUPIPAYTM,044154735239,549.00,,225509.05
28-01-2026,ATMCASHAXISENT80233124DELHI,570639443352,"3,000.00",,222509.05
28-01-2026,POS D MART DELHI,693172902761,"6,300.54",,216208.51
29-01-2026,Monthly Service Chrgs,867234008308,530.00,,215678.51
29-01-2026,GST ON CHARGES,665973350606,95.40,,215583.11
29-01-2026,ATMCASHAXISQCJ16939070DELHI,512211144048,"5,000.00",,210583.11
29-01-2026,ATMCASHAXISHSU95979732DELHI,518977565463,"3,000.00",,207583.11
29-01-2026,UPIP2M910568157651UberIndiaUPIPAYTM,082945699631,660.23,,206922.88
29-01-2026,UPIP2M440635234940PaytmMallUPIICICI,820591899691,"1,840.83",,205082.05
30-01-2026,UPIP2M543068252404JioRechargeUPIICICI,934944324025,"1,850.50",,203231.55
30-01-2026,POS INDIAN OIL DELHI,852955357109,"1,200.54",,202031.01
31-01-2026,UPIP2M332030057091JioRechargeUPIICICI,547463412004,"2,190.59",,199840.42
31-01-2026,UPIP2A300688572486MohitAgarwalUPIBARB,057141192127,,"17,600.96",217441.38
01-02-2026,UPIP2M302407701247GirishChatteUPIUTIB,156020598348,"14,000.16",,203441.22
01-02-2026,POS MAX FASHION DELHI,063794845000,"3,700.47",,199740.75
03-02-2026,UPIP2M718930577935OlaCabsUPIPAYTM,076318917648,550.88,,199189.87
06-02-2026,POS PANTALOONS DELHI,123164413470,"8,500.54",,190689.33
06-02-2026,UPIP2M313936374464MeeshoUPIPAYTM,513763959356,"2,950.83",,187738.50
07-02-2026,SALARY/S3068046812667/Arvind Ltd,701082482300,,"50,892.64",238631.14
08-02-2026,UPIP2M986786170610OlaCabsUPIPAYTM,121618500883,840.47,,237790.67
08-02-2026,UPIP2A513769562776RenuKapoorUPIHDFC,981562491683,,"10,250.47",248041.14
09-02-2026,NACH/MANDATE/RNT9309807/RENT MANDATE,539716121578,"10,000.00",,238041.14
10-02-2026,UPIP2M672765138558TSSPDCLUPIUPIN,363016923806,"2,450.34",,235590.80
10-02-2026,UPIP2M335377859510FlipkartUPIICICI,626362070279,"2,520.89",,233069.91
11-02-2026,NACH/MANDATE/LN920562822416/ICICI Bank Home Loan,865675090086,"5,000.00",,228069.91
11-02-2026,UPIP2A429011538039ShivamPandeyUPIUTIB,070018994524,,"8,050.04",236119.95
12-02-2026,UPIP2M287176441098ZeptoUPIICICI,847334383957,"2,000.29",,234119.66
12-02-2026,POS HP PETROL PUMP DELHI,999996317101,"4,350.22",,229769.44
12-02-2026,POS RELIANCE MART DELHI,780480205687,650.49,,229118.95
12-02-2026,UPIP2M091146138650IndaneGasUPIICICI,202618486858,"1,450.06",,227668.89
12-02-2026,UPIP2A784158536305RaniAhujaUPIUTIB,252395151338,,"6,300.91",233969.80
13-02-2026,UPIP2M271123092024UberIndiaUPIICICI,860461718284,"2,410.01",,231559.79
15-02-2026,UPIP2M831605796460MeeshoUPIPAYTM,965064587413,"1,850.17",,229709.62
15-02-2026,UPIP2M027288600081JioRechargeUPIPAYTM,956023073320,889.00,,228820.62
16-02-2026,UPIP2M522111343190SunitaChopraUPIKKBK,361640090940,"6,900.76",,221919.86
16-02-2026,POS RELIANCE PETROLEUM DELHI,408881408611,"1,850.36",,220069.50
16-02-2026,UPIP2A281721290759ArchanaSenUPIHDFC,192399066242,,"4,100.35",224169.85
17-02-2026,UPIP2M165120348021NehaGuptaUPIBARB,246637970390,"4,500.27",,219669.58
17-02-2026,UPIP2M529941651303HimanshuMishUPIUTIB,959149853282,"12,850.88",,206818.70
17-02-2026,UPIP2M090923462287DunzoUPIICICI,515371762212,920.36,,205898.34
18-02-2026,UPIP2M015982585770BSNLBroadbanUPIICICI,773133787067,"1,580.60",,204317.74
19-02-2026,UPIP2M394525251548SureshJoshiUPIKKBK,650175793749,"15,250.92",,189066.82
19-02-2026,NACH/MANDATE/SIP0596473/Mirae Asset MF,298886835719,"14,500.00",,174566.82
20-02-2026,UPIP2M720265044392FlipkartUPIICICI,216449964662,710.60,,173856.22
20-02-2026,POS HP PETROL PUMP DELHI,634418807143,"2,850.11",,171006.11
22-02-2026,UPIP2M098539703701BigBasketUPIICICI,353330075291,"1,190.47",,169815.64
22-02-2026,UPIP2M354215612106JioRechargeUPIPAYTM,681364715546,319.00,,169496.64
24-02-2026,UPIP2M614041253786DunzoUPIICICI,197133184915,"1,770.81",,167725.83
24-02-2026,UPIP2M796437288896OlaCabsUPIPAYTM,168755125343,840.22,,166885.61
25-02-2026,UPIP2A642427463501PreetiGhoshUPIUCBA,475125044442,,"8,650.22",175535.83
26-02-2026,UPIP2M758548092300OlaCabsUPIPAYTM,418219380042,310.26,,175225.57
26-02-2026,GST ON CHARGES,792605798887,64.80,,175160.77
26-02-2026,UPIP2M065120462487HimanshuRaoUPIBARB,032763301721,"13,600.30",,161560.47
26-02-2026,UPIP2M014253673662KapilSenUPIBARB,199895308174,"20,500.92",,141059.55
26-02-2026,Monthly Service Chrgs,471392795318,360.00,,140699.55
27-02-2026,UPIP2M768534703039OlaCabsUPIPAYTM,298184952341,240.47,,140459.08
28-02-2026,UPIP2M791103723437PallaviVermaUPIFDRL,834119980812,"10,750.20",,129708.88
01-03-2026,ATMCASHAXISOWY77082917DELHI,921141007865,"2,500.00",,127208.88
01-03-2026,UPIP2M884383543198BSNLBroadbanUPIICICI,600051129363,"2,530.52",,124678.36
02-03-2026,UPIP2M878603864216FlipkartUPIPAYTM,410469661310,"1,050.64",,123627.72
02-03-2026,UPIP2M903481278211NykaaUPIPAYTM,541943948306,"4,000.04",,119627.68
02-03-2026,ATMCASHAXISVCH77473456DELHI,357053402107,"7,000.00",,112627.68
03-03-2026,UPIP2M904711383879JioRechargeUPIPAYTM,344847713445,959.00,,111668.68
03-03-2026,UPIP2A154676937077ArchanaYadavUPIBKID,671934030206,,"16,100.67",127769.35
03-03-2026,UPIP2A875974450786SushmaSinghUPIBARB,233318341941,,"1,950.62",129719.97
04-03-2026,POS BIG BAZAAR DELHI,160425432733,"5,250.61",,124469.36
05-03-2026,UPIP2M004273730226JioRechargeUPIPAYTM,518896798767,409.00,,124060.36
05-03-2026,UPIP2A883286526001VivekDuttaUPIUCBA,371685108364,,"21,850.45",145910.81
05-03-2026,UPIP2M150448913633UberIndiaUPIPAYTM,764162793535,850.06,,145060.75
05-03-2026,UPIP2M106121760081ZeptoUPIICICI,040038767634,490.15,,144570.60
06-03-2026,SALARY/S3459321557672/Arvind Ltd,583423292972,,"53,798.64",198369.24
06-03-2026,UPIP2M729266742496LICofIndiaUPILICI,075001597805,"7,400.00",,190969.24
06-03-2026,UPIP2M640864390589BlinkitUPIICICI,900873029473,"1,590.89",,189378.35
07-03-2026,UPIP2M929899581847PoojaSethiUPIFDRL,196045485874,"8,200.88",,181177.47
08-03-2026,UPIP2M420226698170PhonePeMerchUPIICICI,048759799084,"1,440.46",,179737.01
08-03-2026,UPIP2M682171412894BigBasketUPIICICI,581816739164,"1,830.96",,177906.05
09-03-2026,ATMCASHAXISYQN86920400DELHI,737177242144,"2,500.00",,175406.05
09-03-2026,UPIP2A310742143064ArjunBoseUPIBDBL,395567219543,,"14,550.86",189956.91
09-03-2026,NACH/MANDATE/RNT9450636/RENT MANDATE,968077818961,"10,000.00",,179956.91
10-03-2026,POS STAR BAZAAR DELHI,865900190916,"6,750.90",,173206.01
10-03-2026,UPIP2M481706252583OlaCabsUPIPAYTM,594367935394,430.37,,172775.64
10-03-2026,UPIP2A588899732697TarunChatterUPIBARB,442954611618,,"5,300.70",178076.34
11-03-2026,NEFT/N8499750998703/Lupin Limited/BDBL0260015,276451754284,,"46,500.83",224577.17
12-03-2026,UPIP2M537852375236NykaaUPIPAYTM,608424956675,300.90,,224276.27
13-03-2026,UPIP2M955354853067PrashantSingUPIBARB,272294387674,"2,450.78",,221825.49
13-03-2026,NACH/MANDATE/SIP4832136/Mirae Asset MF,815373581101,"14,500.00",,207325.49
13-03-2026,UPIP2M506387222758SwiggyUPIICICI,655045744521,"2,520.20",,204805.29
13-03-2026,UPIP2M236169400301SachinBanerjUPIUCBA,182158868388,"11,250.40",,193554.89
14-03-2026,NACH/MANDATE/LN920562822416/ICICI Bank Home Loan,919768251836,"5,000.00",,188554.89
14-03-2026,POS CENTRAL MALL DELHI,936863058955,"6,600.73",,181954.16
14-03-2026,UPIP2A912040027523BrijeshBoseUPIBKID,003924368883,,"19,350.64",201304.80
15-03-2026,UPIP2M210202018900BSNLBroadbanUPIRAZORPAY,418750405226,649.00,,200655.80
16-03-2026,UPIP2M6772254411181mgUPIICICI,151401310800,170.75,,200485.05
16-03-2026,UPIP2M702640291679ApolloPharmaUPIICICI,105789542616,599.00,,199886.05
17-03-2026,ATMCASHAXISUVU55867950DELHI,542316143535,"8,000.00",,191886.05
17-03-2026,UPIP2M705085945931RenuSrivastaUPIHDFC,403075845913,"4,900.98",,186985.07
18-03-2026,UPIP2M444236827239MinaChopraUPIBDBL,896379896849,"7,300.05",,179685.02
18-03-2026,UPIP2M191808691726UberIndiaUPIPAYTM,053246708076,510.39,,179174.63
18-03-2026,UPIP2M393386026003GirishDubeyUPIUTIB,474783138007,"19,600.66",,159573.97
19-03-2026,POS RELIANCE PETROLEUM DELHI,191471812953,"4,050.98",,155522.99
20-03-2026,UPIP2M273499688633TSSPDCLUPIUPIN,003999032085,"2,250.61",,153272.38
20-03-2026,UPIP2M673221596686OlaCabsUPIPAYTM,775223878422,580.83,,152691.55
20-03-2026,UPIP2M197596482375PaytmMallUPIICICI,988282148130,"1,120.49",,151571.06
21-03-2026,UPIP2M039164298947RapidoUPIPAYTM,876192787595,770.59,,150800.47
24-03-2026,UPIP2A848794932619SwatiSenUPIHDFC,237435259015,,"6,600.84",157401.31
24-03-2026,UPIP2M525458359482IndaneGasUPIICICI,279407738911,"1,300.28",,156101.03
25-03-2026,POS RELIANCE PETROLEUM DELHI,339607179214,"2,750.71",,153350.32
28-03-2026,ATMCASHAXISFFL14978450DELHI,194886804049,"5,500.00",,147850.32
28-03-2026,INTEREST CREDIT,189167168734,,115.07,147965.39
29-03-2026,UPIP2M302390172116PaytmMallUPIICICI,716118397603,"2,300.33",,145665.06
29-03-2026,POS HP PETROL PUMP DELHI,025611360326,850.80,,144814.26
29-03-2026,UPIP2M876027022944DunzoUPIICICI,827777547765,"1,760.36",,143053.90
29-03-2026,POS BHARAT PETROLEUM DELHI,027679171726,"4,100.44",,138953.46
30-03-2026,POS STAR BAZAAR DELHI,329189099511,"7,650.15",,131303.31
30-03-2026,UPIP2M174777253608UberIndiaUPIICICI,784845641844,"1,560.81",,129742.50
31-03-2026,POS METRO CASH CARRY DELHI,059764006576,"3,500.81",,126241.69
01-04-2026,UPIP2M738498003858RapidoUPIPAYTM,333747340030,270.04,,125971.65
02-04-2026,POS RELIANCE PETROLEUM DELHI,349945724213,"2,850.17",,123121.48
02-04-2026,UPIP2M299225833121OlaCabsUPIICICI,578795021077,"2,350.53",,120770.95
02-04-2026,ATMCASHAXISVFJ10612252DELHI,350969492623,"10,000.00",,110770.95
03-04-2026,UPIP2M696189106895AmazonPayUPIICICI,129581737736,"2,050.51",,108720.44
03-04-2026,UPIP2M006948459175MeeshoUPIPAYTM,671590737600,"5,050.58",,103669.86
04-04-2026,UPIP2M889335739762JioRechargeUPIICICI,669113497613,"1,790.35",,101879.51
04-04-2026,UPIP2A528086995183SantoshSethiUPIHDFC,338455587388,,"17,150.78",119030.29
04-04-2026,ATMCASHAXISGYE05016457DELHI,744463517494,"9,000.00",,110030.29
04-04-2026,UPIP2M902452243955LataGhoshUPISBIN,019570768369,"9,250.79",,100779.50
04-04-2026,UPIP2M168429610599OlaCabsUPIPAYTM,994775297909,280.01,,100499.49
05-04-2026,SALARY/S8443541809609/Arvind Ltd,006387414579,,"53,398.64",153898.13
05-04-2026,UPIP2M216549028274OlaCabsUPIPAYTM,273644150295,770.32,,153127.81
06-04-2026,NACH/MANDATE/RNT2210146/RENT MANDATE,619725259552,"10,000.00",,143127.81
06-04-2026,UPIP2M178571219442BlinkitUPIICICI,075511709493,250.98,,142876.83
06-04-2026,UPIP2A230488365995SumitBoseUPIBKID,272559245556,,"8,050.65",150927.48
07-04-2026,UPIP2M028351356904PallaviSrivaUPIUTIB,769743134052,"2,750.48",,148177.00
07-04-2026,UPIP2M981148868087ZomatoUPIICICI,730290584065,"2,730.21",,145446.79
07-04-2026,UPIP2M132760346670AnilPatelUPIPUNB,882070207617,"4,750.52",,140696.27
09-04-2026,UPIP2M928563464355BSNLBroadbanUPIICICI,937524680372,"1,210.41",,139485.86
10-04-2026,UPIP2M316959524552JioRechargeUPIPAYTM,183908278406,339.00,,139146.86
10-04-2026,UPIP2A751900897106NaveenKulkarUPIFDRL,252234115439,,"3,800.41",142947.27
10-04-2026,UPIP2M190533458371FlipkartUPIICICI,148572078331,"2,310.07",,140637.20
11-04-2026,UPIP2M970156613117MayaChopraUPIBKID,985495022706,450.01,,140187.19
12-04-2026,UPIP2M773115200047AmazonPayUPIICICI,282771660254,720.12,,139467.07
12-04-2026,UPIP2M082242013179SoniaPillaiUPIFDRL,290990866030,"10,550.99",,128916.08
12-04-2026,POS V MART DELHI,837197755496,"1,450.99",,127465.09
13-04-2026,NACH/MANDATE/LN920562822416/ICICI Bank Home Loan,770393653616,"5,000.00",,122465.09
13-04-2026,UPIP2M646336768466OlaCabsUPIPAYTM,561453001686,130.00,,122335.09
14-04-2026,POS SHELL FUEL STATION DELHI,061629713596,"1,800.41",,120534.68
14-04-2026,UPIP2M427266386857JioRechargeUPIPAYTM,977413971128,499.00,,120035.68
15-04-2026,UPIP2M948073473978JioRechargeUPIPAYTM,139709101192,389.00,,119646.68
15-04-2026,UPIP2M873270945226RapidoUPIPAYTM,916269787606,750.70,,118895.98
15-04-2026,UPIP2M273670665346BSNLBroadbanUPIICICI,016909519219,"2,520.26",,116375.72
16-04-2026,UPIP2M781723484508BSNLBroadbanUPIRAZORPAY,379863868292,699.00,,115676.72
16-04-2026,ATMCASHAXISCPP89668676DELHI,707659426515,"5,500.00",,110176.72
18-04-2026,NACH/MANDATE/SIP8411236/Mirae Asset MF,250135923595,"14,500.00",,95676.72
18-04-2026,UPIP2M049299976700RameshIyerUPIBDBL,737217469927,"5,400.94",,90275.78
19-04-2026,UPIP2M560700657998OlaCabsUPIICICI,183814559709,"1,030.77",,89245.01
20-04-2026,UPIP2M692468669803VishalShahUPIBKID,226839999257,650.41,,88594.60
20-04-2026,UPIP2M536957981816SwiggyUPIICICI,929612292572,"2,350.63",,86243.97
20-04-2026,ATMCASHAXISKBB93825265DELHI,516944862252,"3,000.00",,83243.97
21-04-2026,POS HP PETROL PUMP DELHI,213451008209,"4,100.30",,79143.67
21-04-2026,UPIP2M456354654222IndaneGasUPIICICI,822307695113,"1,600.92",,77542.75
21-04-2026,UPIP2M676806376748PaytmMallUPIICICI,905149698330,"2,440.61",,75102.14
21-04-2026,UPIP2M090895571935TSSPDCLUPIUPIN,840364824881,"4,100.24",,71001.90
22-04-2026,UPIP2M851170676889FlipkartUPIICICI,614539839146,"2,510.97",,68490.93
23-04-2026,POS BHARAT PETROLEUM DELHI,974518088838,"2,950.11",,65540.82
23-04-2026,POS LIFESTYLE STORES DELHI,336018196570,"6,050.81",,59490.01
24-04-2026,UPIP2M830394314913SwiggyUPIICICI,977153340382,"2,330.10",,57159.91
24-04-2026,ATMCASHAXISMOD93836602DELHI,583129282686,"4,000.00",,53159.91
25-04-2026,UPIP2M343729354133MeeshoUPIPAYTM,691975379561,"4,800.85",,48359.06
27-04-2026,UPIP2M297758931214AkashDubeyUPIBDBL,047759325276,"13,750.60",,34608.46
28-04-2026,ATMCASHAXISFAR50603317DELHI,341648970617,"3,500.00",,31108.46
29-04-2026,UPIP2M451080351460JioRechargeUPIPAYTM,742214668030,929.00,,30179.46
29-04-2026,UPIP2M773196186243JioRechargeUPIPAYTM,397911201460,479.00,,29700.46
29-04-2026,UPIP2A852056178089VandanaAgarwUPIFDRL,999548994327,,"14,500.34",44200.80
29-04-2026,POS MAX FASHION DELHI,969341272134,"1,850.45",,42350.35
30-04-2026,POS STAR BAZAAR DELHI,322869880625,"4,600.52",,37749.83
01-05-2026,UPIP2A889585203194GirishGhoshUPIUCBA,462911835713,,"6,850.13",44599.96
01-05-2026,UPIP2M850297211594BSNLBroadbanUPIICICI,509033173543,510.11,,44089.85
01-05-2026,UPIP2M231559601866AmazonPayUPIICICI,170698273126,500.48,,43589.37
01-05-2026,UPIP2M739386845780ZeptoUPIICICI,751628198897,"2,370.08",,41219.29
04-05-2026,UPIP2M104182526981AmazonPayUPIPAYTM,788723225952,"1,050.87",,40168.42
04-05-2026,POS MORE SUPER MARKET DELHI,398668175209,850.04,,39318.38
05-05-2026,UPIP2M676418506999JioRechargeUPIPAYTM,561955152184,799.00,,38519.38
05-05-2026,SALARY/S2011461463539/Arvind Ltd,777806998360,,"54,336.64",92856.02
05-05-2026,POS METRO CASH CARRY DELHI,980614448389,"8,250.88",,84605.14
06-05-2026,UPIP2M061325787170MinaChopraUPIBDBL,406761437865,"13,250.39",,71354.75
06-05-2026,UPIP2M617064630634SwiggyUPIICICI,650239451762,"1,870.14",,69484.61
06-05-2026,NACH/MANDATE/RNT0840010/RENT MANDATE,694436445866,"10,000.00",,59484.61
08-05-2026,POS VISHAL MEGA MART DELHI,995983489285,"1,700.22",,57784.39
09-05-2026,UPIP2M451691907093BSNLBroadbanUPIICICI,080083239166,430.38,,57354.01
