Bank Name,AXIS BANK LIMITED
Account Number,307456363299274
Account Holder Name,BRIJESH SETHI
Branch,BALLYGUNGE
IFSC Code,UTIB0294491
Statement Period,01-12-2024 To 08-05-2026

Date,Description,Ref/ChequeNo,Debit,Credit,Balance
01-12-2024,UPIP2A103941394994PoonamBanerjUPIUCBA,985561143522,,"7,000.36",2153766.29
03-12-2024,UPIP2M660451292205UberIndiaUPIPAYTM,803624224291,320.04,,2153446.25
03-12-2024,UPIP2M371091606900JioRechargeUPIPAYTM,701794634335,299.00,,2153147.25
04-12-2024,UPIP2M409310625473FlipkartUPIICICI,950879150757,520.45,,2152626.80
04-12-2024,UPIP2M295955952316UberIndiaUPIICICI,491685494643,"2,050.40",,2150576.40
04-12-2024,UPIP2A379959385444RenuAgarwalUPIBARB,426308258894,,"18,450.78",2169027.18
05-12-2024,UPIP2A633099108000MaheshYadavUPISBIN,799801316751,,"4,750.61",2173777.79
05-12-2024,SALARY/S9292687120461/HDFC Life Insurance,145093745289,,"45,067.53",2218845.32
05-12-2024,UPIP2M316092787614NikhilNambiaUPIBDBL,309813797393,"7,900.87",,2210944.45
05-12-2024,UPIP2M481597425266BigBasketUPIICICI,349517251930,"1,080.70",,2209863.75
07-12-2024,POS CENTRAL MALL CHANDIGARH,759486781911,"3,300.84",,2206562.91
07-12-2024,NACH/MANDATE/RNT7937052/RENT MANDATE,250869863076,"26,000.00",,2180562.91
07-12-2024,IMPS/669168416968/Usha Reddy/PUNB,597434545148,"32,700.12",,2147862.79
08-12-2024,UPIP2M865064643945PhonePeMerchUPIICICI,977228828910,"1,780.28",,2146082.51
08-12-2024,UPIP2M565624328012RapidoUPIPAYTM,398350423613,130.59,,2145951.92
08-12-2024,UPIP2M924820776590JioRechargeUPIPAYTM,770479108576,449.00,,2145502.92
09-12-2024,UPIP2M293030887850ZeptoUPIICICI,451980381133,"2,210.22",,2143292.70
09-12-2024,ATMCASHAXISQLM26428329CHANDI,435088335224,"7,000.00",,2136292.70
09-12-2024,POS HP PETROL PUMP CHANDIGA,103491320384,"2,100.20",,2134192.50
10-12-2024,ATMCASHAXISVMD54985183CHANDI,080326504708,"4,500.00",,2129692.50
11-12-2024,UPIP2M496625877013IndaneGasUPIICICI,554721698634,"1,450.14",,2128242.36
12-12-2024,UPIP2M747090670108UberIndiaUPIPAYTM,126032065955,850.31,,2127392.05
13-12-2024,UPIP2M996237202683PaytmMallUPIICICI,146471868273,"2,310.86",,2125081.19
13-12-2024,UPIP2M710275458279BigBasketUPIICICI,476103176440,"1,450.61",,2123630.58
13-12-2024,UPIP2M515147077654LICofIndiaUPILICI,068183366559,"1,900.00",,2121730.58
13-12-2024,POS METRO CASH CARRY CHANDIGARH,546315943805,"4,250.07",,2117480.51
14-12-2024,ATMCASHAXISAKM32750909CHANDI,250300236706,"1,000.00",,2116480.51
15-12-2024,UPIP2M543828441440SwiggyUPIICICI,497853864047,450.71,,2116029.80
16-12-2024,POS RELIANCE PETROLEUM CHANDIGA,640143395237,"4,250.69",,2111779.11
16-12-2024,UPIP2M995656526032ZomatoUPIICICI,711165269615,"2,350.16",,2109428.95
16-12-2024,ATMCASHAXISYRS49268990CHANDI,630719949877,"8,000.00",,2101428.95
17-12-2024,UPIP2M591858736610KavyaKhannaUPIBKID,433440682476,"1,100.64",,2100328.31
17-12-2024,NACH/MANDATE/SIP9770741/Axis Mutual Fund,242122026122,"13,500.00",,2086828.31
18-12-2024,UPIP2M092894097743BESCOMUPIUPIN,929378551339,"2,650.99",,2084177.32
18-12-2024,UPIP2M325121165588ZeptoUPIICICI,154162021298,"2,330.43",,2081846.89
18-12-2024,UPIP2M810474267362SaurabhDubeyUPIBDBL,873011462190,"4,100.61",,2077746.28
19-12-2024,UPIP2M410062974036OlaCabsUPIPAYTM,005193467170,180.53,,2077565.75
19-12-2024,UPIP2M280248091205BlinkitUPIICICI,063117639334,730.12,,2076835.63
20-12-2024,UPIP2M081443681845DunzoUPIICICI,181238814559,"1,180.84",,2075654.79
21-12-2024,UPIP2M178132665187JioRechargeUPIPAYTM,088554218546,599.00,,2075055.79
22-12-2024,UPIP2M554372134201ZeptoUPIICICI,137458285521,"1,180.65",,2073875.14
23-12-2024,UPIP2A392578046553DivyaAgarwalUPIUTIB,927826925237,,"20,500.65",2094375.79
24-12-2024,UPIP2M772581705812JioRechargeUPIICICI,133355301946,220.30,,2094155.49
24-12-2024,UPIP2M715133035392VikasRoyUPISBIN,529170665112,"1,050.07",,2093105.42
25-12-2024,POS BHARAT PETROLEUM CHANDIGA,852536598665,"2,550.44",,2090554.98
25-12-2024,UPIP2M841057818364ZeptoUPIICICI,617491313412,"2,140.15",,2088414.83
25-12-2024,INTEREST CREDIT,562848040882,,345.68,2088760.51
26-12-2024,GST ON CHARGES,089856890969,75.60,,2088684.91
26-12-2024,Monthly Service Chrgs,687892743222,420.00,,2088264.91
26-12-2024,UPIP2M758259677733FlipkartUPIPAYTM,260032155380,"4,450.19",,2083814.72
27-12-2024,UPIP2A794185859582DivyaPatilUPIHDFC,245028175956,,"15,800.55",2099615.27
27-12-2024,UPIP2M251439700039JioRechargeUPIPAYTM,847901563732,409.00,,2099206.27
27-12-2024,UPIP2M702346929861ACTFibernetUPIRAZORPAY,333829156541,649.00,,2098557.27
28-12-2024,UPIP2M967752257959BabitaPillaiUPIUCBA,680093536073,"15,350.00",,2083207.27
29-12-2024,UPIP2M860148362988SwiggyUPIICICI,003288089578,240.74,,2082966.53
29-12-2024,POS CENTRAL MALL CHANDIGARH,005731595200,"1,300.12",,2081666.41
29-12-2024,POS RELIANCE MART CHANDIGARH,699785928734,"4,350.94",,2077315.47
30-12-2024,POS V MART CHANDIGARH,576241479942,"1,650.00",,2075665.47
01-01-2025,UPIP2M007573891776UberIndiaUPIPAYTM,789914322222,630.67,,2075034.80
01-01-2025,UPIP2A011718705728SumitDasUPISBIN,637975214803,,"20,350.78",2095385.58
02-01-2025,UPIP2M115608792588JioRechargeUPIPAYTM,378596794332,969.00,,2094416.58
02-01-2025,UPIP2M689935330357AmazonPayUPIICICI,180920035363,280.15,,2094136.43
03-01-2025,UPIP2M399498192530FlipkartUPIPAYTM,271123033647,350.79,,2093785.64
03-01-2025,UPIP2M439076213854VikasMukherjUPISBIN,119443176783,"20,950.95",,2072834.69
04-01-2025,UPIP2M361010771530BigBasketUPIICICI,004264791101,"2,050.04",,2070784.65
05-01-2025,UPIP2M208421810098JioRechargeUPIPAYTM,104728990890,659.00,,2070125.65
05-01-2025,UPIP2M577683797761AmazonPayUPIICICI,172686528740,"2,110.66",,2068014.99
06-01-2025,POS CENTRAL MALL CHANDIGARH,871036255560,700.34,,2067314.65
06-01-2025,SALARY/S4574958784446/HDFC Life Insurance,017830270029,,"45,145.53",2112460.18
07-01-2025,UPIP2M959321275007MeenaKhannaUPIFDRL,487901430624,"16,450.53",,2096009.65
07-01-2025,UPIP2M029815119630RapidoUPIPAYTM,373015828717,220.63,,2095789.02
07-01-2025,UPIP2M870448412165UberIndiaUPIPAYTM,254592588951,570.38,,2095218.64
07-01-2025,UPIP2A610170867904PrashantBoseUPIUCBA,453527026630,,"12,100.64",2107319.28
08-01-2025,UPIP2M980301506412MeeshoUPIPAYTM,398867305266,"5,300.74",,2102018.54
08-01-2025,NACH/MANDATE/RNT0202272/RENT MANDATE,576453944557,"26,000.00",,2076018.54
08-01-2025,UPIP2M871543724641ManishJoshiUPIUTIB,648599087816,"12,000.24",,2064018.30
08-01-2025,POS SHELL FUEL STATION CHANDIGA,940758142148,"3,800.21",,2060218.09
09-01-2025,POS V MART CHANDIGARH,835227470922,"6,150.25",,2054067.84
09-01-2025,UPIP2M642915713737RapidoUPIPAYTM,951288810631,900.33,,2053167.51
10-01-2025,POS BIG BAZAAR CHANDIGARH,760112138123,"7,900.38",,2045267.13
10-01-2025,UPIP2M524421268368PaytmMallUPIICICI,648733210643,"1,060.33",,2044206.80
11-01-2025,UPIP2M246830820755JioRechargeUPIPAYTM,634529101990,719.00,,2043487.80
11-01-2025,UPIP2M415775607260SwiggyUPIICICI,118731334412,"1,380.81",,2042106.99
11-01-2025,POS V MART CHANDIGARH,953213495342,"4,350.08",,2037756.91
12-01-2025,ATMCASHAXISAEV58741693CHANDI,263477936362,"6,500.00",,2031256.91
13-01-2025,UPIP2M937613243053LICofIndiaUPILICI,185955866992,"1,900.00",,2029356.91
13-01-2025,UPIP2A436770182813VikramSenUPIFDRL,560610047556,,"10,250.62",2039607.53
13-01-2025,POS RELIANCE MART CHANDIGARH,581801713772,"2,550.60",,2037056.93
13-01-2025,UPIP2A348827603464SunilRoyUPIPUNB,487194028631,,"17,950.75",2055007.68
15-01-2025,ATMCASHAXISKQK65272071CHANDI,497158840610,"3,000.00",,2052007.68
15-01-2025,UPIP2M543267947122JioRechargeUPIICICI,049731234777,"2,110.03",,2049897.65
15-01-2025,NACH/MANDATE/SIP6183397/Axis Mutual Fund,858717782991,"13,500.00",,2036397.65
15-01-2025,POS SHELL FUEL STATION CHANDIGA,271775795761,"1,300.95",,2035096.70
16-01-2025,ATMCASHAXISNKQ73473681CHANDI,716553357225,"7,500.00",,2027596.70
16-01-2025,UPIP2M546074095690BigBasketUPIICICI,691498220343,"1,800.80",,2025795.90
16-01-2025,ATMCASHAXISTSH29680546CHANDI,244873949872,"9,500.00",,2016295.90
17-01-2025,UPIP2M293234268878JioRechargeUPIICICI,156892739715,620.84,,2015675.06
17-01-2025,UPIP2M222519381975SantoshRoyUPIBARB,734428242624,"8,950.96",,2006724.10
17-01-2025,ATMCASHAXISJBL69817476CHANDI,799670159466,"6,000.00",,2000724.10
18-01-2025,UPIP2M210059861168ACTFibernetUPIRAZORPAY,913417747590,"1,099.00",,1999625.10
18-01-2025,UPIP2M545376048129SachinYadavUPIHDFC,578649562820,"2,950.02",,1996675.08
18-01-2025,UPIP2M977315246894BigBasketUPIICICI,121495885844,"1,530.34",,1995144.74
19-01-2025,UPIP2M007247857407BESCOMUPIUPIN,614066998294,950.07,,1994194.67
20-01-2025,POS METRO CASH CARRY CHANDIGARH,257124018770,"4,500.39",,1989694.28
21-01-2025,UPIP2M468790568851OlaCabsUPIICICI,406402021653,"2,670.41",,1987023.87
21-01-2025,UPIP2A975273527847KunalShuklaUPIUCBA,814263988666,,"17,800.80",2004824.67
22-01-2025,ATMCASHAXISQRP36674507CHANDI,046241612516,"10,000.00",,1994824.67
23-01-2025,UPIP2M416742104680JioRechargeUPIPAYTM,580669242420,649.00,,1994175.67
24-01-2025,UPIP2M293118785331IndaneGasUPIICICI,420524089769,"1,000.53",,1993175.14
25-01-2025,UPIP2M223670342056ArunPatilUPIBDBL,474423812837,"21,200.21",,1971974.93
25-01-2025,UPIP2A294613134548VarunChopraUPIBKID,210180766251,,"2,200.74",1974175.67
26-01-2025,UPIP2M536605431868UberIndiaUPIICICI,176739961626,"1,130.58",,1973045.09
26-01-2025,UPIP2M494351027450PhonePeMerchUPIICICI,331342808106,280.55,,1972764.54
27-01-2025,UPIP2M874117198268JioRechargeUPIPAYTM,573622746251,559.00,,1972205.54
27-01-2025,UPIP2M986305826871HotstarUPIICICI,458115983748,549.00,,1971656.54
27-01-2025,UPIP2M040290430457BigBasketUPIICICI,073990168255,"2,040.05",,1969616.49
28-01-2025,POS RELIANCE PETROLEUM CHANDIGA,067447050146,"1,700.38",,1967916.11
28-01-2025,UPIP2M712635969579MyntraUPIICICI,000322211128,299.00,,1967617.11
29-01-2025,UPIP2M907116999073OlaCabsUPIPAYTM,435520324011,850.13,,1966766.98
29-01-2025,POS HP PETROL PUMP CHANDIGA,103217423429,950.73,,1965816.25
30-01-2025,UPIP2M378053317408SaurabhPatelUPIHDFC,965887204156,"6,000.75",,1959815.50
30-01-2025,UPIP2M301599664516RahulGhoshUPIKKBK,513151075208,"10,000.00",,1949815.50
30-01-2025,POS RELIANCE MART CHANDIGARH,203488885846,"5,550.01",,1944265.49
31-01-2025,UPIP2M822746294480PankajMukherUPIUTIB,937154386834,"14,550.44",,1929715.05
31-01-2025,Monthly Service Chrgs,334394689809,400.00,,1929315.05
31-01-2025,GST ON CHARGES,444809633250,72.00,,1929243.05
01-02-2025,POS D MART CHANDIGARH,400916279729,"4,650.46",,1924592.59
01-02-2025,POS PANTALOONS CHANDIGARH,706996978896,"6,700.69",,1917891.90
02-02-2025,UPIP2A061453290987VandanaPatelUPIFDRL,951848917897,,"16,100.30",1933992.20
02-02-2025,UPIP2A636092089622NaveenNambiaUPIKKBK,938269747474,,"1,200.62",1935192.82
03-02-2025,POS VISHAL MEGA MART CHANDIGARH,601892553977,"2,950.22",,1932242.60
03-02-2025,IMPS/322543277755/Manish Mehta/UTIB,792452034061,"19,600.99",,1912641.61
03-02-2025,UPIP2A691112527869RohitMishraUPIFDRL,547826245479,,750.72,1913392.33
04-02-2025,UPIP2M693639862954JioRechargeUPIPAYTM,331475726008,299.00,,1913093.33
04-02-2025,POS D MART CHANDIGARH,623760928300,"3,000.58",,1910092.75
05-02-2025,UPIP2M319867253181PhonePeMerchUPIICICI,840347765303,"2,230.47",,1907862.28
06-02-2025,UPIP2M275793250686OlaCabsUPIPAYTM,166299843754,560.94,,1907301.34
07-02-2025,UPIP2A135966718924PoonamPatilUPIKKBK,725724350496,,"21,400.29",1928701.63
07-02-2025,POS V MART CHANDIGARH,545380445944,"7,250.45",,1921451.18
07-02-2025,UPIP2M908944701124FlipkartUPIICICI,515568509220,220.37,,1921230.81
07-02-2025,POS BHARAT PETROLEUM CHANDIGA,189163907200,"3,450.54",,1917780.27
07-02-2025,SALARY/S6934536055338/HDFC Life Insurance,859203907907,,"47,886.53",1965666.80
07-02-2025,UPIP2M228431816786SushmaAgarwaUPIUCBA,306942354192,"18,350.42",,1947316.38
08-02-2025,UPIP2M066452403816ArjunShuklaUPIUTIB,282350798953,"5,650.54",,1941665.84
08-02-2025,UPIP2M888579975680LICofIndiaUPILICI,119107901785,"1,900.00",,1939765.84
09-02-2025,UPIP2M495912491675SanjayShuklaUPIBARB,544228987228,"7,050.87",,1932714.97
09-02-2025,UPIP2M584141063956BigBasketUPIICICI,866654598371,"1,110.91",,1931604.06
10-02-2025,UPIP2M901275867511UberIndiaUPIPAYTM,109768632719,520.84,,1931083.22
10-02-2025,NACH/MANDATE/RNT7104384/RENT MANDATE,841289297842,"26,000.00",,1905083.22
10-02-2025,UPIP2M749081029898BrijeshKhannUPIPUNB,107410423140,"6,400.24",,1898682.98
11-02-2025,UPIP2M127615539566RapidoUPIPAYTM,163621583761,100.67,,1898582.31
11-02-2025,UPIP2M861464473533RajeshKumarUPIHDFC,289758143167,"11,000.11",,1887582.20
11-02-2025,UPIP2M484982597614JioRechargeUPIPAYTM,354387237696,639.00,,1886943.20
12-02-2025,UPIP2M433781922884BigBasketUPIICICI,413125076665,"1,120.24",,1885822.96
12-02-2025,UPIP2M691261905844BSNLBroadbanUPIICICI,409270456976,"1,190.24",,1884632.72
12-02-2025,POS BHARAT PETROLEUM CHANDIGA,765353728018,"4,350.08",,1880282.64
12-02-2025,UPIP2M023651751722UberIndiaUPIPAYTM,555845301701,110.86,,1880171.78
14-02-2025,UPIP2M184211084519GauravChatteUPIUTIB,839690756871,"19,350.19",,1860821.59
15-02-2025,UPIP2M419474599036SumitPillaiUPIFDRL,308880360303,"15,400.98",,1845420.61
15-02-2025,UPIP2M933731302504DunzoUPIICICI,796525085106,300.27,,1845120.34
15-02-2025,POS INDIAN OIL CHANDIGA,261919860655,950.98,,1844169.36
15-02-2025,UPIP2M373392339358BigBasketUPIICICI,467837150443,"1,110.28",,1843059.08
15-02-2025,UPIP2M880152167361MeeshoUPIPAYTM,347463922387,"4,650.82",,1838408.26
16-02-2025,UPIP2A818330246003MinaGuptaUPISBIN,863263873698,,"18,700.19",1857108.45
16-02-2025,POS V MART CHANDIGARH,767742154128,"4,400.62",,1852707.83
16-02-2025,ATMCASHAXISIDI34824296CHANDI,689192796106,"9,500.00",,1843207.83
17-02-2025,UPIP2M252850827392BSNLBroadbanUPIICICI,816358998438,"1,890.08",,1841317.75
18-02-2025,UPIP2M163212191829UberIndiaUPIICICI,036112566296,870.27,,1840447.48
18-02-2025,POS V MART CHANDIGARH,424036525000,"7,750.18",,1832697.30
18-02-2025,NACH/MANDATE/SIP4586061/Axis Mutual Fund,877378643006,"13,500.00",,1819197.30
19-02-2025,UPIP2M549595823615JioRechargeUPIICICI,358810220331,"1,340.48",,1817856.82
19-02-2025,ATMCASHAXISNLO13351062CHANDI,489310796536,"1,000.00",,1816856.82
20-02-2025,UPIP2M392466236204MaheshChopraUPIHDFC,182030028860,"2,250.43",,1814606.39
20-02-2025,UPIP2M999611876087NehaBoseUPIUCBA,374587859112,"7,800.33",,1806806.06
21-02-2025,UPIP2M957553134378BSNLBroadbanUPIICICI,950709719924,"1,500.15",,1805305.91
22-02-2025,UPIP2M242408403034KapilBanerjeUPIBARB,643727538017,"5,350.21",,1799955.70
22-02-2025,UPIP2M383406852823BESCOMUPIUPIN,430909040534,"2,550.21",,1797405.49
23-02-2025,POS LIFESTYLE STORES CHANDIGARH,493011690953,"1,650.14",,1795755.35
23-02-2025,UPIP2A290055114044SwatiKumarUPIUCBA,912375329409,,"12,200.29",1807955.64
24-02-2025,UPIP2M749976199158ZomatoUPIICICI,986453844193,"2,440.85",,1805514.79
24-02-2025,UPIP2M986700314717JioRechargeUPIPAYTM,471030066462,909.00,,1804605.79
25-02-2025,UPIP2M927848038894IndaneGasUPIICICI,488679598014,"1,600.88",,1803004.91
25-02-2025,UPIP2M979891283749MyntraUPIPAYTM,116440855178,300.53,,1802704.38
25-02-2025,UPIP2M386133787547JioRechargeUPIPAYTM,326150685935,829.00,,1801875.38
25-02-2025,UPIP2M614513076918RituSharmaUPIBARB,167035280869,"11,200.64",,1790674.74
27-02-2025,POS RELIANCE PETROLEUM CHANDIGA,911824216477,"4,300.74",,1786374.00
28-02-2025,UPIP2M588638861378JioRechargeUPIICICI,611742862334,480.99,,1785893.01
28-02-2025,UPIP2M692029482482JioRechargeUPIICICI,097928237853,"1,640.29",,1784252.72
01-03-2025,UPIP2M989217711088SiddharthRedUPIFDRL,575687279608,"21,800.24",,1762452.48
01-03-2025,UPIP2M213963126560MyntraUPIPAYTM,310589804418,"2,050.15",,1760402.33
01-03-2025,ATMCASHAXISPZI39626800CHANDI,101451092504,"1,000.00",,1759402.33
01-03-2025,UPIP2M892457696498UberIndiaUPIPAYTM,279672707742,190.67,,1759211.66
01-03-2025,UPIP2M722747444251AmazonPayUPIICICI,736912897926,870.23,,1758341.43
01-03-2025,UPIP2M923674437639JioRechargeUPIPAYTM,742615062317,939.00,,1757402.43
02-03-2025,POS RELIANCE PETROLEUM CHANDIGA,370582471301,"3,100.25",,1754302.18
02-03-2025,UPIP2M380200933724PaytmMallUPIICICI,156682128706,"2,360.85",,1751941.33
02-03-2025,UPIP2A843294908156RohitPillaiUPIBDBL,700049520511,,"5,150.56",1757091.89
02-03-2025,UPIP2A852670637298VivekBanerjeUPISBIN,796987115021,,"6,100.27",1763192.16
02-03-2025,UPIP2M093837312619DunzoUPIICICI,799566856639,"2,010.63",,1761181.53
02-03-2025,POS SHOPPERS STOP CHANDIGARH,305781005285,"2,100.17",,1759081.36
03-03-2025,UPIP2M818019126631PaytmMallUPIICICI,768238512241,"1,690.01",,1757391.35
03-03-2025,UPIP2M419732851572SaritaGuptaUPIBKID,786064851849,"13,200.67",,1744190.68
03-03-2025,UPIP2M102270594350BigBasketUPIICICI,998697422075,"2,240.38",,1741950.30
03-03-2025,UPIP2A206693382061GirishSethiUPIBKID,173757488356,,"9,750.87",1751701.17
04-03-2025,UPIP2M023096605579ZomatoUPIICICI,640209762544,"1,470.26",,1750230.91
04-03-2025,SALARY/S2444699161566/HDFC Life Insurance,345247470934,,"46,129.53",1796360.44
04-03-2025,UPIP2M880688177140JioRechargeUPIPAYTM,810306333794,789.00,,1795571.44
04-03-2025,UPIP2M307278429231SnehaMishraUPIFDRL,240257347758,"9,100.96",,1786470.48
04-03-2025,POS MORE SUPER MARKET CHANDIGARH,633165216804,"5,050.82",,1781419.66
05-03-2025,POS BHARAT PETROLEUM CHANDIGA,003114851324,"4,300.64",,1777119.02
05-03-2025,UPIP2M160855278978BSNLBroadbanUPIICICI,018710515022,"2,720.66",,1774398.36
06-03-2025,ATMCASHAXISAAL52512270CHANDI,326437749258,"1,000.00",,1773398.36
06-03-2025,NACH/MANDATE/RNT2646080/RENT MANDATE,280971667678,"26,000.00",,1747398.36
06-03-2025,UPIP2M354215975224LICofIndiaUPILICI,885811833373,"1,900.00",,1745498.36
07-03-2025,UPIP2M187204761685ZeptoUPIICICI,812270992723,220.21,,1745278.15
07-03-2025,UPIP2M684875588231VarshaNairUPIUCBA,945042904395,"18,100.06",,1727178.09
08-03-2025,UPIP2M139529359611OlaCabsUPIICICI,468570273946,"1,420.61",,1725757.48
08-03-2025,POS CENTRAL MALL CHANDIGARH,341752709264,750.74,,1725006.74
09-03-2025,UPIP2M013558050026AmazonPayUPIPAYTM,602333152433,650.30,,1724356.44
09-03-2025,UPIP2M157068969965BESCOMUPIUPIN,474927372637,"4,100.39",,1720256.05
09-03-2025,UPIP2A936804207094TarunPillaiUPISBIN,548503309877,,"5,600.07",1725856.12
09-03-2025,ATMCASHAXISHER26443619CHANDI,015831112387,"3,000.00",,1722856.12
10-03-2025,UPIP2M594399262305ACTFibernetUPIRAZORPAY,588131416865,949.00,,1721907.12
11-03-2025,UPIP2M448446856598FlipkartUPIICICI,316699727884,"2,290.12",,1719617.00
11-03-2025,UPIP2M474707666542JioRechargeUPIPAYTM,386686919931,439.00,,1719178.00
11-03-2025,UPIP2M936241013441RapidoUPIPAYTM,574252346183,170.82,,1719007.18
14-03-2025,UPIP2M969635415617JioRechargeUPIICICI,635566251215,460.06,,1718547.12
14-03-2025,UPIP2M503295419869BSNLBroadbanUPIICICI,426677187942,"1,800.70",,1716746.42
14-03-2025,UPIP2M376394385893JioRechargeUPIPAYTM,650763935822,259.00,,1716487.42
14-03-2025,NACH/MANDATE/SIP7089556/Axis Mutual Fund,302205775152,"13,500.00",,1702987.42
15-03-2025,UPIP2M933178872984HarishTiwariUPIUCBA,951322484623,"12,450.17",,1690537.25
16-03-2025,UPIP2M897251442814MukeshNaikUPIKKBK,700022419350,"11,800.94",,1678736.31
16-03-2025,UPIP2M429523801585OlaCabsUPIPAYTM,767629064066,290.46,,1678445.85
17-03-2025,UPIP2M403942557528UberIndiaUPIICICI,990156744840,"1,480.79",,1676965.06
17-03-2025,POS BIG BAZAAR CHANDIGARH,710580590469,750.21,,1676214.85
19-03-2025,UPIP2M051815079177OlaCabsUPIPAYTM,854759971631,240.37,,1675974.48
22-03-2025,UPIP2M472187747033VivekDesaiUPIBDBL,907718709556,"15,050.98",,1660923.50
22-03-2025,UPIP2M100006689244ZomatoUPIICICI,087271002955,"1,560.62",,1659362.88
22-03-2025,UPIP2M971276319019NykaaUPIICICI,863659008143,649.00,,1658713.88
23-03-2025,UPIP2A539523715307JyotiDubeyUPIBARB,569931178135,,"18,750.27",1677464.15
23-03-2025,UPIP2M298414656795JioRechargeUPIPAYTM,669267028757,199.00,,1677265.15
23-03-2025,POS CENTRAL MALL CHANDIGARH,622173355125,850.57,,1676414.58
24-03-2025,UPIP2M869222051139IndaneGasUPIICICI,641923681287,"2,200.29",,1674214.29
25-03-2025,POS MAX FASHION CHANDIGARH,851416467601,"8,300.94",,1665913.35
25-03-2025,INTEREST CREDIT,731635523638,,405.03,1666318.38
25-03-2025,UPIP2M637966106870ZomatoUPIICICI,940110710668,"1,990.41",,1664327.97
26-03-2025,UPIP2M617761366924JioRechargeUPIICICI,168603218043,820.16,,1663507.81
27-03-2025,POS BIG BAZAAR CHANDIGARH,822126316246,"4,750.50",,1658757.31
27-03-2025,UPIP2A672710438970RohitPatelUPIPUNB,725053693883,,"22,000.68",1680757.99
28-03-2025,UPIP2A841561902326RenuIyerUPIUTIB,121874921413,,"17,350.32",1698108.31
28-03-2025,UPIP2M525851738558FlipkartUPIICICI,468361018561,"2,100.98",,1696007.33
28-03-2025,UPIP2A067535056821BabitaPatilUPIBARB,897155348505,,"19,150.31",1715157.64
28-03-2025,POS INDIAN OIL CHANDIGA,156599986915,"1,450.38",,1713707.26
28-03-2025,UPIP2A174400167680MayaDubeyUPIKKBK,285226083046,,"12,600.36",1726307.62
29-03-2025,UPIP2M017365153853JioRechargeUPIPAYTM,412467230813,979.00,,1725328.62
30-03-2025,POS V MART CHANDIGARH,668604219979,"4,700.82",,1720627.80
31-03-2025,UPIP2M175468823902UberIndiaUPIICICI,780545462449,870.90,,1719756.90
01-04-2025,UPIP2M539220398960NikhilDuttaUPIBARB,864788718972,"18,050.30",,1701706.60
01-04-2025,UPIP2M203215351501OlaCabsUPIPAYTM,890001252850,520.00,,1701186.60
01-04-2025,UPIP2M417033558263SnehaNaikUPIBKID,331167618662,"5,300.94",,1695885.66
02-04-2025,UPIP2M803232271610ACTFibernetUPIRAZORPAY,755739942399,949.00,,1694936.66
02-04-2025,UPIP2M791504535168NehaSethiUPIKKBK,046974564106,"3,750.83",,1691185.83
03-04-2025,UPIP2M828248368637SwiggyUPIICICI,610828165523,"1,350.49",,1689835.34
04-04-2025,ATMCASHAXISUMA67731753CHANDI,841973440124,"6,500.00",,1683335.34
05-04-2025,SALARY/S6919883879403/HDFC Life Insurance,686805614493,,"47,031.53",1730366.87
06-04-2025,NACH/MANDATE/RNT3116372/RENT MANDATE,898013069443,"26,000.00",,1704366.87
06-04-2025,UPIP2M076159852703OlaCabsUPIICICI,152627323778,630.57,,1703736.30
08-04-2025,UPIP2M041938697095FlipkartUPIICICI,657359130878,460.22,,1703276.08
08-04-2025,UPIP2M562424264895OlaCabsUPIPAYTM,348923804213,180.17,,1703095.91
09-04-2025,UPIP2M652001730898VikramAgarwaUPIFDRL,782650836612,"7,900.70",,1695195.21
10-04-2025,UPIP2M169473794518LICofIndiaUPILICI,340016380400,"1,900.00",,1693295.21
10-04-2025,UPIP2M427812044156FlipkartUPIICICI,085695029758,480.14,,1692815.07
10-04-2025,POS BHARAT PETROLEUM CHANDIGA,224846188888,"2,250.82",,1690564.25
12-04-2025,UPIP2M380357159589PhonePeMerchUPIICICI,304638748207,"1,020.61",,1689543.64
13-04-2025,UPIP2M816822779651ZeptoUPIICICI,495975079094,620.25,,1688923.39
13-04-2025,NACH/MANDATE/SIP8005900/Axis Mutual Fund,130983006903,"13,500.00",,1675423.39
13-04-2025,NEFT/N4088340953683/Patni Computer Syste/FDRL0155520,759175872633,,"13,500.34",1688923.73
13-04-2025,UPIP2M447864291502OlaCabsUPIICICI,857643569581,"2,250.71",,1686673.02
14-04-2025,UPIP2M718520385566DunzoUPIICICI,577934867407,"1,990.68",,1684682.34
14-04-2025,UPIP2M605672355794MeeshoUPIPAYTM,116190932026,"4,550.26",,1680132.08
14-04-2025,UPIP2M011761486769BESCOMUPIUPIN,047920138776,"1,600.89",,1678531.19
15-04-2025,UPIP2M547476172481IndaneGasUPIICICI,886637821990,900.74,,1677630.45
15-04-2025,UPIP2M743864702912FlipkartUPIPAYTM,930722704369,"4,550.10",,1673080.35
15-04-2025,UPIP2M465993169882PhonePeMerchUPIICICI,098913929902,470.61,,1672609.74
16-04-2025,POS METRO CASH CARRY CHANDIGARH,999734990812,"3,350.00",,1669259.74
17-04-2025,UPIP2M706163997513PhonePeMerchUPIICICI,159373774151,"2,610.90",,1666648.84
17-04-2025,UPIP2M748951138455ZomatoUPIICICI,478580460693,"1,440.17",,1665208.67
18-04-2025,ATMCASHAXISOKB15304019CHANDI,459789456941,"1,000.00",,1664208.67
18-04-2025,UPIP2M728861325200NaveenAgarwaUPIPUNB,788614968474,"9,700.33",,1654508.34
21-04-2025,UPIP2A899845556773SureshJoshiUPISBIN,876659432934,,"17,100.32",1671608.66
21-04-2025,UPIP2M882942823866SaritaJainUPIFDRL,939025286400,"1,000.40",,1670608.26
22-04-2025,UPIP2M703844993246JioRechargeUPIPAYTM,037320018391,209.00,,1670399.26
23-04-2025,ATMCASHAXISSQW63145830CHANDI,809557003633,"2,500.00",,1667899.26
24-04-2025,POS SHELL FUEL STATION CHANDIGA,798611592126,950.79,,1666948.47
24-04-2025,UPIP2M219342638060JioRechargeUPIPAYTM,161333491619,619.00,,1666329.47
24-04-2025,POS RELIANCE MART CHANDIGARH,980751403864,"1,550.87",,1664778.60
24-04-2025,UPIP2M077948637663ZomatoUPIICICI,876739448344,730.32,,1664048.28
25-04-2025,ATMCASHAXISDRC28332935CHANDI,635117571219,"5,500.00",,1658548.28
26-04-2025,UPIP2M403041909595UberIndiaUPIPAYTM,036102880525,770.50,,1657777.78
26-04-2025,POS INDIAN OIL CHANDIGA,430816897253,"4,150.21",,1653627.57
27-04-2025,POS RELIANCE PETROLEUM CHANDIGA,378524528038,"1,900.81",,1651726.76
27-04-2025,UPIP2M647773454693DeepaIyerUPIBDBL,527825120369,"16,650.65",,1635076.11
28-04-2025,UPIP2M211086260266OlaCabsUPIICICI,267926602758,360.74,,1634715.37
28-04-2025,UPIP2M317902760668IRCTCUPIICICI,303535403279,699.00,,1634016.37
28-04-2025,UPIP2A104064602869AshaIyerUPIBARB,217388905755,,"21,450.22",1655466.59
29-04-2025,ATMCASHAXISJLC66022818CHANDI,765274309857,"4,500.00",,1650966.59
30-04-2025,UPIP2M259874359506BSNLBroadbanUPIICICI,747764947608,"1,320.21",,1649646.38
30-04-2025,UPIP2M386404078585MinaJainUPIBDBL,468441965293,"12,700.11",,1636946.27
01-05-2025,UPIP2A580962888566RenuAhujaUPIBDBL,319162398466,,"4,900.53",1641846.80
01-05-2025,POS LIFESTYLE STORES CHANDIGARH,526679192136,"6,450.95",,1635395.85
01-05-2025,POS V MART CHANDIGARH,616395074209,"6,550.52",,1628845.33
02-05-2025,UPIP2M329714543970JioRechargeUPIPAYTM,373854497054,309.00,,1628536.33
03-05-2025,UPIP2M064397083051RapidoUPIPAYTM,859772797505,250.60,,1628285.73
03-05-2025,UPIP2M813117498887DeepakDasUPIBDBL,314943218788,"15,050.35",,1613235.38
04-05-2025,UPIP2M020371578313JioRechargeUPIPAYTM,982654991138,239.00,,1612996.38
04-05-2025,POS BHARAT PETROLEUM CHANDIGA,745601650998,"1,950.59",,1611045.79
04-05-2025,UPIP2A897702010254ArunPatelUPIHDFC,182446769210,,"4,750.40",1615796.19
04-05-2025,SALARY/S3432500470551/HDFC Life Insurance,609785148354,,"44,562.53",1660358.72
04-05-2025,UPIP2M109943359722UshaPatelUPIUCBA,226498868262,"7,750.16",,1652608.56
04-05-2025,UPIP2A834393225211VivekChopraUPIKKBK,828883688866,,"19,400.68",1672009.24
04-05-2025,UPIP2M732873864625RapidoUPIPAYTM,478189894975,480.88,,1671528.36
06-05-2025,UPIP2M304254175793DunzoUPIICICI,806903801664,"1,180.50",,1670347.86
06-05-2025,POS METRO CASH CARRY CHANDIGARH,298564969142,"1,600.53",,1668747.33
08-05-2025,UPIP2M476313777051NykaaUPIPAYTM,061121374321,"5,250.50",,1663496.83
09-05-2025,UPIP2M948239536198ShwetaNambiaUPIFDRL,930390070700,"10,250.31",,1653246.52
09-05-2025,UPIP2M590614379835BSNLBroadbanUPIICICI,495620469987,980.73,,1652265.79
09-05-2025,NACH/MANDATE/RNT4653161/RENT MANDATE,928362771456,"26,000.00",,1626265.79
10-05-2025,ATMCASHAXISAEP01893675CHANDI,651383836869,"4,500.00",,1621765.79
10-05-2025,UPIP2M106388485954AmazonPayUPIICICI,842222333289,720.43,,1621045.36
10-05-2025,UPIP2M306218112472JioRechargeUPIICICI,625381540454,440.15,,1620605.21
10-05-2025,ATMCASHAXISUAB02068916CHANDI,050925698880,"8,500.00",,1612105.21
10-05-2025,POS CENTRAL MALL CHANDIGARH,879554161481,"5,650.81",,1606454.40
11-05-2025,UPIP2M833112876891OlaCabsUPIPAYTM,066887991028,460.55,,1605993.85
11-05-2025,UPIP2M789486606037LICofIndiaUPILICI,531893554824,"1,900.00",,1604093.85
11-05-2025,POS RELIANCE PETROLEUM CHANDIGA,095043279080,"1,900.46",,1602193.39
11-05-2025,UPIP2M349915837798DeepaRoyUPISBIN,913513676102,"14,300.78",,1587892.61
12-05-2025,UPIP2A641704974712VikasMishraUPIHDFC,028934716700,,"18,300.16",1606192.77
12-05-2025,UPIP2M449412005929BESCOMUPIUPIN,784989523102,"1,100.65",,1605092.12
12-05-2025,UPIP2A718294897981SapnaIyerUPIUCBA,359604707911,,"21,850.53",1626942.65
13-05-2025,UPIP2A622479783683LataChatterjUPIBARB,309966578264,,"15,450.16",1642392.81
14-05-2025,UPIP2M271096998108PractoUPIICICI,179801555641,399.00,,1641993.81
14-05-2025,UPIP2M379303397318MedPlusHealtUPIICICI,687399185537,"2,470.18",,1639523.63
14-05-2025,ATMCASHAXISMYH80396962CHANDI,243265059390,"2,500.00",,1637023.63
14-05-2025,UPIP2M373589714757OlaCabsUPIICICI,327696823837,"2,800.28",,1634223.35
15-05-2025,NACH/MANDATE/SIP0416079/Axis Mutual Fund,654006381426,"13,500.00",,1620723.35
15-05-2025,POS SHOPPERS STOP CHANDIGARH,371855913325,"2,050.12",,1618673.23
16-05-2025,UPIP2M815067147538AmazonPayUPIICICI,572189136185,"2,200.14",,1616473.09
17-05-2025,UPIP2A109611075203UshaChopraUPIBARB,875737009142,,"8,400.02",1624873.11
18-05-2025,UPIP2M555204525211ACTFibernetUPIRAZORPAY,031615757918,849.00,,1624024.11
18-05-2025,UPIP2M543765007885OlaCabsUPIICICI,797449450255,"1,950.86",,1622073.25
18-05-2025,UPIP2M084521889648IndaneGasUPIICICI,894601706271,"2,450.99",,1619622.26
18-05-2025,POS SHELL FUEL STATION CHANDIGA,811793223494,"2,950.40",,1616671.86
19-05-2025,UPIP2A543912479024AmitChatterjUPIBDBL,102589606733,,"13,500.59",1630172.45
20-05-2025,UPIP2A571292523142ShwetaNambiaUPIBKID,242764227551,,"12,000.11",1642172.56
21-05-2025,UPIP2M368852547531BigBasketUPIICICI,229314396378,620.27,,1641552.29
21-05-2025,UPIP2M062072408821OlaCabsUPIPAYTM,404023586378,280.59,,1641271.70
22-05-2025,UPIP2M546449579693AnkitBoseUPIUTIB,145638089627,"5,650.17",,1635621.53
22-05-2025,UPIP2M239329238215UberIndiaUPIICICI,245709702728,"1,820.39",,1633801.14
23-05-2025,UPIP2M698522928750BSNLBroadbanUPIICICI,176276043378,"1,960.98",,1631840.16
23-05-2025,UPIP2M457307837681JioRechargeUPIICICI,635601021847,120.79,,1631719.37
23-05-2025,POS BHARAT PETROLEUM CHANDIGA,482943970993,950.58,,1630768.79
23-05-2025,UPIP2M291750962678SunilReddyUPIBKID,274830963522,"19,950.00",,1610818.79
24-05-2025,UPIP2M085187787639AmitKulkarniUPIBARB,125243360468,"17,900.97",,1592917.82
28-05-2025,UPIP2M061108106433UberIndiaUPIPAYTM,045626517390,830.17,,1592087.65
28-05-2025,ATMCASHAXISNKD86213822CHANDI,785056801228,"10,000.00",,1582087.65
28-05-2025,ATMCASHAXISBZN50608686CHANDI,841123375290,"10,000.00",,1572087.65
29-05-2025,IMPS/728763426840/Mahesh Desai/BDBL,370104682474,"14,200.67",,1557886.98
30-05-2025,UPIP2M566161314214OlaCabsUPIICICI,396726682138,"2,260.66",,1555626.32
30-05-2025,UPIP2M413778515615OlaCabsUPIICICI,709601843676,"2,400.72",,1553225.60
31-05-2025,Monthly Service Chrgs,867434497007,130.00,,1553095.60
31-05-2025,UPIP2M889788541803AkashMukherjUPIKKBK,843050271661,"2,950.37",,1550145.23
31-05-2025,GST ON CHARGES,024682284852,23.40,,1550121.83
01-06-2025,POS CENTRAL MALL CHANDIGARH,919022247691,"5,000.40",,1545121.43
01-06-2025,UPIP2M942528458389DunzoUPIICICI,481440173580,"1,980.21",,1543141.22
02-06-2025,UPIP2M696794039452BlinkitUPIICICI,940682200566,400.01,,1542741.21
02-06-2025,IMPS/307216483747/Kavya Mukherjee/BDBL,411994841706,"38,900.22",,1503840.99
04-06-2025,UPIP2M861090904401PallaviSethiUPIUTIB,451653305609,"21,750.94",,1482090.05
05-06-2025,UPIP2M742410736829RapidoUPIPAYTM,084761860438,710.79,,1481379.26
05-06-2025,SALARY/S6399982958935/HDFC Life Insurance,753496266158,,"47,704.53",1529083.79
07-06-2025,UPIP2M257440675203AnitaPatilUPIBARB,961048635260,"13,600.75",,1515483.04
07-06-2025,NACH/MANDATE/RNT8338647/RENT MANDATE,208484073378,"26,000.00",,1489483.04
07-06-2025,UPIP2M267726667482VarunSinghUPIFDRL,626452190351,"15,550.74",,1473932.30
08-06-2025,UPIP2M708926852003AmazonPayUPIPAYTM,926929668106,"3,900.08",,1470032.22
08-06-2025,POS RELIANCE MART CHANDIGARH,650537294792,"4,700.07",,1465332.15
09-06-2025,UPIP2M635419794663VijaySenUPIBARB,964722996787,"17,500.84",,1447831.31
09-06-2025,UPIP2M295931375750UberIndiaUPIICICI,472671412287,"1,830.74",,1446000.57
09-06-2025,UPIP2M248047678634ZeptoUPIICICI,341560088334,"1,170.84",,1444829.73
10-06-2025,UPIP2A091082798258AmitThaparUPIBARB,634110642116,,"1,500.69",1446330.42
10-06-2025,UPIP2M119442974223DivyaKhannaUPIHDFC,651925719936,"5,250.52",,1441079.90
12-06-2025,UPIP2M067792879759OlaCabsUPIPAYTM,928931922883,260.57,,1440819.33
12-06-2025,UPIP2M151928630463AmazonPayUPIICICI,791164098459,"2,320.64",,1438498.69
13-06-2025,UPIP2M204072595870LICofIndiaUPILICI,495511535419,"1,900.00",,1436598.69
13-06-2025,POS STAR BAZAAR CHANDIGARH,146296983244,"2,200.67",,1434398.02
14-06-2025,UPIP2A127669990201GauravSharmaUPIFDRL,284609532486,,"10,450.89",1444848.91
14-06-2025,UPIP2M670481533984ManishChopraUPIHDFC,728829332047,"7,900.74",,1436948.17
14-06-2025,UPIP2M032848079159BESCOMUPIUPIN,542953481385,"1,400.92",,1435547.25
15-06-2025,UPIP2M483204788831JioRechargeUPIICICI,241016284352,"1,770.32",,1433776.93
16-06-2025,UPIP2M970811112805JioRechargeUPIICICI,399934605606,"2,770.09",,1431006.84
16-06-2025,UPIP2M003848426402MedPlusHealtUPIICICI,993042793896,940.93,,1430065.91
16-06-2025,POS CENTRAL MALL CHANDIGARH,058532323760,"6,450.82",,1423615.09
17-06-2025,UPIP2A940417482091AnilSenUPIFDRL,300814888346,,"8,700.65",1432315.74
19-06-2025,NACH/MANDATE/SIP5639274/Axis Mutual Fund,340333349667,"13,500.00",,1418815.74
19-06-2025,UPIP2M150617548349PhonePeMerchUPIICICI,283950829257,"2,410.32",,1416405.42
20-06-2025,UPIP2M974753106012JioRechargeUPIPAYTM,475978622209,489.00,,1415916.42
20-06-2025,UPIP2M118158939704DunzoUPIICICI,715223562242,"2,500.58",,1413415.84
21-06-2025,UPIP2M823047091736IndaneGasUPIICICI,582698020998,"2,450.91",,1410964.93
21-06-2025,UPIP2M052090563341ACTFibernetUPIRAZORPAY,038302797986,949.00,,1410015.93
21-06-2025,UPIP2M912316979461JioRechargeUPIPAYTM,029451935981,789.00,,1409226.93
21-06-2025,ATMCASHAXISEPA29911730CHANDI,974614099822,"5,500.00",,1403726.93
22-06-2025,ATMCASHAXISIFQ44277249CHANDI,628494587096,"6,000.00",,1397726.93
22-06-2025,UPIP2A303150823562GauravRoyUPISBIN,297547101025,,"10,700.68",1408427.61
22-06-2025,UPIP2M200013679547NykaaUPIPAYTM,633920173043,"5,450.04",,1402977.57
23-06-2025,ATMCASHAXISHAQ65434716CHANDI,416301694267,"5,500.00",,1397477.57
23-06-2025,UPIP2A809521993918SunitaMehtaUPIFDRL,577708693257,,"16,650.57",1414128.14
23-06-2025,UPIP2M914372800506PaytmMallUPIICICI,450150421622,"2,710.99",,1411417.15
23-06-2025,UPIP2M257269771171KiranMukherjUPIHDFC,533046619424,"18,050.97",,1393366.18
24-06-2025,UPIP2M267280970440ZomatoUPIICICI,915053905941,"2,160.67",,1391205.51
25-06-2025,UPIP2M244685747988BlinkitUPIICICI,627984713182,"2,740.69",,1388464.82
25-06-2025,POS CENTRAL MALL CHANDIGARH,883682857360,"5,950.46",,1382514.36
25-06-2025,UPIP2M903458137897BlinkitUPIICICI,859377580886,"2,670.14",,1379844.22
26-06-2025,POS BRAND FACTORY CHANDIGARH,153797596838,"5,300.24",,1374543.98
26-06-2025,INTEREST CREDIT,091747762804,,610.37,1375154.35
27-06-2025,UPIP2M754362718133OlaCabsUPIPAYTM,931000836616,880.12,,1374274.23
27-06-2025,UPIP2M442362565130AmazonPayUPIPAYTM,189203874002,"6,000.46",,1368273.77
27-06-2025,Monthly Service Chrgs,904556510947,290.00,,1367983.77
27-06-2025,GST ON CHARGES,067232448914,52.20,,1367931.57
27-06-2025,POS SHOPPERS STOP CHANDIGARH,816257121039,"2,150.57",,1365781.00
28-06-2025,UPIP2M178022690787FlipkartUPIICICI,626883204505,"1,710.11",,1364070.89
28-06-2025,ATMCASHAXISMLL66822644CHANDI,882879090977,"5,000.00",,1359070.89
29-06-2025,POS RELIANCE PETROLEUM CHANDIGA,111898702749,"1,450.75",,1357620.14
29-06-2025,UPIP2M236324896943ZeptoUPIICICI,323641995303,"2,450.04",,1355170.10
29-06-2025,UPIP2M471858008505SaritaKhannaUPIKKBK,210597563260,"14,200.65",,1340969.45
30-06-2025,UPIP2M128128916862FlipkartUPIICICI,965733056040,"2,480.07",,1338489.38
30-06-2025,POS INDIAN OIL CHANDIGA,263297759198,850.92,,1337638.46
01-07-2025,UPIP2M753467995665ZeptoUPIICICI,646830663788,"2,650.28",,1334988.18
01-07-2025,UPIP2M628903888228SangitaGhoshUPIUCBA,313014125266,"15,100.64",,1319887.54
02-07-2025,UPIP2M570819638456JioRechargeUPIPAYTM,773633841115,899.00,,1318988.54
02-07-2025,UPIP2M660000157714UberIndiaUPIICICI,049549418155,"1,090.86",,1317897.68
03-07-2025,UPIP2M545333140244RahulAhujaUPIKKBK,913700912838,"14,400.84",,1303496.84
03-07-2025,ATMCASHAXISSPQ08724436CHANDI,438603751931,"5,500.00",,1297996.84
03-07-2025,UPIP2M141891160698IRCTCUPIICICI,404588910497,349.00,,1297647.84
04-07-2025,POS D MART CHANDIGARH,883321106567,"7,600.64",,1290047.20
04-07-2025,UPIP2M686176647204OlaCabsUPIICICI,369011640447,340.07,,1289707.13
05-07-2025,ATMCASHAXISKGB64839907CHANDI,937383708670,"7,500.00",,1282207.13
05-07-2025,UPIP2M060451227427JioRechargeUPIPAYTM,595691738265,339.00,,1281868.13
06-07-2025,SALARY/S5525853540067/HDFC Life Insurance,041977894551,,"43,287.53",1325155.66
06-07-2025,UPIP2M061270809724UberIndiaUPIPAYTM,614862761374,120.05,,1325035.61
07-07-2025,POS SHELL FUEL STATION CHANDIGA,852270739012,"1,450.14",,1323585.47
08-07-2025,ATMCASHAXISLQO81025905CHANDI,759670366897,"3,500.00",,1320085.47
09-07-2025,UPIP2M870145685208BSNLBroadbanUPIICICI,815121992448,"1,320.35",,1318765.12
09-07-2025,ATMCASHAXISXNW73937099CHANDI,603580685008,"5,000.00",,1313765.12
09-07-2025,ATMCASHAXISRJZ32503759CHANDI,761851340653,"5,500.00",,1308265.12
10-07-2025,UPIP2M497300172897ACTFibernetUPIRAZORPAY,876407392654,"1,099.00",,1307166.12
10-07-2025,NACH/MANDATE/RNT6968890/RENT MANDATE,524263525459,"26,000.00",,1281166.12
10-07-2025,UPIP2M548301736908BSNLBroadbanUPIICICI,608189406695,"2,150.15",,1279015.97
11-07-2025,UPIP2A559630122937SureshJainUPIBKID,285393000025,,"5,850.05",1284866.02
12-07-2025,UPIP2M820022209934MaheshChopraUPIBDBL,490055861495,"8,900.36",,1275965.66
12-07-2025,UPIP2M422763334791ZeptoUPIICICI,443479947086,670.22,,1275295.44
12-07-2025,UPIP2M822669369130BlinkitUPIICICI,445959732327,170.37,,1275125.07
13-07-2025,UPIP2M485139182166UberIndiaUPIPAYTM,915045558440,510.25,,1274614.82
13-07-2025,UPIP2M553868641297OlaCabsUPIPAYTM,599470266020,760.24,,1273854.58
13-07-2025,UPIP2M091555310610LICofIndiaUPILICI,382267983156,"1,900.00",,1271954.58
15-07-2025,UPIP2M286872929165OlaCabsUPIPAYTM,861672087460,110.39,,1271844.19
16-07-2025,UPIP2M681072284658OlaCabsUPIICICI,425375630402,440.79,,1271403.40
16-07-2025,POS CENTRAL MALL CHANDIGARH,110352234004,"4,400.91",,1267002.49
17-07-2025,UPIP2M316288080624UberIndiaUPIICICI,330219027588,"1,810.26",,1265192.23
17-07-2025,UPIP2M891102101438IndaneGasUPIICICI,260951921646,800.78,,1264391.45
19-07-2025,NACH/MANDATE/SIP9467107/Axis Mutual Fund,244056717379,"13,500.00",,1250891.45
19-07-2025,UPIP2M206377155759UberIndiaUPIICICI,719320357528,"2,240.09",,1248651.36
19-07-2025,NEFT/N6877103393849/IBM India Pvt Ltd/KKBK0871635,986469297778,,"45,000.81",1293652.17
20-07-2025,UPIP2M013257624277FlipkartUPIPAYTM,677336796200,"1,650.89",,1292001.28
20-07-2025,UPIP2M963727463396BlinkitUPIICICI,525678642707,"2,210.65",,1289790.63
20-07-2025,UPIP2M696181167507UberIndiaUPIICICI,225494270530,"2,070.66",,1287719.97
21-07-2025,ATMCASHAXISJCM79951063CHANDI,351381415224,"7,500.00",,1280219.97
21-07-2025,POS BHARAT PETROLEUM CHANDIGA,493144745213,"2,000.91",,1278219.06
21-07-2025,UPIP2M964342825458PriyaBanerjeUPIHDFC,925787530105,"20,750.60",,1257468.46
21-07-2025,POS SHOPPERS STOP CHANDIGARH,237794816067,"6,250.83",,1251217.63
22-07-2025,UPIP2M102144809143AnkitKulkarnUPIBKID,331964677134,"12,450.33",,1238767.30
22-07-2025,UPIP2M514812581455BESCOMUPIUPIN,484305328749,"3,000.77",,1235766.53
22-07-2025,UPIP2A126854026255PriyaSethiUPISBIN,316772828629,,"18,250.74",1254017.27
23-07-2025,UPIP2A599084140229UshaSethiUPIFDRL,351597516850,,"7,450.24",1261467.51
23-07-2025,UPIP2M613417453956RahulTiwariUPIFDRL,926740368002,"1,750.47",,1259717.04
23-07-2025,POS BRAND FACTORY CHANDIGARH,156403138219,"2,550.28",,1257166.76
23-07-2025,UPIP2M002163442995UberIndiaUPIPAYTM,989772566267,560.91,,1256605.85
23-07-2025,POS RELIANCE PETROLEUM CHANDIGA,008494656553,"3,900.67",,1252705.18
25-07-2025,UPIP2M967084185277JioRechargeUPIPAYTM,585154842799,779.00,,1251926.18
25-07-2025,UPIP2M637154882283BigBasketUPIICICI,973364276717,"1,850.31",,1250075.87
26-07-2025,POS HP PETROL PUMP CHANDIGA,304370024764,"3,300.99",,1246774.88
26-07-2025,UPIP2M568919863429AmazonPayUPIICICI,558109664076,"2,110.32",,1244664.56
26-07-2025,UPIP2M608183202117RapidoUPIPAYTM,720541940909,140.52,,1244524.04
26-07-2025,UPIP2A285480663064VikasPillaiUPIKKBK,518298565104,,"4,500.88",1249024.92
26-07-2025,UPIP2M999603376912FlipkartUPIICICI,939227528534,"2,420.54",,1246604.38
27-07-2025,POS VISHAL MEGA MART CHANDIGARH,434058784609,"2,650.00",,1243954.38
30-07-2025,UPIP2M830250340253AmazonPayUPIICICI,707264068748,880.79,,1243073.59
30-07-2025,GST ON CHARGES,393527655388,34.20,,1243039.39
30-07-2025,UPIP2M519632466640DeepakTiwariUPIPUNB,028798674371,"19,650.94",,1223388.45
30-07-2025,Monthly Service Chrgs,691809701043,190.00,,1223198.45
01-08-2025,UPIP2M773544099921PhonePeMerchUPIICICI,469448704218,"2,470.35",,1220728.10
03-08-2025,POS PANTALOONS CHANDIGARH,924068117190,"6,950.10",,1213778.00
03-08-2025,UPIP2M684578060692PractoUPIICICI,526099191661,599.00,,1213179.00
04-08-2025,ATMCASHAXISUSY36309218CHANDI,095275267267,"7,000.00",,1206179.00
04-08-2025,UPIP2M214118969564RajanMukherjUPIPUNB,859764008039,800.02,,1205378.98
05-08-2025,UPIP2M341109237199OlaCabsUPIICICI,001307569012,"1,470.10",,1203908.88
05-08-2025,SALARY/S4123439053390/HDFC Life Insurance,109075761951,,"47,961.53",1251870.41
06-08-2025,UPIP2M075685712550KavitaShuklaUPIKKBK,134704164116,"19,050.96",,1232819.45
06-08-2025,UPIP2M048611959372RajeshGuptaUPIUTIB,580573453968,"6,200.72",,1226618.73
06-08-2025,UPIP2M796325242591OlaCabsUPIPAYTM,046658051674,90.69,,1226528.04
07-08-2025,NACH/MANDATE/RNT7088641/RENT MANDATE,202323018756,"26,000.00",,1200528.04
08-08-2025,UPIP2M493689347153SeemaThaparUPIFDRL,347145593452,"6,850.00",,1193678.04
09-08-2025,UPIP2M942235878186JioRechargeUPIICICI,372933710399,"1,350.64",,1192327.40
09-08-2025,UPIP2M654833790633LICofIndiaUPILICI,628761589095,"1,900.00",,1190427.40
11-08-2025,UPIP2M562219972484BlinkitUPIICICI,637229721812,"2,140.72",,1188286.68
11-08-2025,UPIP2M113940512849FlipkartUPIICICI,696155360872,840.21,,1187446.47
11-08-2025,UPIP2M602385213696MukeshNaikUPIUCBA,012931537819,"10,000.65",,1177445.82
12-08-2025,POS BHARAT PETROLEUM CHANDIGA,997360936575,"1,350.60",,1176095.22
12-08-2025,UPIP2M083125666829OlaCabsUPIPAYTM,415497302791,190.57,,1175904.65
12-08-2025,UPIP2M460666308461FlipkartUPIICICI,758827625740,"1,300.84",,1174603.81
13-08-2025,UPIP2M334046945455ZomatoUPIICICI,227122060335,"1,740.23",,1172863.58
14-08-2025,UPIP2M771275380497NehaDubeyUPIUCBA,710944511687,"7,750.30",,1165113.28
14-08-2025,ATMCASHAXISSHS74067606CHANDI,016372635351,"2,500.00",,1162613.28
15-08-2025,UPIP2M841746170462BlinkitUPIICICI,492560269502,"1,780.83",,1160832.45
15-08-2025,UPIP2M776909869455JioRechargeUPIPAYTM,369064602397,689.00,,1160143.45
15-08-2025,UPIP2M310439184432AmitBoseUPIBKID,550518684444,"16,450.64",,1143692.81
16-08-2025,UPIP2M118857873076NykaaUPIPAYTM,077710690936,"2,800.73",,1140892.08
16-08-2025,UPIP2M787340289011AnilAgarwalUPIHDFC,705290275858,"20,950.30",,1119941.78
16-08-2025,UPIP2M689456428541FlipkartUPIICICI,719864902175,"1,900.21",,1118041.57
17-08-2025,NACH/MANDATE/SIP4988945/Axis Mutual Fund,173002740591,"13,500.00",,1104541.57
17-08-2025,UPIP2A541780179316SaurabhGuptaUPISBIN,508930330074,,"18,900.70",1123442.27
17-08-2025,POS SHELL FUEL STATION CHANDIGA,768444463799,"2,500.69",,1120941.58
18-08-2025,UPIP2A721915358824VarunMehtaUPIHDFC,498299374293,,"11,700.91",1132642.49
18-08-2025,ATMCASHAXISSGD86453732CHANDI,407030240387,"2,000.00",,1130642.49
18-08-2025,UPIP2M093884784841BESCOMUPIUPIN,342595569495,"3,600.28",,1127042.21
19-08-2025,UPIP2M506320539217RapidoUPIPAYTM,193516784161,540.47,,1126501.74
19-08-2025,UPIP2M472745092367RapidoUPIPAYTM,066093240489,820.98,,1125680.76
21-08-2025,UPIP2M840264594721JioRechargeUPIPAYTM,918736347658,509.00,,1125171.76
24-08-2025,UPIP2M410435909164PoonamGhoshUPIKKBK,328274374069,"20,500.12",,1104671.64
24-08-2025,IMPS/257451266478/Isha Shukla/BDBL,653724168592,"15,100.68",,1089570.96
24-08-2025,UPIP2M163012030633JioRechargeUPIICICI,443431755775,300.90,,1089270.06
24-08-2025,POS RELIANCE MART CHANDIGARH,907246538366,"6,900.25",,1082369.81
24-08-2025,POS MORE SUPER MARKET CHANDIGARH,066420583554,"3,400.29",,1078969.52
24-08-2025,ATMCASHAXISWQA10056905CHANDI,964131739674,"1,500.00",,1077469.52
25-08-2025,UPIP2M181366346241UberIndiaUPIPAYTM,990538106335,530.32,,1076939.20
26-08-2025,UPIP2M302793931851IndaneGasUPIICICI,033000158692,"1,250.42",,1075688.78
26-08-2025,UPIP2M640750431243NykaaUPIPAYTM,324355110232,"5,400.73",,1070288.05
26-08-2025,POS HP PETROL PUMP CHANDIGA,398425875141,"1,400.51",,1068887.54
27-08-2025,UPIP2M630472851599ZeptoUPIICICI,013989173255,"1,970.97",,1066916.57
27-08-2025,UPIP2M564160840852JioRechargeUPIPAYTM,853615905150,799.00,,1066117.57
27-08-2025,GST ON CHARGES,749218732076,99.00,,1066018.57
27-08-2025,Monthly Service Chrgs,551935656806,550.00,,1065468.57
28-08-2025,UPIP2M403965491035LataSrivastaUPIUCBA,490934455791,"12,450.61",,1053017.96
28-08-2025,UPIP2A747642705721VandanaIyerUPIPUNB,381696732686,,"4,600.85",1057618.81
28-08-2025,UPIP2A600393302835KavitaChaudhUPIBDBL,955500719802,,"5,350.72",1062969.53
28-08-2025,UPIP2M266905701633SaritaTiwariUPIBARB,277793254430,"8,700.96",,1054268.57
29-08-2025,UPIP2M137223940966ACTFibernetUPIRAZORPAY,224090442292,599.00,,1053669.57
29-08-2025,UPIP2M790865499568AjayPatelUPIBKID,919814382065,"7,250.43",,1046419.14
30-08-2025,UPIP2M840448630565DunzoUPIICICI,192863295488,560.08,,1045859.06
30-08-2025,POS V MART CHANDIGARH,442453846656,"1,600.06",,1044259.00
31-08-2025,UPIP2A331792349293DeepakNaikUPIBDBL,056925665133,,"15,700.73",1059959.73
31-08-2025,ATMCASHAXISUCY63279199CHANDI,393171393728,"5,500.00",,1054459.73
01-09-2025,UPIP2A012524544907PoonamMalhotUPIKKBK,165036702881,,"2,750.82",1057210.55
01-09-2025,UPIP2M868563386634SwiggyUPIICICI,362157835065,"2,370.66",,1054839.89
01-09-2025,UPIP2A726925069040TarunChaudhaUPIBKID,268643777002,,"2,750.25",1057590.14
02-09-2025,UPIP2M216765354152UberIndiaUPIPAYTM,446513256270,280.40,,1057309.74
02-09-2025,UPIP2M398933520370RituBanerjeeUPIFDRL,596295917961,"14,150.39",,1043159.35
02-09-2025,UPIP2A952937355455RenuAhujaUPIUCBA,040132557093,,"11,850.26",1055009.61
02-09-2025,UPIP2M794460691753PriyaSinghUPISBIN,565301722026,"13,900.75",,1041108.86
03-09-2025,POS D MART CHANDIGARH,401341708108,"2,500.97",,1038607.89
03-09-2025,UPIP2M214521065690SwiggyUPIICICI,183817962157,"1,020.69",,1037587.20
04-09-2025,UPIP2M105474961412SangitaKulkaUPIKKBK,864598135268,"17,800.44",,1019786.76
04-09-2025,UPIP2M582393121011LICofIndiaUPILICI,608141306501,"1,900.00",,1017886.76
04-09-2025,UPIP2M744251268034BlinkitUPIICICI,591887333529,"2,260.98",,1015625.78
05-09-2025,UPIP2M110938552417JioRechargeUPIPAYTM,015980408047,629.00,,1014996.78
05-09-2025,SALARY/S4568136401057/HDFC Life Insurance,155643159095,,"44,936.53",1059933.31
05-09-2025,POS HP PETROL PUMP CHANDIGA,780656736341,"4,250.05",,1055683.26
07-09-2025,UPIP2M557606734883AnjaliGuptaUPIHDFC,593230011936,"5,100.81",,1050582.45
07-09-2025,NACH/MANDATE/RNT9954575/RENT MANDATE,545806477247,"26,000.00",,1024582.45
08-09-2025,UPIP2M645873233312RapidoUPIPAYTM,421407972982,830.62,,1023751.83
08-09-2025,UPIP2A037758137041BabitaRoyUPIKKBK,566795070134,,"18,750.22",1042502.05
08-09-2025,POS PANTALOONS CHANDIGARH,012303491591,"4,000.31",,1038501.74
08-09-2025,UPIP2M217262705589BigBasketUPIICICI,587566578481,"1,800.11",,1036701.63
08-09-2025,POS INDIAN OIL CHANDIGA,056692863123,"4,350.73",,1032350.90
08-09-2025,UPIP2M963009595638KunalBanerjeUPIHDFC,475787421110,"18,200.21",,1014150.69
09-09-2025,UPIP2M525062989064DivyaSharmaUPIPUNB,596458645674,"2,500.64",,1011650.05
10-09-2025,UPIP2M050483783893ACTFibernetUPIRAZORPAY,603687276428,399.00,,1011251.05
10-09-2025,UPIP2M279684580394PaytmMallUPIICICI,455634501621,500.62,,1010750.43
10-09-2025,UPIP2M838463582062PaytmMallUPIICICI,481203389313,"1,420.31",,1009330.12
12-09-2025,UPIP2M612547752562YogeshPillaiUPISBIN,407569742080,"8,900.02",,1000430.10
13-09-2025,NACH/MANDATE/SIP6591367/Axis Mutual Fund,220078007821,"13,500.00",,986930.10
13-09-2025,UPIP2M387544936557OlaCabsUPIPAYTM,671691007035,310.61,,986619.49
13-09-2025,UPIP2A219459075490VishalAhujaUPIKKBK,359079228264,,"6,350.47",992969.96
13-09-2025,UPIP2A956057611378PoonamSethiUPIFDRL,860746542597,,"15,500.23",1008470.19
13-09-2025,UPIP2M539317340743JioRechargeUPIPAYTM,489967441864,699.00,,1007771.19
14-09-2025,UPIP2M578868072385AmazonPayUPIICICI,602724164543,"1,790.85",,1005980.34
14-09-2025,UPIP2M852630326875IndaneGasUPIICICI,870818361371,"1,050.91",,1004929.43
14-09-2025,UPIP2M297073884531BESCOMUPIUPIN,818036124828,"3,450.92",,1001478.51
15-09-2025,UPIP2M395084750383UberIndiaUPIPAYTM,002896319097,700.12,,1000778.39
15-09-2025,POS METRO CASH CARRY CHANDIGARH,929224498172,"7,900.60",,992877.79
15-09-2025,UPIP2M660698657061OlaCabsUPIICICI,548163144419,"1,940.92",,990936.87
15-09-2025,POS MORE SUPER MARKET CHANDIGARH,630741833874,"3,200.20",,987736.67
16-09-2025,POS MORE SUPER MARKET CHANDIGARH,254214478490,"6,000.79",,981735.88
16-09-2025,UPIP2M466527990064JioRechargeUPIPAYTM,146051953903,359.00,,981376.88
16-09-2025,UPIP2M961021357282AmazonPayUPIICICI,094500764851,"1,430.92",,979945.96
18-09-2025,UPIP2M877281039402DunzoUPIICICI,880488108393,"1,930.71",,978015.25
18-09-2025,UPIP2M666717081848FlipkartUPIPAYTM,285847347755,400.81,,977614.44
18-09-2025,POS V MART CHANDIGARH,707696166169,"6,800.67",,970813.77
18-09-2025,UPIP2M867430764888IRCTCUPIICICI,453792401042,649.00,,970164.77
19-09-2025,UPIP2M854264385556SangitaTiwarUPIPUNB,070837715216,"5,600.60",,964564.17
21-09-2025,POS V MART CHANDIGARH,556347221513,"5,350.36",,959213.81
22-09-2025,UPIP2M980584426997NetmedsUPIICICI,980169698764,700.51,,958513.30
22-09-2025,UPIP2M737897672018BSNLBroadbanUPIICICI,576171945512,"1,000.46",,957512.84
23-09-2025,UPIP2A131295631247TarunMenonUPIPUNB,344750919410,,800.76,958313.60
24-09-2025,UPIP2M539174119918SwiggyUPIICICI,325024141440,"1,440.55",,956873.05
24-09-2025,UPIP2M617392054537MyntraUPIPAYTM,390345746000,"3,600.51",,953272.54
24-09-2025,ATMCASHAXISFNW95384642CHANDI,951622535779,"5,000.00",,948272.54
26-09-2025,POS MAX FASHION CHANDIGARH,466789773521,550.48,,947722.06
26-09-2025,UPIP2M379233627525RituDesaiUPIKKBK,795072617469,"13,750.64",,933971.42
26-09-2025,UPIP2M321582705582PaytmMallUPIICICI,207816000111,840.05,,933131.37
26-09-2025,UPIP2M609075251743SachinKumarUPIKKBK,834104095550,250.18,,932881.19
27-09-2025,UPIP2M137757409543SwiggyUPIICICI,708598007574,"1,850.35",,931030.84
27-09-2025,ATMCASHAXISCTI61084430CHANDI,081593704030,"10,000.00",,921030.84
28-09-2025,POS BHARAT PETROLEUM CHANDIGA,472735093332,"3,200.04",,917830.80
28-09-2025,INTEREST CREDIT,189398821867,,180.97,918011.77
28-09-2025,UPIP2A355860909033SunitaAgarwaUPIUCBA,079245740196,,"6,950.26",924962.03
28-09-2025,UPIP2M774961589704UberIndiaUPIPAYTM,616518206231,430.30,,924531.73
28-09-2025,UPIP2M224687998582UberIndiaUPIICICI,209286460869,560.24,,923971.49
28-09-2025,UPIP2M973567927075ZeptoUPIICICI,917094587311,"1,470.69",,922500.80
30-09-2025,UPIP2M988807634566JioRechargeUPIICICI,665759640274,"1,520.00",,920980.80
30-09-2025,UPIP2A737874584378VijayBanerjeUPIUTIB,368577335931,,"8,250.19",929230.99
30-09-2025,UPIP2A737246780684ArunVermaUPIBDBL,196413064380,,"4,800.96",934031.95
30-09-2025,UPIP2M634673574917JioRechargeUPIICICI,604767153725,240.25,,933791.70
01-10-2025,UPIP2M909759656242NikhilKumarUPIUCBA,973408844691,"8,200.36",,925591.34
01-10-2025,UPIP2M775068082275RapidoUPIPAYTM,440061089790,770.24,,924821.10
01-10-2025,POS D MART CHANDIGARH,584748936931,"5,900.89",,918920.21
01-10-2025,UPIP2M382113311162AshaPillaiUPIUCBA,197829979355,"6,400.66",,912519.55
02-10-2025,UPIP2M033856156273JioRechargeUPIPAYTM,344157690194,429.00,,912090.55
02-10-2025,UPIP2M447928647839AmazonPayUPIICICI,398442591904,"1,320.16",,910770.39
03-10-2025,UPIP2A111151955530AnilSrivastaUPIKKBK,966603023587,,"8,550.40",919320.79
03-10-2025,POS STAR BAZAAR CHANDIGARH,429429551870,"1,750.80",,917569.99
03-10-2025,UPIP2M579560372420UberIndiaUPIPAYTM,433667984195,400.38,,917169.61
04-10-2025,UPIP2M984002518244JioRechargeUPIPAYTM,431004011154,179.00,,916990.61
06-10-2025,UPIP2M290223653004HimanshuVermUPIBDBL,222347026986,"2,500.55",,914490.06
06-10-2025,UPIP2M451027968435LICofIndiaUPILICI,644973542372,"1,900.00",,912590.06
07-10-2025,UPIP2M765899704972YogeshSrivasUPIUTIB,325804936472,"5,000.26",,907589.80
07-10-2025,UPIP2M584682082300DunzoUPIICICI,534288840181,"1,660.60",,905929.20
07-10-2025,UPIP2A712680629216AbhishekSenUPIBKID,649086747597,,"19,300.37",925229.57
07-10-2025,UPIP2M909050838651ACTFibernetUPIRAZORPAY,407461020244,999.00,,924230.57
07-10-2025,SALARY/S9197432249934/HDFC Life Insurance,589271072245,,"43,448.53",967679.10
07-10-2025,UPIP2A386139925367AbhishekDasUPIHDFC,277122145596,,"6,800.26",974479.36
09-10-2025,UPIP2M367016420757JioRechargeUPIPAYTM,639214133844,809.00,,973670.36
10-10-2025,UPIP2M374530045214RapidoUPIPAYTM,558940065886,780.13,,972890.23
10-10-2025,NACH/MANDATE/RNT1356441/RENT MANDATE,082108643494,"26,000.00",,946890.23
10-10-2025,POS SHOPPERS STOP CHANDIGARH,412495234916,850.65,,946039.58
10-10-2025,UPIP2A936435999736SnehaTiwariUPIBARB,320926006760,,"3,800.02",949839.60
10-10-2025,UPIP2A289403198999PoojaDubeyUPIPUNB,454985861721,,"17,500.48",967340.08
11-10-2025,IMPS/585741480269/Manoj Khanna/BARB,956304188588,"8,500.49",,958839.59
11-10-2025,UPIP2M203244597639BrijeshYadavUPIBKID,822210173446,"16,750.27",,942089.32
11-10-2025,UPIP2A380203130198SureshAhujaUPIBDBL,097507366235,,"8,200.68",950290.00
12-10-2025,POS BHARAT PETROLEUM CHANDIGA,848304669544,"1,550.91",,948739.09
12-10-2025,UPIP2A876071353835PallaviSaxenUPIUCBA,966701925186,,"7,850.94",956590.03
12-10-2025,ATMCASHAXISTBF12812121CHANDI,993055903209,"3,500.00",,953090.03
12-10-2025,POS MORE SUPER MARKET CHANDIGARH,061629680846,"5,500.70",,947589.33
12-10-2025,UPIP2A711718286466VandanaPillaUPIPUNB,998236254007,,"11,450.85",959040.18
13-10-2025,UPIP2A648509677195YogeshTiwariUPIFDRL,285742966888,,"18,200.79",977240.97
13-10-2025,UPIP2M591467842134AnkitAgarwalUPIBKID,197062456910,"4,950.70",,972290.27
13-10-2025,UPIP2M807768994267SunitaNambiaUPIFDRL,303246216437,"3,200.28",,969089.99
14-10-2025,UPIP2A519845096346RaniKulkarniUPISBIN,622594991740,,"17,200.13",986290.12
14-10-2025,UPIP2M796741843154BESCOMUPIUPIN,452580740303,"1,800.08",,984490.04
16-10-2025,UPIP2A298432505803AnkitVermaUPIBARB,156203044934,,"5,300.60",989790.64
16-10-2025,NEFT/N6783289135642/Dr Reddys Laboratori/BDBL0265071,337457877968,,"40,000.56",1029791.20
16-10-2025,UPIP2M370186711224ZomatoUPIICICI,419950621365,"2,100.11",,1027691.09
17-10-2025,UPIP2M527021382301JioRechargeUPIPAYTM,770869534829,859.00,,1026832.09
18-10-2025,POS MAX FASHION CHANDIGARH,366997290493,"4,600.19",,1022231.90
18-10-2025,UPIP2M246065360457PaytmMallUPIICICI,210921118120,"2,530.47",,1019701.43
18-10-2025,UPIP2M628565214131PaytmMallUPIICICI,629932020411,210.75,,1019490.68
18-10-2025,ATMCASHAXISQIK39230755CHANDI,422258892424,"7,000.00",,1012490.68
19-10-2025,NACH/MANDATE/SIP7582612/Axis Mutual Fund,045779282700,"13,500.00",,998990.68
20-10-2025,UPIP2M276068826896DunzoUPIICICI,918787307515,"1,980.44",,997010.24
20-10-2025,UPIP2M505142424185IndaneGasUPIICICI,628281225161,"2,250.65",,994759.59
21-10-2025,UPIP2M433904732335JioRechargeUPIICICI,995858556408,"1,550.56",,993209.03
22-10-2025,UPIP2M874051680945SapnaDesaiUPIBARB,705953266472,"3,000.76",,990208.27
22-10-2025,UPIP2M981459272691OlaCabsUPIICICI,871040977230,700.56,,989507.71
23-10-2025,POS BHARAT PETROLEUM CHANDIGA,891936515039,"1,800.34",,987707.37
23-10-2025,UPIP2M329847665715PhonePeMerchUPIICICI,544316738749,"2,580.55",,985126.82
23-10-2025,UPIP2M895963662012MyntraUPIICICI,287383324421,199.00,,984927.82
23-10-2025,UPIP2M632503149310BSNLBroadbanUPIICICI,992773980823,"1,590.35",,983337.47
24-10-2025,UPIP2M448551911182FlipkartUPIPAYTM,667909559401,"1,450.76",,981886.71
24-10-2025,POS VISHAL MEGA MART CHANDIGARH,921136613042,"6,200.14",,975686.57
25-10-2025,UPIP2M115006292755SwiggyUPIICICI,936394404364,"2,140.62",,973545.95
26-10-2025,POS HP PETROL PUMP CHANDIGA,620161888669,"3,050.69",,970495.26
26-10-2025,UPIP2M965419118207DunzoUPIICICI,638540129320,"1,370.52",,969124.74
26-10-2025,POS MAX FASHION CHANDIGARH,032543883747,"3,000.78",,966123.96
27-10-2025,UPIP2M953448329996MyntraUPIPAYTM,424499082490,350.23,,965773.73
27-10-2025,UPIP2M856060987655PankajNaikUPIBKID,005467412754,"17,400.58",,948373.15
29-10-2025,UPIP2M500024027185OlaCabsUPIICICI,026395741666,"2,220.87",,946152.28
29-10-2025,UPIP2M502038465109ZeptoUPIICICI,824875593389,"2,170.82",,943981.46
30-10-2025,POS PANTALOONS CHANDIGARH,740653785825,"2,900.20",,941081.26
31-10-2025,UPIP2M405655514697SwiggyUPIICICI,329920894378,780.43,,940300.83
31-10-2025,POS SHELL FUEL STATION CHANDIGA,485167471794,"2,300.28",,938000.55
01-11-2025,UPIP2M531965034389UberIndiaUPIICICI,290314221068,"1,180.98",,936819.57
01-11-2025,UPIP2A867357044904VikasMukherjUPIUTIB,174581205227,,"9,700.68",946520.25
01-11-2025,UPIP2M322363008519YogeshTiwariUPIUTIB,739448469410,"8,450.61",,938069.64
01-11-2025,POS BRAND FACTORY CHANDIGARH,496360137044,"5,350.22",,932719.42
01-11-2025,UPIP2M623876807599JioRechargeUPIICICI,687962015337,"1,760.32",,930959.10
02-11-2025,UPIP2A106269831621ShreyaKhannaUPIPUNB,658856201816,,"12,800.74",943759.84
02-11-2025,POS MAX FASHION CHANDIGARH,641321883058,950.99,,942808.85
03-11-2025,UPIP2M679393085707MeeshoUPIPAYTM,464856251238,"2,800.46",,940008.39
03-11-2025,UPIP2M285133749047AmazonPayUPIICICI,943827483415,840.79,,939167.60
04-11-2025,UPIP2M883401534490JioRechargeUPIPAYTM,142563922736,519.00,,938648.60
05-11-2025,UPIP2M641099955469UberIndiaUPIPAYTM,774282858317,210.41,,938438.19
05-11-2025,UPIP2M200849086305LICofIndiaUPILICI,026077467285,"1,900.00",,936538.19
05-11-2025,UPIP2M461615484916GauravMukherUPISBIN,356747672877,"19,150.02",,917388.17
06-11-2025,SALARY/S9906683294480/HDFC Life Insurance,959830347664,,"46,067.53",963455.70
06-11-2025,IMPS/545681467829/Mohit Chaudhary/KKBK,172569499331,"37,300.45",,926155.25
06-11-2025,UPIP2M865945476430ApolloPharmaUPIICICI,962127059446,399.00,,925756.25
07-11-2025,NACH/MANDATE/RNT0721152/RENT MANDATE,518886701062,"26,000.00",,899756.25
09-11-2025,UPIP2M383849709100DunzoUPIICICI,087146348423,410.73,,899345.52
10-11-2025,UPIP2M899576251221MeeshoUPIPAYTM,758838779201,"3,000.59",,896344.93
11-11-2025,UPIP2M206456153942ACTFibernetUPIRAZORPAY,493287442697,999.00,,895345.93
11-11-2025,UPIP2M839238116723MedPlusHealtUPIICICI,544437945210,"1,010.90",,894335.03
11-11-2025,UPIP2M557952379225JioRechargeUPIPAYTM,559283589935,909.00,,893426.03
12-11-2025,UPIP2M181323590428BrijeshThapaUPISBIN,907992749948,"14,650.67",,878775.36
12-11-2025,UPIP2M233038021906SwiggyUPIICICI,523414614048,"2,000.55",,876774.81
12-11-2025,UPIP2M614726766802BESCOMUPIUPIN,987771835633,"2,100.28",,874674.53
13-11-2025,UPIP2M473745213566PhonePeMerchUPIICICI,371051952629,"2,630.45",,872044.08
13-11-2025,UPIP2A395118380330VandanaNambiUPIUCBA,819711660131,,"20,600.14",892644.22
13-11-2025,POS PANTALOONS CHANDIGARH,736406588179,"1,400.85",,891243.37
14-11-2025,UPIP2M681816759434IndaneGasUPIICICI,320272316311,900.05,,890343.32
15-11-2025,POS RELIANCE PETROLEUM CHANDIGA,494222084785,"1,050.21",,889293.11
15-11-2025,UPIP2M864646083181ZeptoUPIICICI,714585052620,"2,770.28",,886522.83
16-11-2025,UPIP2A386046488357ShwetaJoshiUPIKKBK,925281765572,,"19,350.14",905872.97
16-11-2025,UPIP2M159824572612UberIndiaUPIPAYTM,046708498170,730.62,,905142.35
17-11-2025,NACH/MANDATE/SIP1332521/Axis Mutual Fund,965713327345,"13,500.00",,891642.35
17-11-2025,POS RELIANCE PETROLEUM CHANDIGA,703095456160,"2,250.87",,889391.48
17-11-2025,UPIP2M100052209316JioRechargeUPIPAYTM,171806822984,589.00,,888802.48
18-11-2025,ATMCASHAXISAHS67135360CHANDI,812322069890,"8,500.00",,880302.48
18-11-2025,UPIP2M986773553585DineshBajajUPIBKID,799994785220,"15,400.80",,864901.68
19-11-2025,UPIP2A304446283506AnkitSharmaUPIBDBL,150838882048,,"10,650.86",875552.54
20-11-2025,UPIP2A360064333351ShivamChatteUPIBARB,215381315512,,"20,200.38",895752.92
21-11-2025,UPIP2A952612913746LalitMalhotrUPIBDBL,701846215700,,"3,500.84",899253.76
21-11-2025,UPIP2M391791679892RaviKapoorUPIBDBL,746931179022,"16,550.03",,882703.73
22-11-2025,UPIP2M060351028394MyntraUPIPAYTM,535536648384,"2,350.45",,880353.28
22-11-2025,UPIP2M582563657767JioRechargeUPIPAYTM,041776038043,259.00,,880094.28
23-11-2025,POS V MART CHANDIGARH,080663516975,950.79,,879143.49
23-11-2025,ATMCASHAXISCMK67392325CHANDI,506471937608,"5,000.00",,874143.49
25-11-2025,UPIP2M208713267684AnilJoshiUPIBDBL,956485004937,"3,800.80",,870342.69
26-11-2025,UPIP2M171160564482ZomatoUPIICICI,068108591847,"1,980.05",,868362.64
26-11-2025,POS V MART CHANDIGARH,480650408693,"3,750.27",,864612.37
27-11-2025,UPIP2M639585789957OlaCabsUPIICICI,877786149041,430.64,,864181.73
27-11-2025,UPIP2M866125415028OlaCabsUPIICICI,824320424880,720.61,,863461.12
28-11-2025,UPIP2M341293972553OlaCabsUPIPAYTM,412160147457,860.76,,862600.36
29-11-2025,UPIP2M527082809159VandanaThapaUPIPUNB,106928271712,"15,850.96",,846749.40
30-11-2025,UPIP2M733772777387GauravNaikUPIHDFC,062906925699,"19,500.18",,827249.22
30-11-2025,UPIP2M566449934944KunalShuklaUPIKKBK,730269925815,"8,900.81",,818348.41
01-12-2025,UPIP2M663485992291NehaKulkarniUPIBDBL,849866691702,"21,850.23",,796498.18
01-12-2025,UPIP2M669843108768ManojNambiarUPISBIN,119127845868,"21,550.97",,774947.21
01-12-2025,UPIP2M004025682311AmazonPayUPIICICI,291320389183,880.33,,774066.88
02-12-2025,UPIP2M866186669059OlaCabsUPIPAYTM,392167491606,550.16,,773516.72
03-12-2025,UPIP2M708383763694PhonePeMerchUPIICICI,881834602070,350.44,,773166.28
03-12-2025,UPIP2M207678663773SwiggyUPIICICI,691546184631,"2,190.82",,770975.46
04-12-2025,UPIP2M598987592818RapidoUPIPAYTM,329542286397,670.33,,770305.13
05-12-2025,UPIP2M306919383237BigBasketUPIICICI,881891168126,770.19,,769534.94
05-12-2025,UPIP2M965775591910RapidoUPIPAYTM,864414166688,590.36,,768944.58
05-12-2025,UPIP2M336856546494OlaCabsUPIICICI,056235515852,"2,060.77",,766883.81
06-12-2025,UPIP2M837936332524BlinkitUPIICICI,577730279665,970.95,,765912.86
07-12-2025,SALARY/S1791337478068/HDFC Life Insurance,683283282137,,"45,835.53",811748.39
07-12-2025,UPIP2M990367319831FlipkartUPIICICI,119643949929,"1,730.57",,810017.82
08-12-2025,UPIP2M883918021437VivekGhoshUPIHDFC,076908502408,600.58,,809417.24
08-12-2025,UPIP2M917971890586LICofIndiaUPILICI,227468877686,"1,900.00",,807517.24
09-12-2025,POS BIG BAZAAR CHANDIGARH,924017263643,"1,500.59",,806016.65
09-12-2025,NEFT/N9861303961244/Arvind Ltd/PUNB0231664,313466444634,,"29,000.33",835016.98
11-12-2025,NACH/MANDATE/RNT1017245/RENT MANDATE,605092392484,"26,000.00",,809016.98
11-12-2025,UPIP2M077196227075SpotifyUPIICICI,126214107289,499.00,,808517.98
11-12-2025,IMPS/115107313049/Rajesh Nair/BKID,386215088680,"32,800.94",,775717.04
12-12-2025,UPIP2M433582157785PrashantPillUPIUCBA,891292645398,"4,100.47",,771616.57
12-12-2025,UPIP2M887432482545BESCOMUPIUPIN,311593148915,"3,100.66",,768515.91
12-12-2025,UPIP2A955357140768RameshSrivasUPIUTIB,939130163317,,"2,700.71",771216.62
13-12-2025,UPIP2M034676863837FlipkartUPIPAYTM,034080106157,"3,450.37",,767766.25
13-12-2025,POS LIFESTYLE STORES CHANDIGARH,022367352957,"2,600.81",,765165.44
14-12-2025,UPIP2A960730925610PriyaJainUPIUCBA,415008539008,,"18,100.85",783266.29
15-12-2025,ATMCASHAXISTTE55659748CHANDI,138623313202,"6,000.00",,777266.29
15-12-2025,ATMCASHAXISBMG26792027CHANDI,128874417700,"1,500.00",,775766.29
16-12-2025,NACH/MANDATE/SIP2993999/Axis Mutual Fund,796666216651,"13,500.00",,762266.29
17-12-2025,UPIP2M434078741384OlaCabsUPIPAYTM,621017468680,100.52,,762165.77
17-12-2025,UPIP2A224746225481SnehaMehtaUPIPUNB,385482414832,,850.59,763016.36
17-12-2025,UPIP2M548976878741ApolloPharmaUPIICICI,183019706084,"1,570.26",,761446.10
18-12-2025,UPIP2M691851999589PriyaDesaiUPIUTIB,385246556218,"13,850.87",,747595.23
19-12-2025,POS HP PETROL PUMP CHANDIGA,332903916942,"3,900.78",,743694.45
19-12-2025,UPIP2M108152766744UberIndiaUPIPAYTM,316483754714,240.65,,743453.80
19-12-2025,UPIP2A144474745189DeepakRaoUPISBIN,105602193561,,"13,500.15",756953.95
20-12-2025,UPIP2M650974331451DunzoUPIICICI,418561740407,"1,860.30",,755093.65
20-12-2025,UPIP2M812732254869IndaneGasUPIICICI,828624180696,950.75,,754142.90
20-12-2025,UPIP2M020818415242PoonamBoseUPIBKID,209043248173,"20,650.30",,733492.60
21-12-2025,POS MORE SUPER MARKET CHANDIGARH,520623148701,"2,300.87",,731191.73
23-12-2025,POS PANTALOONS CHANDIGARH,674563976358,"8,200.07",,722991.66
23-12-2025,UPIP2A438573204719LataDasUPIUCBA,167328937863,,"18,850.57",741842.23
23-12-2025,UPIP2A661651271942YogeshKulkarUPIUCBA,317222290727,,"7,000.04",748842.27
23-12-2025,UPIP2M624671838962OlaCabsUPIICICI,555552618026,"2,700.05",,746142.22
23-12-2025,UPIP2M790528213762BabitaKapoorUPIKKBK,796992383144,"17,700.29",,728441.93
24-12-2025,UPIP2M192044006387JioRechargeUPIPAYTM,389381755020,879.00,,727562.93
24-12-2025,POS BRAND FACTORY CHANDIGARH,156306589450,"2,350.40",,725212.53
26-12-2025,UPIP2M151379779684PaytmMallUPIICICI,736597440475,"1,660.26",,723552.27
26-12-2025,UPIP2M814259704955NareshKumarUPIHDFC,715710457189,"21,100.16",,702452.11
27-12-2025,UPIP2A743493699033RenuNairUPIBDBL,227793437912,,"9,450.96",711903.07
27-12-2025,INTEREST CREDIT,303074325373,,320.15,712223.22
27-12-2025,POS VISHAL MEGA MART CHANDIGARH,048393456864,"6,150.03",,706073.19
27-12-2025,UPIP2M541578660783FlipkartUPIICICI,325794968977,"1,670.68",,704402.51
27-12-2025,UPIP2M418009258703MohanChopraUPISBIN,973294783726,"18,950.81",,685451.70
27-12-2025,UPIP2M287445286694JioRechargeUPIPAYTM,456530954973,779.00,,684672.70
27-12-2025,ATMCASHAXISCUZ99482910CHANDI,824230604887,"9,000.00",,675672.70
28-12-2025,UPIP2M497687420489JioRechargeUPIPAYTM,502988307472,599.00,,675073.70
30-12-2025,UPIP2M882345661275PaytmMallUPIICICI,553653542208,"1,880.33",,673193.37
30-12-2025,UPIP2A539054791822LataRaoUPIKKBK,477769775509,,"8,300.53",681493.90
30-12-2025,POS INDIAN OIL CHANDIGA,462128713074,"2,350.44",,679143.46
31-12-2025,UPIP2M355758506886AmazonPayUPIICICI,203083494653,"1,930.68",,677212.78
01-01-2026,UPIP2M261466131832PaytmMallUPIICICI,862232787557,670.50,,676542.28
01-01-2026,POS CENTRAL MALL CHANDIGARH,854203930999,"4,450.10",,672092.18
01-01-2026,UPIP2M699777042058PhonePeMerchUPIICICI,309197783499,"1,700.66",,670391.52
02-01-2026,UPIP2M311083666318AjaySharmaUPIBARB,013604566625,"15,900.44",,654491.08
03-01-2026,UPIP2M839201464462KapilMishraUPIUTIB,416879053006,"1,300.84",,653190.24
04-01-2026,UPIP2M524523325443AmazonPayUPIPAYTM,331242990940,"1,150.53",,652039.71
04-01-2026,UPIP2M772636922755BSNLBroadbanUPIICICI,132342625474,920.28,,651119.43
06-01-2026,UPIP2M002076885786ZeptoUPIICICI,307172083893,830.83,,650288.60
06-01-2026,UPIP2M071739955370OlaCabsUPIICICI,874041001735,"1,400.34",,648888.26
07-01-2026,SALARY/S0217626577104/HDFC Life Insurance,167520248989,,"47,037.53",695925.79
07-01-2026,UPIP2M469524949009LICofIndiaUPILICI,195336529969,"1,900.00",,694025.79
07-01-2026,UPIP2M909492012348UberIndiaUPIPAYTM,625151773840,870.79,,693155.00
08-01-2026,UPIP2M122174701947AmazonPayUPIICICI,549957221203,790.86,,692364.14
09-01-2026,UPIP2M634452205920OlaCabsUPIPAYTM,424570236655,610.10,,691754.04
09-01-2026,ATMCASHAXISFNC17091574CHANDI,419162650529,"4,500.00",,687254.04
09-01-2026,UPIP2M944751004307GopalMehtaUPIBDBL,519798429067,"17,650.72",,669603.32
10-01-2026,UPIP2M194460460413BlinkitUPIICICI,238459166820,300.67,,669302.65
11-01-2026,UPIP2M665723605044ZeptoUPIICICI,823903609038,"2,580.71",,666721.94
11-01-2026,NACH/MANDATE/SIP6527923/Axis Mutual Fund,395236136582,"13,500.00",,653221.94
11-01-2026,UPIP2M479753834743JioRechargeUPIICICI,673799581192,"1,910.41",,651311.53
11-01-2026,UPIP2M278668905817BESCOMUPIUPIN,918013417454,"3,450.89",,647860.64
11-01-2026,UPIP2M619434365847UberIndiaUPIICICI,972156996666,370.67,,647489.97
11-01-2026,UPIP2M420046099966JioRechargeUPIPAYTM,097409177302,579.00,,646910.97
12-01-2026,UPIP2M939856042932RapidoUPIPAYTM,905332353692,80.84,,646830.13
12-01-2026,NACH/MANDATE/RNT0868274/RENT MANDATE,369524709880,"26,000.00",,620830.13
12-01-2026,UPIP2M361281266076RapidoUPIPAYTM,899912207495,890.65,,619939.48
13-01-2026,UPIP2A045043650622PallaviSaxenUPIUCBA,940744386497,,"9,750.72",629690.20
14-01-2026,UPIP2M815972712673OlaCabsUPIICICI,475733854811,"1,330.48",,628359.72
14-01-2026,UPIP2M008241060112PhonePeMerchUPIICICI,603541885245,"1,360.54",,626999.18
14-01-2026,UPIP2A891076902964SwatiSrivastUPIBDBL,427160238473,,"13,400.05",640399.23
14-01-2026,POS VISHAL MEGA MART CHANDIGARH,615797004993,"7,150.58",,633248.65
15-01-2026,UPIP2M013351975435AmazonPayUPIICICI,544141766022,"2,270.99",,630977.66
16-01-2026,UPIP2A083556006157RajeshRoyUPIBARB,117463230292,,"10,450.60",641428.26
16-01-2026,ATMCASHAXISFPS12268045CHANDI,036260356487,"8,500.00",,632928.26
16-01-2026,UPIP2M750000207362ApolloPharmaUPIICICI,184780805730,590.17,,632338.09
18-01-2026,POS SHELL FUEL STATION CHANDIGA,863790361821,"1,650.63",,630687.46
18-01-2026,UPIP2A355595818063SaritaChaudhUPIBARB,334404672004,,"5,750.14",636437.60
19-01-2026,UPIP2M988461946409IndaneGasUPIICICI,846300818763,"1,000.77",,635436.83
19-01-2026,POS SHELL FUEL STATION CHANDIGA,600204340601,"1,200.77",,634236.06
19-01-2026,POS BHARAT PETROLEUM CHANDIGA,105386273766,"3,450.19",,630785.87
20-01-2026,UPIP2M196621016104PhonePeMerchUPIICICI,845426386298,"2,730.85",,628055.02
20-01-2026,UPIP2A909856669143DineshDesaiUPIFDRL,904296252962,,"9,350.00",637405.02
20-01-2026,UPIP2A536845937730RaniReddyUPIBDBL,949789874718,,"18,150.10",655555.12
20-01-2026,UPIP2M222062652625BlinkitUPIICICI,852808048743,"2,130.89",,653424.23
24-01-2026,UPIP2M771652998210DunzoUPIICICI,950997216290,"1,660.33",,651763.90
24-01-2026,UPIP2M008857738235RapidoUPIPAYTM,522026036362,890.33,,650873.57
24-01-2026,UPIP2M852459110008IshaJainUPIPUNB,578506802530,"19,750.20",,631123.37
25-01-2026,POS RELIANCE PETROLEUM CHANDIGA,680724027338,850.33,,630273.04
25-01-2026,UPIP2M697206229803OlaCabsUPIPAYTM,937627019507,430.30,,629842.74
26-01-2026,GST ON CHARGES,027398461518,52.20,,629790.54
26-01-2026,Monthly Service Chrgs,882021530165,290.00,,629500.54
26-01-2026,UPIP2M079656216312DunzoUPIICICI,699108141410,"1,610.90",,627889.64
27-01-2026,UPIP2M581591474884IshaDesaiUPIKKBK,346035755126,"3,300.06",,624589.58
28-01-2026,UPIP2M861318507476JioRechargeUPIPAYTM,163400680451,549.00,,624040.58
28-01-2026,POS STAR BAZAAR CHANDIGARH,228488650635,"1,700.07",,622340.51
28-01-2026,UPIP2M419626854016JioRechargeUPIICICI,004309955884,120.35,,622220.16
28-01-2026,UPIP2M745567257306AshishChaudhUPIKKBK,627991381149,"17,550.07",,604670.09
29-01-2026,POS D MART CHANDIGARH,911064382468,"1,950.33",,602719.76
29-01-2026,UPIP2M967486226489JioRechargeUPIPAYTM,104881128217,259.00,,602460.76
29-01-2026,UPIP2M172843741783AmitSinghUPIBARB,538108572927,"9,750.11",,592710.65
29-01-2026,UPIP2A672338835953RajeshMishraUPIKKBK,895580924329,,"8,000.44",600711.09
29-01-2026,UPIP2M101990753488PallaviJoshiUPIUTIB,412939737275,"15,350.10",,585360.99
30-01-2026,UPIP2A823236371714RajeshShahUPIPUNB,412428248024,,"11,700.32",597061.31
30-01-2026,UPIP2M585696766743KamalMehtaUPIFDRL,376447528077,"18,350.52",,578710.79
31-01-2026,POS LIFESTYLE STORES CHANDIGARH,464963630850,"4,150.71",,574560.08
01-02-2026,POS RELIANCE MART CHANDIGARH,496276187677,"3,250.47",,571309.61
01-02-2026,POS METRO CASH CARRY CHANDIGARH,182195281907,"5,600.58",,565709.03
02-02-2026,ATMCASHAXISYXE44252432CHANDI,063112446418,"1,000.00",,564709.03
02-02-2026,UPIP2M817153007581DunzoUPIICICI,328019646701,"1,480.09",,563228.94
02-02-2026,UPIP2M614277922829JioRechargeUPIICICI,787397122625,"1,240.07",,561988.87
02-02-2026,POS SHELL FUEL STATION CHANDIGA,167448328504,"3,100.16",,558888.71
03-02-2026,UPIP2M345052793671NykaaUPIPAYTM,721495209123,"1,600.35",,557288.36
04-02-2026,UPIP2M119982599804RohitAgarwalUPIFDRL,131311764729,"14,100.47",,543187.89
04-02-2026,UPIP2M674812749781ZeptoUPIICICI,386648777702,"1,990.61",,541197.28
05-02-2026,POS PANTALOONS CHANDIGARH,280385884744,"2,900.87",,538296.41
05-02-2026,UPIP2M855117000764LICofIndiaUPILICI,391496001604,"1,900.00",,536396.41
05-02-2026,POS RELIANCE MART CHANDIGARH,920506227690,"5,950.03",,530446.38
06-02-2026,UPIP2M823088624774OlaCabsUPIICICI,832635917960,770.71,,529675.67
07-02-2026,SALARY/S6793160398320/HDFC Life Insurance,224122150453,,"46,246.53",575922.20
07-02-2026,UPIP2M740676286812OlaCabsUPIPAYTM,395742378976,830.94,,575091.26
07-02-2026,UPIP2M807338579705ZomatoUPIICICI,931475646106,"1,960.48",,573130.78
08-02-2026,UPIP2M267126214105ZomatoUPIICICI,784910559639,910.24,,572220.54
09-02-2026,UPIP2M284776134345RakeshMalhotUPIKKBK,860212830868,"13,950.04",,558270.50
09-02-2026,NACH/MANDATE/RNT9501262/RENT MANDATE,043008140343,"26,000.00",,532270.50
09-02-2026,UPIP2M414663218189ZeptoUPIICICI,255268295822,"2,370.94",,529899.56
09-02-2026,UPIP2M014639274183RapidoUPIPAYTM,078889176145,560.50,,529339.06
10-02-2026,UPIP2M937635113032ZomatoUPIICICI,689809801175,"1,170.72",,528168.34
12-02-2026,NACH/MANDATE/SIP5115029/Axis Mutual Fund,616485528150,"13,500.00",,514668.34
12-02-2026,UPIP2M933403893832MeeshoUPIPAYTM,632032079498,"4,200.68",,510467.66
12-02-2026,UPIP2M547796862333VarshaNairUPIHDFC,721677644639,"16,250.86",,494216.80
13-02-2026,UPIP2A923918478177DivyaPillaiUPIBKID,394584132609,,"16,500.19",510716.99
13-02-2026,UPIP2A950486768963SangitaMishrUPISBIN,287380325557,,"2,900.85",513617.84
13-02-2026,UPIP2M853327528134OlaCabsUPIPAYTM,600335190599,460.29,,513157.55
13-02-2026,UPIP2M540496531129SwiggyUPIICICI,487090591243,"1,100.14",,512057.41
14-02-2026,UPIP2M254734442661GirishPillaiUPIKKBK,811215676291,"19,400.51",,492656.90
14-02-2026,POS SHELL FUEL STATION CHANDIGA,455837525640,"4,100.71",,488556.19
15-02-2026,UPIP2M444974050325JioRechargeUPIPAYTM,682858405147,899.00,,487657.19
15-02-2026,ATMCASHAXISVQX76069746CHANDI,978820812918,"8,000.00",,479657.19
16-02-2026,UPIP2A480550401560SantoshSethiUPIBDBL,748002693842,,950.52,480607.71
16-02-2026,UPIP2M852369122170IndaneGasUPIICICI,982635935083,"1,250.22",,479357.49
18-02-2026,UPIP2M990465171349NaveenChatteUPIKKBK,204239969111,"18,950.64",,460406.85
18-02-2026,UPIP2A129502294951RekhaSinghUPIUCBA,957053467706,,750.99,461157.84
18-02-2026,POS RELIANCE MART CHANDIGARH,069474520187,"8,100.19",,453057.65
19-02-2026,POS RELIANCE PETROLEUM CHANDIGA,687948223200,"1,700.18",,451357.47
20-02-2026,UPIP2M988782910768YogeshChopraUPIPUNB,899639869594,"18,050.62",,433306.85
20-02-2026,UPIP2M524290810855SeemaReddyUPIKKBK,264641304335,"21,650.40",,411656.45
22-02-2026,UPIP2M434439060479PaytmMallUPIICICI,385151124048,"2,330.07",,409326.38
22-02-2026,UPIP2M117496568616BlinkitUPIICICI,093476721782,210.90,,409115.48
22-02-2026,UPIP2M282972280468BESCOMUPIUPIN,431832225091,"2,050.45",,407065.03
22-02-2026,UPIP2M265453657019BlinkitUPIICICI,818226948418,"2,100.10",,404964.93
22-02-2026,UPIP2M547829782268AbhishekSingUPIBKID,952097714519,200.03,,404764.90
22-02-2026,NEFT/N1630008659773/IBM India Pvt Ltd/BKID0573638,228012933814,,"5,500.64",410265.54
23-02-2026,UPIP2M625771493377JioRechargeUPIPAYTM,318031602282,639.00,,409626.54
23-02-2026,UPIP2M691438460242JioRechargeUPIPAYTM,789065213634,589.00,,409037.54
23-02-2026,UPIP2M340671220703ZeptoUPIICICI,927724299809,"2,490.40",,406547.14
24-02-2026,UPIP2M504061875041RajanPandeyUPIUCBA,892795933354,"10,150.88",,396396.26
24-02-2026,UPIP2A469204259744JyotiYadavUPIHDFC,286390747235,,"13,000.12",409396.38
24-02-2026,UPIP2M814401917973SantoshDasUPISBIN,059781485063,"10,500.05",,398896.33
24-02-2026,POS D MART CHANDIGARH,605831721551,"3,250.06",,395646.27
25-02-2026,UPIP2M597601898721DunzoUPIICICI,370401026413,190.06,,395456.21
26-02-2026,UPIP2M684248545901RapidoUPIPAYTM,905306948391,430.02,,395026.19
26-02-2026,UPIP2A937165273517HimanshuSethUPIFDRL,938093345323,,"1,900.11",396926.30
26-02-2026,UPIP2M736643091319DunzoUPIICICI,643821906266,"2,060.71",,394865.59
27-02-2026,UPIP2M184532052630HotstarUPIICICI,418383566488,449.00,,394416.59
27-02-2026,UPIP2M862066042352AmazonPayUPIPAYTM,598788605300,"5,750.56",,388666.03
28-02-2026,UPIP2M736920731901SwiggyUPIICICI,317732633122,"1,620.04",,387045.99
28-02-2026,UPIP2A566672183803DeepaReddyUPIHDFC,891806455535,,"12,350.76",399396.75
01-03-2026,POS STAR BAZAAR CHANDIGARH,992112591764,"1,450.20",,397946.55
01-03-2026,ATMCASHAXISVPC94055150CHANDI,758977791386,"8,500.00",,389446.55
01-03-2026,UPIP2M714765185843ZomatoUPIICICI,775306286800,"2,380.30",,387066.25
01-03-2026,UPIP2M057653723337UberIndiaUPIICICI,828517431875,900.72,,386165.53
01-03-2026,UPIP2A500234020568ShivamRoyUPIPUNB,854855973259,,"2,050.28",388215.81
01-03-2026,UPIP2M946399683878ACTFibernetUPIRAZORPAY,636725942106,"1,149.00",,387066.81
02-03-2026,ATMCASHAXISQMK32775964CHANDI,109142671114,"1,000.00",,386066.81
03-03-2026,ATMCASHAXISIWI52973786CHANDI,463799823817,"2,500.00",,383566.81
03-03-2026,UPIP2M147189620925JioRechargeUPIICICI,659346972291,"2,420.65",,381146.16
04-03-2026,UPIP2M483017254287LICofIndiaUPILICI,024211971795,"1,900.00",,379246.16
04-03-2026,POS METRO CASH CARRY CHANDIGARH,227148790727,"1,900.46",,377345.70
04-03-2026,UPIP2M079797076194JyotiReddyUPIFDRL,207175123105,"21,600.20",,355745.50
07-03-2026,UPIP2M303514651003ACTFibernetUPIRAZORPAY,254165911566,849.00,,354896.50
07-03-2026,UPIP2M043637403316RajeshMenonUPISBIN,934106093843,"6,700.01",,348196.49
07-03-2026,SALARY/S2766500427218/HDFC Life Insurance,778850146316,,"47,421.53",395618.02
07-03-2026,UPIP2M865899122461ZeptoUPIICICI,798479321909,370.31,,395247.71
08-03-2026,UPIP2M618506758689PhonePeMerchUPIICICI,251260798926,"2,130.31",,393117.40
09-03-2026,ATMCASHAXISZTO88408660CHANDI,271926388732,"7,500.00",,385617.40
09-03-2026,UPIP2M005625656671OlaCabsUPIICICI,512957029620,"1,900.96",,383716.44
11-03-2026,UPIP2M762252305750NykaaUPIPAYTM,937946424507,"1,150.08",,382566.36
11-03-2026,NACH/MANDATE/RNT5644803/RENT MANDATE,952992748849,"26,000.00",,356566.36
14-03-2026,UPIP2M122518136150KapilJainUPIKKBK,421478218539,"11,950.63",,344615.73
14-03-2026,POS V MART CHANDIGARH,335220559617,700.06,,343915.67
15-03-2026,UPIP2M451521168664OlaCabsUPIPAYTM,808632112518,640.16,,343275.51
15-03-2026,NACH/MANDATE/SIP3074839/Axis Mutual Fund,682015972147,"13,500.00",,329775.51
16-03-2026,UPIP2M808401760655BlinkitUPIICICI,168745408728,"2,120.84",,327654.67
16-03-2026,UPIP2M767135955031PhonePeMerchUPIICICI,030515761636,580.85,,327073.82
17-03-2026,UPIP2M022387143198PallaviGuptaUPIPUNB,821514792184,"19,300.44",,307773.38
17-03-2026,POS RELIANCE PETROLEUM CHANDIGA,157967231083,"2,350.28",,305423.10
17-03-2026,UPIP2A359856941889AshishNambiaUPIUCBA,468872823212,,"17,100.18",322523.28
17-03-2026,UPIP2A697278364952IshaJainUPIKKBK,523579214323,,"5,050.88",327574.16
18-03-2026,UPIP2M243433232184BESCOMUPIUPIN,537971744621,"3,850.66",,323723.50
18-03-2026,POS BHARAT PETROLEUM CHANDIGA,032246670293,"3,350.58",,320372.92
19-03-2026,UPIP2M221680674337JioRechargeUPIICICI,093074075483,"2,600.51",,317772.41
19-03-2026,UPIP2M743939018179RapidoUPIPAYTM,004747245423,530.15,,317242.26
19-03-2026,UPIP2M055405868220FlipkartUPIPAYTM,750025164761,"4,150.48",,313091.78
19-03-2026,UPIP2M466921531705OlaCabsUPIPAYTM,909230317207,190.05,,312901.73
20-03-2026,UPIP2M960002947823SantoshChoprUPIPUNB,202746198174,"17,250.01",,295651.72
20-03-2026,UPIP2M207073058487IndaneGasUPIICICI,496949550966,"1,300.42",,294351.30
20-03-2026,UPIP2M032577391302JioRechargeUPIPAYTM,665882509936,759.00,,293592.30
21-03-2026,UPIP2M302181880364BigBasketUPIICICI,603316228354,"2,230.34",,291361.96
23-03-2026,UPIP2M400761624002FlipkartUPIPAYTM,533986606753,"4,550.44",,286811.52
23-03-2026,UPIP2M189621616112BlinkitUPIICICI,740296048109,"1,960.36",,284851.16
24-03-2026,UPIP2M090430862529NykaaUPIICICI,900896244694,949.00,,283902.16
24-03-2026,ATMCASHAXISKNW86042119CHANDI,015579828240,"8,500.00",,275402.16
24-03-2026,UPIP2M193569834287BSNLBroadbanUPIICICI,737491599333,720.44,,274681.72
24-03-2026,UPIP2M439601324912PhonePeMerchUPIICICI,845702578832,420.99,,274260.73
25-03-2026,UPIP2A841516289164ShreyaYadavUPIPUNB,586555890950,,"2,450.16",276710.89
25-03-2026,UPIP2M452224385550JioRechargeUPIPAYTM,005771372349,259.00,,276451.89
25-03-2026,UPIP2M060724391000OlaCabsUPIICICI,798331118759,"1,370.72",,275081.17
26-03-2026,UPIP2M238046310015VarshaDasUPIHDFC,039076048737,"5,500.93",,269580.24
26-03-2026,ATMCASHAXISDKD99294883CHANDI,944551885724,"4,000.00",,265580.24
26-03-2026,UPIP2M913623867639PhonePeMerchUPIICICI,749020857647,"1,520.53",,264059.71
26-03-2026,UPIP2M803427368574BSNLBroadbanUPIICICI,686909297852,610.56,,263449.15
26-03-2026,UPIP2M515384291105ArjunAhujaUPIFDRL,815676311729,"19,300.42",,244148.73
27-03-2026,UPIP2M900257036970ZeptoUPIICICI,687922276385,"1,780.00",,242368.73
28-03-2026,INTEREST CREDIT,787487499668,,"1,175.18",243543.91
29-03-2026,GST ON CHARGES,369220697326,57.60,,243486.31
29-03-2026,Monthly Service Chrgs,259439087196,320.00,,243166.31
31-03-2026,POS SHOPPERS STOP CHANDIGARH,542069537402,"2,400.50",,240765.81
31-03-2026,UPIP2M796298773328ZomatoUPIICICI,870068083489,"1,200.36",,239565.45
31-03-2026,UPIP2M880156157043BrijeshGhoshUPIUTIB,231891126197,"12,000.19",,227565.26
01-04-2026,POS BIG BAZAAR CHANDIGARH,306928609116,"5,150.78",,222414.48
02-04-2026,UPIP2M616416884420JioRechargeUPIPAYTM,222253420124,759.00,,221655.48
02-04-2026,POS METRO CASH CARRY CHANDIGARH,894095782075,"5,850.50",,215804.98
03-04-2026,UPIP2M621891309649FlipkartUPIICICI,452162617224,"2,610.43",,213194.55
04-04-2026,UPIP2A689821517792AnitaYadavUPIKKBK,419310167625,,"14,000.34",227194.89
04-04-2026,POS PANTALOONS CHANDIGARH,561596674646,"4,900.78",,222294.11
04-04-2026,POS SHELL FUEL STATION CHANDIGA,942634931705,"2,300.35",,219993.76
05-04-2026,UPIP2M011096326538ACTFibernetUPIRAZORPAY,107879206903,349.00,,219644.76
05-04-2026,SALARY/S9415638257414/HDFC Life Insurance,223267002455,,"43,960.53",263605.29
06-04-2026,ATMCASHAXISHMJ54565533CHANDI,650681304561,"2,500.00",,261105.29
06-04-2026,NACH/MANDATE/RNT8038865/RENT MANDATE,144407603885,"26,000.00",,235105.29
07-04-2026,UPIP2M903815219430ZeptoUPIICICI,099410826725,"1,320.64",,233784.65
08-04-2026,ATMCASHAXISNYB39923975CHANDI,903222674241,"6,000.00",,227784.65
09-04-2026,UPIP2A515135658120KunalSrivastUPIUCBA,254374576530,,"13,800.47",241585.12
10-04-2026,POS BHARAT PETROLEUM CHANDIGA,815829151800,"2,100.22",,239484.90
10-04-2026,POS MAX FASHION CHANDIGARH,739384890958,500.06,,238984.84
11-04-2026,UPIP2M973539856403LICofIndiaUPILICI,690343162003,"1,900.00",,237084.84
11-04-2026,UPIP2M777191219012JioRechargeUPIPAYTM,527541650203,189.00,,236895.84
12-04-2026,ATMCASHAXISWLJ93808737CHANDI,506273214019,"9,500.00",,227395.84
13-04-2026,UPIP2M305632868904RapidoUPIPAYTM,262751632418,410.34,,226985.50
13-04-2026,UPIP2M195075839080DunzoUPIICICI,705925754081,"1,080.44",,225905.06
13-04-2026,ATMCASHAXISQVD50237790CHANDI,981333701147,"3,000.00",,222905.06
14-04-2026,POS SHOPPERS STOP CHANDIGARH,436612971754,"5,150.26",,217754.80
14-04-2026,UPIP2M082999365535JioRechargeUPIPAYTM,959698389003,369.00,,217385.80
15-04-2026,UPIP2M678974444334IndaneGasUPIICICI,797947111413,"1,100.95",,216284.85
15-04-2026,UPIP2M025330974823NaveenDesaiUPIHDFC,264543078702,"8,100.55",,208184.30
16-04-2026,ATMCASHAXISQIL07150086CHANDI,065986394172,"9,000.00",,199184.30
16-04-2026,UPIP2M308428392411BESCOMUPIUPIN,032627406282,"2,600.40",,196583.90
17-04-2026,NACH/MANDATE/SIP2874253/Axis Mutual Fund,953805060396,"13,500.00",,183083.90
17-04-2026,POS METRO CASH CARRY CHANDIGARH,656318243216,"5,350.71",,177733.19
17-04-2026,UPIP2M831975993929RapidoUPIPAYTM,004987831231,500.83,,177232.36
17-04-2026,UPIP2M984821310738PhonePeMerchUPIICICI,939840066450,"1,900.88",,175331.48
18-04-2026,UPIP2M253751967619ZeptoUPIICICI,366059653521,"1,710.83",,173620.65
18-04-2026,UPIP2M580485090797UberIndiaUPIPAYTM,699542181680,420.95,,173199.70
20-04-2026,POS STAR BAZAAR CHANDIGARH,960143743490,"1,100.87",,172098.83
20-04-2026,UPIP2M783196044306AshaTiwariUPIUTIB,874839342933,"14,050.31",,158048.52
21-04-2026,UPIP2M201473239059OlaCabsUPIPAYTM,163990237615,730.28,,157318.24
22-04-2026,UPIP2M388941121661VarunPillaiUPIPUNB,834390858830,"21,950.26",,135367.98
22-04-2026,UPIP2A711668723728AnjaliJoshiUPIKKBK,719700824359,,"6,650.25",142018.23
22-04-2026,UPIP2M075409078220BigBasketUPIICICI,466092482749,"2,680.16",,139338.07
23-04-2026,UPIP2M674811345894GirishShuklaUPIFDRL,232264307249,"21,000.87",,118337.20
23-04-2026,UPIP2M035157784763FlipkartUPIICICI,330490872525,960.15,,117377.05
24-04-2026,POS CENTRAL MALL CHANDIGARH,800871111193,"6,400.95",,110976.10
25-04-2026,NEFT/N2358056129706/HDFC Life Insurance/UTIB0281656,179368330492,,"31,500.29",142476.39
25-04-2026,POS SHELL FUEL STATION CHANDIGA,427573580971,"1,000.24",,141476.15
25-04-2026,ATMCASHAXISQXX77124824CHANDI,220790345716,"3,000.00",,138476.15
26-04-2026,UPIP2M984713672015RapidoUPIPAYTM,307986547938,810.45,,137665.70
26-04-2026,UPIP2M262016850744GauravJoshiUPIBKID,084899899264,"19,150.02",,118515.68
27-04-2026,UPIP2M250287881884PractoUPIICICI,676475157910,149.00,,118366.68
28-04-2026,UPIP2M093781642125AmitChopraUPIBKID,524597816026,450.09,,117916.59
29-04-2026,UPIP2M997536910822UberIndiaUPIICICI,666606930111,"1,660.78",,116255.81
29-04-2026,UPIP2M014173183089SunitaSinghUPIFDRL,522020024489,"18,350.93",,97904.88
29-04-2026,UPIP2M055943687186FlipkartUPIPAYTM,541850572853,"3,300.78",,94604.10
01-05-2026,POS BHARAT PETROLEUM CHANDIGA,892350025852,"3,350.50",,91253.60
02-05-2026,ATMCASHAXISBZO31453265CHANDI,426582640812,"4,500.00",,86753.60
03-05-2026,UPIP2M627081754899NykaaUPIICICI,158459710407,899.00,,85854.60
04-05-2026,UPIP2M944146569209AmazonPayUPIICICI,739947478420,"1,300.45",,84554.15
04-05-2026,POS V MART CHANDIGARH,045373756857,"3,150.59",,81403.56
05-05-2026,UPIP2M472993028687JioRechargeUPIPAYTM,276189825597,539.00,,80864.56
05-05-2026,UPIP2M710563985553BigBasketUPIICICI,836438362751,"2,070.71",,78793.85
06-05-2026,UPIP2M917950850408JioRechargeUPIPAYTM,748186025745,649.00,,78144.85
06-05-2026,POS CENTRAL MALL CHANDIGARH,077159578566,"7,100.64",,71044.21
06-05-2026,UPIP2M134351898609AshaBanerjeeUPISBIN,301137368629,"20,100.34",,50943.87
06-05-2026,UPIP2M828016069968ZomatoUPIICICI,447076040184,"1,440.80",,49503.07
06-05-2026,UPIP2M303814838628SoniaIyerUPIUCBA,758605342761,"1,550.93",,47952.14
06-05-2026,POS STAR BAZAAR CHANDIGARH,294375735877,"5,900.81",,42051.33
07-05-2026,POS BHARAT PETROLEUM CHANDIGA,933328123624,"2,350.93",,39700.40
07-05-2026,SALARY/S0014885755688/HDFC Life Insurance,319175295905,,"47,067.53",86767.93
08-05-2026,UPIP2M974037343374ZomatoUPIICICI,162376347757,770.86,,85997.07
08-05-2026,UPIP2M589085732219ZomatoUPIICICI,985755512579,"1,480.01",,84517.06
