Bank Name,HDFC BANK LTD
Account Number,33565604015218
Account Holder Name,LATA PATEL
Branch,T NAGAR
IFSC Code,HDFC0439827
Statement Period,01-12-2024 To 09-05-2026

Date,Description,Ref/ChequeNo,Debit,Credit,Balance
01/12/24,UPI-Usha Srivastava-4450401360@upi-806777669329-DR VIA UPI,969227460020,"21,550.76",,780593.15
02/12/24,SALARY-S1670029839863/NEFT/Patni Computer Systems,008162695720,,"134,567.45",915160.60
03/12/24,ECS-NACH-RNT2600079-RENT MANDATE,546143055359,"21,500.00",,893660.60
04/12/24,UPI-Isha Kapoor-1298462866@axl-111594130159-CR VIA UPI,902596085485,,"13,150.93",906811.53
05/12/24,UPI-Suresh Shah-5815568487@okicici-512188917659-CR VIA UPI,463228089031,,"11,900.37",918711.90
05/12/24,IMPS-965588699188-Asha Kumar-PUNB-XXXXXXX8124-IMPSTXN,856248529141,"30,700.69",,888011.21
05/12/24,UPI-Preeti Iyer-6665822700@apl-812695970095-CR VIA UPI,214667770412,,"9,450.80",897462.01
05/12/24,UPI-Blinkit-blinkit@kotak-866807848182-DR VIA UPI,024042487952,230.61,,897231.40
06/12/24,UPI-Vikram Mishra-vikrammish91@okicici-096970158003-DR VIA UPI,047342824071,"12,250.00",,884981.40
07/12/24,UPI-Priya Menon-priya.menon@ptsbi-862634075291-DR VIA UPI,207519267547,"12,500.13",,872481.27
08/12/24,UPI-Nykaa-nykaa@razorpay-535961253176-DR VIA UPI,557540031361,"3,800.70",,868680.57
09/12/24,POS INDIAN OIL NAGPUR,069346044287,"1,000.81",,867679.76
09/12/24,POS SHOPPERS STOP NAGPUR,826660186884,"5,900.89",,861778.87
09/12/24,UPI-SBI Life Insurance-licindia@licindia-801255482314-DR VIA UPI,532309953251,"7,000.00",,854778.87
10/12/24,ECS-NACH-LN036712399449-Tata Capital Finance,234899539202,"10,500.00",,844278.87
10/12/24,UPI-Mina Roy-mina.roy@upi-876635043697-DR VIA UPI,857081155099,"4,050.53",,840228.34
10/12/24,UPI-Jio Recharge-jio@paytm-597307551277-DR VIA UPI,960862533083,649.00,,839579.34
10/12/24,UPI-Rapido-rapido@icici-167581795057-DR VIA UPI,611399581556,300.87,,839278.47
10/12/24,UPI-Hathway-broadband@paytm-741500888822-DR VIA UPI,970406041079,699.00,,838579.47
11/12/24,UPI-Naresh Gupta-naresh442@ibl-424354362460-CR VIA UPI,353426459874,,"7,700.41",846279.88
11/12/24,UPI-Indane Gas-indanegas@upi-821568847992-DR VIA UPI,060520672155,"2,550.84",,843729.04
12/12/24,UPI-Kavita Thapar-kavitathap28@apl-227459773816-DR VIA UPI,049497801489,"20,500.80",,823228.24
13/12/24,UPI-Zomato-zomato@axisbank-142151647129-DR VIA UPI,514043429091,"2,680.28",,820547.96
13/12/24,UPI-Radha Patel-radhapate84@pthdfc-253889083477-CR VIA UPI,140652477869,,"10,800.42",831348.38
13/12/24,UPI-Sapna Sethi-6206016431@ibl-690049911650-DR VIA UPI,833405765743,"17,350.97",,813997.41
13/12/24,UPI-Flipkart-flipkart@ybl-860499654918-DR VIA UPI,466999296014,"1,780.72",,812216.69
14/12/24,UPI-Jio Recharge-jio@paytm-285346153425-DR VIA UPI,858648204455,459.00,,811757.69
14/12/24,ECS-NACH-SIP6121727-Mirae Asset MF,795832115841,"14,000.00",,797757.69
15/12/24,ATW-XXXXXX4723-ADD37243-NAGPUR 618130058461,688355811439,"5,500.00",,792257.69
16/12/24,UPI-Gaurav Desai-gauravdesa64@ybl-191166471477-DR VIA UPI,904397718946,"12,500.53",,779757.16
16/12/24,UPI-Prashant Patil-prashant717@axl-022796623395-DR VIA UPI,905586973549,"9,850.63",,769906.53
17/12/24,POS SHELL FUEL STATION NAGPUR,592497644476,"2,650.14",,767256.39
17/12/24,UPI-Nisha Kulkarni-nisha.kulkarni@ptsbi-850998445992-DR VIA UPI,308893494304,"20,600.42",,746655.97
17/12/24,UPI-TSSPDCL-tsspdclpayment@upi-606142017855-DR VIA UPI,157030968237,"1,100.43",,745555.54
17/12/24,UPI-Zepto-zepto@apl-307634029329-DR VIA UPI,982379947130,900.93,,744654.61
20/12/24,UPI-Shweta Chaudhary-5193420697@ybl-789416094841-DR VIA UPI,661426428715,"1,550.05",,743104.56
20/12/24,UPI-Blinkit-blinkit@kotak-356559600587-DR VIA UPI,475533526280,880.48,,742224.08
20/12/24,UPI-Uber India-uber@paytm-475724720429-DR VIA UPI,033434142827,800.14,,741423.94
21/12/24,UPI-Ola Cabs-olamoney@ola-785035446964-DR VIA UPI,543657202757,140.07,,741283.87
21/12/24,UPI-BSNL Broadband-bsnlbroadband@upi-693922453904-DR VIA UPI,898094209660,850.65,,740433.22
22/12/24,UPI-Meesho-meesho@ybl-679036537169-DR VIA UPI,695331099405,"3,950.98",,736482.24
22/12/24,ATW-XXXXXX7046-ATI00388-NAGPUR 633145823817,784331817283,"3,500.00",,732982.24
22/12/24,UPI-BSNL Broadband-bsnlbroadband@upi-462155843057-DR VIA UPI,084749003849,680.11,,732302.13
22/12/24,UPI-Netmeds-netmeds@paytm-047881164275-DR VIA UPI,049308853482,"1,460.06",,730842.07
23/12/24,UPI-Pooja Pillai-pooja471@okicici-889104732511-DR VIA UPI,576910919660,"1,400.07",,729442.00
23/12/24,UPI-Siddharth Nair-siddharth504@ibl-205531838395-DR VIA UPI,337184301784,"16,100.42",,713341.58
26/12/24,NEFT*N5832144529681/Cognizant Technology/CR,276133187826,,"11,500.47",724842.05
27/12/24,POS MORE SUPER MARKET NAGPUR,359022482618,"7,300.67",,717541.38
27/12/24,INTEREST CREDIT,828509141162,,200.89,717742.27
27/12/24,UPI-Swiggy-swiggy@icici-051388665044-DR VIA UPI,981715296198,"1,310.06",,716432.21
27/12/24,UPI-Girish Ghosh-1995626415@pthdfc-379753263210-CR VIA UPI,647945877790,,"6,700.28",723132.49
27/12/24,POS VISHAL MEGA MART NAGPUR,351365252965,"1,150.31",,721982.18
27/12/24,UPI-Jio Recharge-jio@paytm-865218279295-DR VIA UPI,804791453163,859.00,,721123.18
28/12/24,UPI-Ola Cabs-olamoney@ola-146456320010-DR VIA UPI,156485735897,300.66,,720822.52
28/12/24,UPI-Radha Ghosh-radha.ghosh@apl-645600275222-CR VIA UPI,073566986241,,"20,100.69",740923.21
28/12/24,UPI-Spotify-spotify@icici-199261966073-DR VIA UPI,981839458776,699.00,,740224.21
29/12/24,UPI-Isha Pillai-isha.pillai@apl-760024868321-CR VIA UPI,536432916387,,"15,550.28",755774.49
29/12/24,UPI-Nykaa-nykaa@razorpay-790267217030-DR VIA UPI,265295372446,999.00,,754775.49
29/12/24,UPI-Ola Cabs-olamoney@ola-211115047401-DR VIA UPI,787237210982,630.34,,754145.15
29/12/24,UPI-Kapil Singh-kapil.singh@ptaxis-054320713461-CR VIA UPI,100758655029,,"4,900.67",759045.82
30/12/24,UPI-Vishal Kumar-6631426375@okhdfcbank-234181268554-DR VIA UPI,307393576117,"11,250.98",,747794.84
30/12/24,POS SHOPPERS STOP NAGPUR,290866508311,"5,350.10",,742444.74
31/12/24,GST ON CHARGES,040470317134,54.00,,742390.74
31/12/24,ATW-XXXXXX0791-KPK03744-NAGPUR 635022891339,547512296588,"9,500.00",,732890.74
31/12/24,POS SHOPPERS STOP NAGPUR,696584078175,"3,900.49",,728990.25
31/12/24,MOBILE BANKING CHARGES,487479584870,300.00,,728690.25
02/01/25,UPI-Zomato-zomato@axisbank-553267995485-DR VIA UPI,696046559812,550.76,,728139.49
03/01/25,SALARY-S5203980059713/NEFT/Patni Computer Systems,907863147339,,"133,919.45",862058.94
03/01/25,UPI-Vivek Das-vivek746@ptyes-714524531054-DR VIA UPI,710280255556,"11,750.77",,850308.17
03/01/25,IMPS-915685073962-Suresh Kulkarni-KKBK-XXXXXXX9654-IMPSTXN,122416165443,700.72,,849607.45
04/01/25,UPI-SBI Life Insurance-licindia@licindia-818297873529-DR VIA UPI,076168201479,"7,000.00",,842607.45
04/01/25,UPI-Jio Recharge-jio@paytm-356585524448-DR VIA UPI,605272277896,"1,110.16",,841497.29
04/01/25,UPI-Mohan Nambiar-5483396584@ptyes-339586989710-CR VIA UPI,191145647521,,"17,350.74",858848.03
05/01/25,ECS-NACH-RNT2143653-RENT MANDATE,901927407088,"21,500.00",,837348.03
05/01/25,UPI-PhonePe Merchant-phonepe@ybl-394543813489-DR VIA UPI,906307947175,"2,400.65",,834947.38
07/01/25,ECS-NACH-LN036712399449-Tata Capital Finance,251124316547,"10,500.00",,824447.38
07/01/25,UPI-Jio Recharge-jio@paytm-614522316427-DR VIA UPI,499768025638,909.00,,823538.38
08/01/25,UPI-Rapido-rapido@icici-589830237109-DR VIA UPI,051502758174,160.99,,823377.39
08/01/25,POS RELIANCE MART NAGPUR,493176900609,"5,300.66",,818076.73
09/01/25,UPI-Gaurav Shah-1707534421@okaxis-829324684450-CR VIA UPI,240974937456,,"19,750.70",837827.43
10/01/25,UPI-Jio Recharge-jio@paytm-357027367692-DR VIA UPI,134492455637,630.10,,837197.33
10/01/25,UPI-Rapido-rapido@icici-319628695752-DR VIA UPI,802642278649,750.27,,836447.06
11/01/25,UPI-Hathway-broadband@paytm-209889295483-DR VIA UPI,911353715107,849.00,,835598.06
11/01/25,UPI-Jio Recharge-jio@paytm-142472003103-DR VIA UPI,524650784957,209.00,,835389.06
11/01/25,UPI-Archana Kapoor-archana616@aubank-740702372984-CR VIA UPI,920469329470,,"6,750.44",842139.50
12/01/25,UPI-Jio Recharge-jio@paytm-846807268694-DR VIA UPI,212677171047,419.00,,841720.50
12/01/25,ATW-XXXXXX4047-ARB95719-NAGPUR 176436963984,496983225885,"8,000.00",,833720.50
12/01/25,UPI-Abhishek Malhotra-9819774769@okaxis-829156769833-DR VIA UPI,289322380221,"11,600.31",,822120.19
12/01/25,UPI-TSSPDCL-tsspdclpayment@upi-119625617483-DR VIA UPI,081362086876,650.76,,821469.43
13/01/25,POS V MART NAGPUR,593673936540,"7,050.84",,814418.59
13/01/25,UPI-Indane Gas-indanegas@upi-309209291348-DR VIA UPI,917862369290,"2,350.32",,812068.27
15/01/25,ECS-NACH-SIP9522719-Mirae Asset MF,695193852353,"14,000.00",,798068.27
15/01/25,UPI-Rekha Tiwari-8685117939@ybl-953590414045-DR VIA UPI,794185768199,"9,600.49",,788467.78
16/01/25,UPI-Akash Pillai-0661485037@okaxis-612057871838-DR VIA UPI,494934901061,350.35,,788117.43
18/01/25,UPI-Anjali Chatterjee-anjali164@upi-370341631485-DR VIA UPI,158825427720,"10,500.34",,777617.09
18/01/25,UPI-Zepto-zepto@apl-692381741646-DR VIA UPI,579767244380,"1,070.26",,776546.83
18/01/25,UPI-Jio Recharge-jio@paytm-647042631139-DR VIA UPI,137920615077,"2,020.76",,774526.07
18/01/25,UPI-Jio Recharge-jio@paytm-309061767809-DR VIA UPI,584046880258,939.00,,773587.07
18/01/25,UPI-Sapna Sethi-2939344670@axl-602038085663-DR VIA UPI,309630140359,"4,750.61",,768836.46
18/01/25,ATW-XXXXXX8451-KQG64742-NAGPUR 151677118963,168898874355,"4,000.00",,764836.46
19/01/25,UPI-Shweta Rao-shweta.rao@upi-708959759926-CR VIA UPI,948107230165,,"8,300.23",773136.69
19/01/25,UPI-Jio Recharge-jio@paytm-900848909098-DR VIA UPI,959645938415,719.00,,772417.69
19/01/25,UPI-Tarun Bose-tarun.bose@aubank-750087692447-DR VIA UPI,439269010126,"15,900.29",,756517.40
20/01/25,UPI-Jio Recharge-jio@paytm-003472569956-DR VIA UPI,842536620595,660.08,,755857.32
20/01/25,POS LIFESTYLE STORES NAGPUR,540651732416,"3,450.84",,752406.48
21/01/25,POS CENTRAL MALL NAGPUR,704469220642,"1,600.08",,750806.40
21/01/25,UPI-BigBasket-bigbasket@ybl-213713297648-DR VIA UPI,751190119758,"1,590.24",,749216.16
21/01/25,POS INDIAN OIL NAGPUR,383185814100,"4,400.08",,744816.08
22/01/25,POS INDIAN OIL NAGPUR,923426919897,"3,000.79",,741815.29
22/01/25,UPI-Rajan Joshi-rajan.joshi@kotak-656204598153-CR VIA UPI,662115127444,,"10,600.77",752416.06
22/01/25,UPI-Brijesh Sen-8451440610@ibl-348345234388-DR VIA UPI,934391197350,"16,300.01",,736116.05
22/01/25,POS STAR BAZAAR NAGPUR,150092098383,"2,650.59",,733465.46
23/01/25,UPI-Meesho-meesho@ybl-105604597841-DR VIA UPI,451978975190,"3,400.36",,730065.10
23/01/25,UPI-Pallavi Naik-pallavi732@ibl-049321652301-CR VIA UPI,676615360950,,"13,800.28",743865.38
24/01/25,UPI-Shweta Verma-shweta.verma@ybl-567607489910-DR VIA UPI,409721466497,"4,350.76",,739514.62
24/01/25,UPI-Rajesh Yadav-rajeshyada42@okaxis-303896812288-DR VIA UPI,716321648714,"18,600.16",,720914.46
24/01/25,UPI-Anita Sethi-anita981@ibl-620389727399-DR VIA UPI,208540859072,"18,950.41",,701964.05
24/01/25,UPI-Poonam Patel-poonam.patel@pthdfc-435525446260-DR VIA UPI,364848596769,"5,150.26",,696813.79
26/01/25,UPI-Uber India-uber@paytm-746992018085-DR VIA UPI,947897789511,540.61,,696273.18
27/01/25,UPI-1mg-tatahealth@icici-274082467353-DR VIA UPI,549600742556,390.02,,695883.16
27/01/25,POS INDIAN OIL NAGPUR,483927958045,"2,800.57",,693082.59
28/01/25,UPI-Sunil Sharma-sunilshar15@oksbi-405360080727-DR VIA UPI,659302024718,"21,500.09",,671582.50
29/01/25,UPI-Zepto-zepto@apl-471597173047-DR VIA UPI,599151296118,"2,650.59",,668931.91
29/01/25,UPI-Radha Das-radha728@ptsbi-279368926438-CR VIA UPI,481986221685,,"12,100.20",681032.11
29/01/25,POS LIFESTYLE STORES NAGPUR,739134137432,"1,500.08",,679532.03
29/01/25,POS MAX FASHION NAGPUR,331488644978,"5,350.73",,674181.30
30/01/25,UPI-Lalit Ahuja-lalit207@pthdfc-092603141280-CR VIA UPI,511530277374,,"1,800.78",675982.08
31/01/25,UPI-Zomato-zomato@axisbank-969994553238-DR VIA UPI,350779010442,"1,460.54",,674521.54
01/02/25,UPI-Manish Chatterjee-manishchat44@ptyes-760101384399-DR VIA UPI,121905444465,950.30,,673571.24
02/02/25,UPI-Meesho-meesho@ybl-394239377139-DR VIA UPI,404301052435,"5,500.98",,668070.26
02/02/25,UPI-Himanshu Srivastava-2636814217@ptaxis-228496105577-CR VIA UPI,940527317874,,"20,050.88",688121.14
03/02/25,UPI-Lalit Nair-9115217073@aubank-042183571970-CR VIA UPI,317152716363,,"8,600.02",696721.16
03/02/25,UPI-Jio Recharge-jio@paytm-961137545802-DR VIA UPI,860223036543,289.00,,696432.16
03/02/25,UPI-Rapido-rapido@icici-523451674245-DR VIA UPI,566753243560,630.83,,695801.33
04/02/25,SALARY-S8929945958805/NEFT/Patni Computer Systems,082300768120,,"134,273.45",830074.78
05/02/25,ATW-XXXXXX5364-IQR26420-NAGPUR 354304762998,356073917427,"9,500.00",,820574.78
07/02/25,UPI-Suresh Pillai-suresh.pillai@paytm-530002240705-DR VIA UPI,469488203667,"14,950.63",,805624.15
07/02/25,UPI-Flipkart-flipkart@ybl-459766833125-DR VIA UPI,209996988670,"2,700.02",,802924.13
07/02/25,UPI-Ashish Roy-ashish.roy@upi-919137680530-DR VIA UPI,385498373490,"5,100.26",,797823.87
07/02/25,UPI-1mg-tatahealth@icici-616366582478-DR VIA UPI,913738559752,"3,230.27",,794593.60
08/02/25,UPI-Jio Recharge-jio@paytm-813798592944-DR VIA UPI,632158961811,469.00,,794124.60
08/02/25,UPI-SBI Life Insurance-licindia@licindia-985579629856-DR VIA UPI,874149091284,"7,000.00",,787124.60
09/02/25,ECS-NACH-RNT1020494-RENT MANDATE,480420098029,"21,500.00",,765624.60
11/02/25,UPI-Sushma Naik-sushmanaik44@kotak-003540425342-DR VIA UPI,714393701434,"18,100.68",,747523.92
11/02/25,UPI-BSNL Broadband-bsnlbroadband@upi-048664820600-DR VIA UPI,747062988091,"2,580.07",,744943.85
11/02/25,UPI-Paytm Mall-paytm@paytm-514916940201-DR VIA UPI,700118545496,"1,290.26",,743653.59
12/02/25,ECS-NACH-LN036712399449-Tata Capital Finance,747012554896,"10,500.00",,733153.59
13/02/25,UPI-Myntra-myntra@ybl-009388858621-DR VIA UPI,345490390681,949.00,,732204.59
13/02/25,UPI-Uber India-uber@paytm-935719580909-DR VIA UPI,610860241425,"1,480.16",,730724.43
13/02/25,UPI-Dinesh Sen-dinesh.sen@paytm-881180179610-CR VIA UPI,094266792739,,"4,000.41",734724.84
14/02/25,UPI-Hathway-broadband@paytm-331372271716-DR VIA UPI,278296958564,399.00,,734325.84
14/02/25,UPI-Dunzo-dunzo@razorpay-684131290057-DR VIA UPI,784352970559,"1,810.37",,732515.47
14/02/25,UPI-Rapido-rapido@icici-854303774930-DR VIA UPI,410122426783,260.27,,732255.20
15/02/25,UPI-Kamal Tiwari-kamal.tiwari@paytm-463461624416-DR VIA UPI,496374027067,"1,950.74",,730304.46
16/02/25,UPI-Nikhil Gupta-nikhil597@aubank-059766009321-DR VIA UPI,096898816659,"2,250.66",,728053.80
16/02/25,ATW-XXXXXX0572-VTZ04370-NAGPUR 974695009708,464428508453,"2,000.00",,726053.80
16/02/25,UPI-BigBasket-bigbasket@ybl-342930748611-DR VIA UPI,803980461106,"1,370.45",,724683.35
16/02/25,UPI-Paytm Mall-paytm@paytm-130997914915-DR VIA UPI,681910093658,"2,650.51",,722032.84
17/02/25,UPI-Indane Gas-indanegas@upi-976105936936-DR VIA UPI,236932267235,"1,100.93",,720931.91
17/02/25,ECS-NACH-SIP4339670-Mirae Asset MF,068164927313,"14,000.00",,706931.91
18/02/25,UPI-Ola Cabs-olamoney@ola-311904929061-DR VIA UPI,164393773260,710.82,,706221.09
18/02/25,UPI-Rapido-rapido@icici-479092944436-DR VIA UPI,488748248379,850.17,,705370.92
19/02/25,IMPS-846439020623-Abhishek Rao-BKID-XXXXXXX3475-IMPSTXN,571251834591,"18,300.08",,687070.84
20/02/25,UPI-Paytm Mall-paytm@paytm-246763648832-DR VIA UPI,102756020594,"1,910.78",,685160.06
20/02/25,ATW-XXXXXX5635-ZHQ06727-NAGPUR 421477224390,177935985151,"2,000.00",,683160.06
20/02/25,UPI-Ola Cabs-olamoney@ola-567990672062-DR VIA UPI,013669105014,180.37,,682979.69
20/02/25,UPI-TSSPDCL-tsspdclpayment@upi-791266213879-DR VIA UPI,721863445784,750.75,,682228.94
20/02/25,UPI-Rapido-rapido@icici-613897354831-DR VIA UPI,207132737573,550.02,,681678.92
20/02/25,UPI-Paytm Mall-paytm@paytm-888589961101-DR VIA UPI,226344804900,"1,540.34",,680138.58
22/02/25,UPI-Vijay Chaudhary-vijaychau86@kotak-680466842472-DR VIA UPI,689460528840,"11,150.83",,668987.75
22/02/25,NEFT*N6636524158335/Arvind Ltd/CR,734140191540,,"8,000.15",676987.90
23/02/25,UPI-Ritu Shukla-4617411121@ibl-157627756455-CR VIA UPI,497309103452,,"6,350.15",683338.05
24/02/25,UPI-Dunzo-dunzo@razorpay-439170465281-DR VIA UPI,842988053792,"2,240.29",,681097.76
24/02/25,UPI-Himanshu Mehta-himanshu.mehta@oksbi-181898873873-DR VIA UPI,667179552977,"21,250.58",,659847.18
25/02/25,UPI-Zomato-zomato@axisbank-795489671942-DR VIA UPI,691476450171,140.31,,659706.87
25/02/25,UPI-Naveen Rao-naveen.rao@ptsbi-035877583546-DR VIA UPI,672418801649,"11,400.31",,648306.56
26/02/25,UPI-Jio Recharge-jio@paytm-084988969432-DR VIA UPI,390562738572,329.00,,647977.56
26/02/25,UPI-Uber India-uber@paytm-050061358282-DR VIA UPI,937248474303,"2,690.47",,645287.09
26/02/25,POS BHARAT PETROLEUM NAGPUR,342835594436,"1,150.55",,644136.54
26/02/25,UPI-Amazon Pay-amazon@apl-061208854146-DR VIA UPI,017334316095,930.55,,643205.99
26/02/25,UPI-Ravi Roy-ravi.roy@paytm-525080802236-CR VIA UPI,956904426029,,"14,550.42",657756.41
27/02/25,UPI-Dinesh Ghosh-9266577175@pthdfc-156457636467-DR VIA UPI,973431481411,"20,300.60",,637455.81
27/02/25,POS VISHAL MEGA MART NAGPUR,994398741167,"2,800.66",,634655.15
27/02/25,POS RELIANCE PETROLEUM NAGPUR,781599265186,"3,750.26",,630904.89
27/02/25,UPI-Ravi Kapoor-ravi815@ptyes-865188074964-CR VIA UPI,502121049448,,"11,050.66",641955.55
28/02/25,UPI-Swiggy-swiggy@icici-858870559021-DR VIA UPI,715729523575,540.63,,641414.92
28/02/25,UPI-Vishal Sen-7655520244@okicici-506656807388-CR VIA UPI,307868917260,,"20,700.28",662115.20
01/03/25,UPI-Amazon Pay-amazon@apl-697097723393-DR VIA UPI,065758747029,180.35,,661934.85
01/03/25,UPI-Maya Banerjee-mayabane30@pthdfc-036931501273-CR VIA UPI,824740538483,,"4,650.12",666584.97
01/03/25,UPI-Jio Recharge-jio@paytm-290232068990-DR VIA UPI,584023016895,"2,600.43",,663984.54
01/03/25,POS V MART NAGPUR,634280834630,"7,150.13",,656834.41
01/03/25,UPI-Vijay Kapoor-vijay743@upi-899567513505-DR VIA UPI,109137140704,"9,550.20",,647284.21
01/03/25,UPI-Ola Cabs-olamoney@ola-342670682068-DR VIA UPI,504839610337,"2,350.69",,644933.52
02/03/25,SALARY-S3401650043860/NEFT/Patni Computer Systems,802625258896,,"133,551.45",778484.97
02/03/25,UPI-Blinkit-blinkit@kotak-392410177371-DR VIA UPI,758901825799,290.71,,778194.26
02/03/25,UPI-Rapido-rapido@icici-738429102911-DR VIA UPI,134382928216,100.26,,778094.00
02/03/25,POS VISHAL MEGA MART NAGPUR,089041969794,"3,350.37",,774743.63
03/03/25,UPI-Rakesh Rao-rakesh.rao@ptsbi-111396492312-CR VIA UPI,188273900169,,"21,550.45",796294.08
04/03/25,UPI-Jio Recharge-jio@paytm-874346396780-DR VIA UPI,713112021596,809.00,,795485.08
04/03/25,UPI-PhonePe Merchant-phonepe@ybl-787360815693-DR VIA UPI,928803536788,"1,000.78",,794484.30
04/03/25,UPI-Zomato-zomato@axisbank-556471547260-DR VIA UPI,414362548673,"1,980.05",,792504.25
04/03/25,UPI-Jio Recharge-jio@paytm-310633393688-DR VIA UPI,357380214251,240.70,,792263.55
05/03/25,POS BRAND FACTORY NAGPUR,188704457615,"6,350.14",,785913.41
05/03/25,ECS-NACH-LN036712399449-Tata Capital Finance,228737340744,"10,500.00",,775413.41
07/03/25,ECS-NACH-RNT4011072-RENT MANDATE,186978424601,"21,500.00",,753913.41
07/03/25,UPI-Paytm Mall-paytm@paytm-085067421266-DR VIA UPI,739113055638,"1,190.53",,752722.88
07/03/25,UPI-Vandana Roy-3508222381@axl-478741281534-DR VIA UPI,904355499530,"1,350.74",,751372.14
07/03/25,UPI-Swiggy-swiggy@icici-993482582856-DR VIA UPI,626839970320,"2,410.97",,748961.17
08/03/25,UPI-SBI Life Insurance-licindia@licindia-481813734246-DR VIA UPI,872960164605,"7,000.00",,741961.17
08/03/25,UPI-Ashish Gupta-ashish.gupta@ybl-081465662878-DR VIA UPI,196703491805,"2,250.63",,739710.54
09/03/25,UPI-Nykaa-nykaa@razorpay-295986334850-DR VIA UPI,713286993266,"5,050.51",,734660.03
09/03/25,UPI-Yogesh Gupta-0335734433@ptaxis-472301667575-DR VIA UPI,336471996533,"2,100.09",,732559.94
10/03/25,UPI-Seema Sen-7162508086@paytm-753305489557-CR VIA UPI,807473323597,,"2,050.18",734610.12
10/03/25,POS V MART NAGPUR,290714216961,"7,950.65",,726659.47
10/03/25,UPI-TSSPDCL-tsspdclpayment@upi-029612857148-DR VIA UPI,190920613314,"2,800.94",,723858.53
11/03/25,UPI-Sanjay Singh-3978589832@ptsbi-440200861509-DR VIA UPI,792142578408,"7,100.35",,716758.18
11/03/25,UPI-Jio Recharge-jio@paytm-658037720508-DR VIA UPI,156833555321,949.00,,715809.18
11/03/25,ATW-XXXXXX6329-JNJ76447-NAGPUR 343734118591,061233369379,"5,000.00",,710809.18
11/03/25,UPI-Nikhil Chaudhary-nikhil.chaudhary@pthdfc-903407069794-CR VIA UPI,085083932736,,"1,850.05",712659.23
12/03/25,UPI-Dinesh Bajaj-dinesh772@pthdfc-491500061230-DR VIA UPI,919200261024,"16,650.19",,696009.04
12/03/25,UPI-Uber India-uber@paytm-110572616456-DR VIA UPI,107935580666,220.66,,695788.38
12/03/25,POS MAX FASHION NAGPUR,717417929744,"5,950.64",,689837.74
13/03/25,UPI-Sanjay Thapar-sanjay.thapar@apl-336351154914-CR VIA UPI,722317652335,,"14,750.76",704588.50
14/03/25,UPI-Mamta Tiwari-mamta823@axl-220224333655-DR VIA UPI,372161060891,"4,450.16",,700138.34
14/03/25,UPI-Flipkart-flipkart@ybl-076393456024-DR VIA UPI,723593876949,880.05,,699258.29
14/03/25,POS MORE SUPER MARKET NAGPUR,052986429348,"8,250.94",,691007.35
15/03/25,POS RELIANCE PETROLEUM NAGPUR,252884194483,"3,350.00",,687657.35
15/03/25,UPI-Divya Nambiar-divyanamb98@upi-357237992950-DR VIA UPI,230242012014,"3,300.63",,684356.72
15/03/25,UPI-Meesho-meesho@ybl-297105478586-DR VIA UPI,539664647371,500.69,,683856.03
16/03/25,UPI-Rapido-rapido@icici-651764127683-DR VIA UPI,826497148055,420.60,,683435.43
16/03/25,UPI-Rekha Srivastava-rekha.srivastava@axl-063094561254-DR VIA UPI,985865299854,"2,100.39",,681335.04
16/03/25,ECS-NACH-SIP2325958-Mirae Asset MF,793034170998,"14,000.00",,667335.04
16/03/25,UPI-Meesho-meesho@ybl-288221707487-DR VIA UPI,503486050009,"2,550.69",,664784.35
17/03/25,UPI-Amazon Pay-amazon@apl-942209115587-DR VIA UPI,944504742628,"2,150.48",,662633.87
17/03/25,UPI-Sarita Shah-sarita799@pthdfc-449815363494-CR VIA UPI,798749476330,,"19,550.29",682184.16
18/03/25,UPI-Jyoti Joshi-9551520052@axl-338835816146-DR VIA UPI,399915954550,"10,450.65",,671733.51
20/03/25,UPI-Indane Gas-indanegas@upi-011808682981-DR VIA UPI,171464514112,"1,200.48",,670533.03
20/03/25,UPI-Sachin Pillai-sachin.pillai@upi-998588521803-CR VIA UPI,647957997569,,"4,000.20",674533.23
22/03/25,ATW-XXXXXX6072-XFE71962-NAGPUR 884864529499,073624993977,"5,500.00",,669033.23
23/03/25,UPI-Rapido-rapido@icici-232145058034-DR VIA UPI,586037519646,740.90,,668292.33
23/03/25,ATW-XXXXXX8099-QOH00349-NAGPUR 106289366735,377760420374,"8,500.00",,659792.33
23/03/25,UPI-Prashant Sethi-prashantseth84@kotak-046368505021-DR VIA UPI,069025924765,"12,050.39",,647741.94
24/03/25,POS BHARAT PETROLEUM NAGPUR,729658440254,"1,400.30",,646341.64
24/03/25,POS BHARAT PETROLEUM NAGPUR,299434275900,"4,100.64",,642241.00
24/03/25,UPI-Paytm Mall-paytm@paytm-871271072451-DR VIA UPI,283807709784,"1,340.25",,640900.75
25/03/25,UPI-Jio Recharge-jio@paytm-456526836803-DR VIA UPI,106205052899,859.00,,640041.75
26/03/25,UPI-Jio Recharge-jio@paytm-450737393292-DR VIA UPI,649298608299,409.00,,639632.75
26/03/25,UPI-Ola Cabs-olamoney@ola-667616617792-DR VIA UPI,355122207410,"1,550.16",,638082.59
27/03/25,UPI-Hathway-broadband@paytm-017982871996-DR VIA UPI,606871001076,349.00,,637733.59
28/03/25,POS INDIAN OIL NAGPUR,892435335589,"1,350.33",,636383.26
28/03/25,INTEREST CREDIT,163001157403,,325.34,636708.60
28/03/25,UPI-Jio Recharge-jio@paytm-168781765530-DR VIA UPI,343695278245,"1,890.90",,634817.70
29/03/25,UPI-Sunita Tiwari-sunitatiwa85@okicici-405083094057-CR VIA UPI,943158781010,,"13,950.12",648767.82
29/03/25,UPI-Jio Recharge-jio@paytm-376019694097-DR VIA UPI,766202662489,719.00,,648048.82
30/03/25,POS BRAND FACTORY NAGPUR,821951426466,450.70,,647598.12
30/03/25,UPI-Swati Thapar-swatithap53@oksbi-297135453122-DR VIA UPI,726613756693,"14,900.82",,632697.30
30/03/25,ATW-XXXXXX4572-OIP27800-NAGPUR 473037263040,824132074532,"1,500.00",,631197.30
30/03/25,UPI-Manish Shah-manish.shah@okhdfcbank-058504898234-DR VIA UPI,700934987982,"20,800.43",,610396.87
31/03/25,GST ON CHARGES,820992393642,45.00,,610351.87
31/03/25,MOBILE BANKING CHARGES,779283722914,250.00,,610101.87
02/04/25,UPI-BigBasket-bigbasket@ybl-154807660183-DR VIA UPI,393898124672,380.22,,609721.65
03/04/25,SALARY-S0844896400749/NEFT/Patni Computer Systems,166444459392,,"131,557.45",741279.10
03/04/25,UPI-Nykaa-nykaa@razorpay-055904164978-DR VIA UPI,787760425491,"1,200.19",,740078.91
03/04/25,UPI-Kapil Mukherjee-kapilmukh78@okhdfcbank-316206639287-CR VIA UPI,065359815376,,"14,050.84",754129.75
05/04/25,POS MAX FASHION NAGPUR,930699901526,850.76,,753278.99
05/04/25,UPI-Hathway-broadband@paytm-136485148618-DR VIA UPI,524978041974,949.00,,752329.99
06/04/25,POS CENTRAL MALL NAGPUR,988280575632,"6,900.61",,745429.38
06/04/25,UPI-Sonia Das-1343615590@paytm-679902114189-CR VIA UPI,046169302528,,"20,350.47",765779.85
07/04/25,ECS-NACH-RNT5938274-RENT MANDATE,664605098570,"21,500.00",,744279.85
08/04/25,UPI-BigBasket-bigbasket@ybl-061548341527-DR VIA UPI,443788596694,"2,020.52",,742259.33
08/04/25,UPI-Rajan Roy-rajanroy59@pthdfc-672719192781-CR VIA UPI,368709967290,,"12,750.52",755009.85
08/04/25,UPI-Amazon Pay-amazon@apl-145095623642-DR VIA UPI,208479907064,740.52,,754269.33
08/04/25,UPI-Amazon Pay-amazon@apl-195199199116-DR VIA UPI,472005609075,"1,630.92",,752638.41
08/04/25,UPI-Rapido-rapido@icici-762935337600-DR VIA UPI,404049046414,450.32,,752188.09
11/04/25,ECS-NACH-LN036712399449-Tata Capital Finance,746189265026,"10,500.00",,741688.09
11/04/25,UPI-SBI Life Insurance-licindia@licindia-124331173209-DR VIA UPI,119362330432,"7,000.00",,734688.09
12/04/25,UPI-Uber India-uber@paytm-647314037512-DR VIA UPI,778513051356,"2,690.85",,731997.24
12/04/25,POS INDIAN OIL NAGPUR,176683123943,"2,850.20",,729147.04
13/04/25,ATW-XXXXXX2563-DUI02170-NAGPUR 315967345335,950754609777,"9,000.00",,720147.04
13/04/25,ATW-XXXXXX0075-WVO02084-NAGPUR 046540383225,957479958340,"6,000.00",,714147.04
13/04/25,UPI-BigBasket-bigbasket@ybl-713063607551-DR VIA UPI,806537275046,350.72,,713796.32
14/04/25,NEFT*N6499934971980/Wipro Limited/CR,580531521310,,"41,000.05",754796.37
14/04/25,UPI-Pooja Thapar-9773960545@aubank-188182119166-CR VIA UPI,680280543681,,950.07,755746.44
15/04/25,UPI-Vivek Jain-vivek663@apl-955214282918-DR VIA UPI,951411762301,"16,150.15",,739596.29
15/04/25,UPI-Netmeds-netmeds@paytm-648047504576-DR VIA UPI,697913620125,"2,010.19",,737586.10
16/04/25,UPI-MakeMyTrip-makemytrip@axisbank-075787212274-DR VIA UPI,208027343860,399.00,,737187.10
17/04/25,UPI-Indane Gas-indanegas@upi-876060220341-DR VIA UPI,279411214356,800.20,,736386.90
18/04/25,UPI-Uber India-uber@paytm-210904224147-DR VIA UPI,759944985701,380.95,,736005.95
18/04/25,UPI-Rapido-rapido@icici-840753053467-DR VIA UPI,502864759686,660.61,,735345.34
18/04/25,UPI-BigBasket-bigbasket@ybl-261029489749-DR VIA UPI,866164634976,"1,300.83",,734044.51
18/04/25,UPI-Amazon Pay-amazon@apl-203793806848-DR VIA UPI,292405333444,"1,900.27",,732144.24
18/04/25,UPI-Dunzo-dunzo@razorpay-545404863019-DR VIA UPI,126344716407,760.59,,731383.65
19/04/25,UPI-Kavita Mehta-kavita.mehta@aubank-296144850567-CR VIA UPI,106182421686,,"3,500.34",734883.99
19/04/25,POS D MART NAGPUR,619280105342,"3,450.33",,731433.66
19/04/25,UPI-Rapido-rapido@icici-482342653476-DR VIA UPI,009214900986,770.75,,730662.91
19/04/25,ECS-NACH-SIP6190458-Mirae Asset MF,139450318370,"14,000.00",,716662.91
20/04/25,POS VISHAL MEGA MART NAGPUR,901396310764,900.46,,715762.45
20/04/25,UPI-Mamta Singh-mamtasing60@axl-705064758008-CR VIA UPI,034178944284,,"13,600.23",729362.68
21/04/25,UPI-Swiggy-swiggy@icici-943002012899-DR VIA UPI,290091509786,240.54,,729122.14
23/04/25,UPI-Akash Dubey-akash620@ptyes-581621547274-CR VIA UPI,145797356819,,"19,800.87",748923.01
23/04/25,UPI-Rapido-rapido@icici-346651852990-DR VIA UPI,210140145517,450.48,,748472.53
23/04/25,UPI-Anjali Verma-anjali.verma@kotak-422167267191-DR VIA UPI,564746226056,"16,600.36",,731872.17
23/04/25,UPI-TSSPDCL-tsspdclpayment@upi-747523077351-DR VIA UPI,915631381999,800.91,,731071.26
24/04/25,UPI-PhonePe Merchant-phonepe@ybl-172359744758-DR VIA UPI,237042790292,"2,150.23",,728921.03
24/04/25,UPI-Jio Recharge-jio@paytm-592620651668-DR VIA UPI,818409828224,619.00,,728302.03
24/04/25,POS RELIANCE MART NAGPUR,970568532394,"4,650.85",,723651.18
25/04/25,UPI-Hotstar-hotstar@hdfcbank-271118662155-DR VIA UPI,000603342168,299.00,,723352.18
26/04/25,UPI-Jio Recharge-jio@paytm-934654408903-DR VIA UPI,996535160800,789.00,,722563.18
26/04/25,UPI-Jio Recharge-jio@paytm-027101969965-DR VIA UPI,750139328025,399.00,,722164.18
26/04/25,UPI-Swiggy-swiggy@icici-517893290018-DR VIA UPI,084283042480,"1,600.79",,720563.39
27/04/25,UPI-Swiggy-swiggy@icici-046382929623-DR VIA UPI,741223100519,"1,700.02",,718863.37
27/04/25,UPI-Ola Cabs-olamoney@ola-615495436846-DR VIA UPI,159844447198,130.82,,718732.55
28/04/25,POS METRO CASH CARRY NAGPUR,624239449298,"5,900.75",,712831.80
28/04/25,UPI-BSNL Broadband-bsnlbroadband@upi-626406518048-DR VIA UPI,894855371568,630.08,,712201.72
28/04/25,UPI-Himanshu Yadav-7805473742@ptsbi-610920425397-DR VIA UPI,925218783505,"17,800.30",,694401.42
30/04/25,MOBILE BANKING CHARGES,473129743170,150.00,,694251.42
30/04/25,GST ON CHARGES,317058623238,27.00,,694224.42
30/04/25,POS HP PETROL PUMP NAGPUR,036349683520,"3,950.61",,690273.81
01/05/25,UPI-Dunzo-dunzo@razorpay-874327405527-DR VIA UPI,036707155407,"2,550.86",,687722.95
01/05/25,POS CENTRAL MALL NAGPUR,556797112684,"8,400.23",,679322.72
02/05/25,UPI-Zomato-zomato@axisbank-461223352551-DR VIA UPI,828531954886,"1,870.91",,677451.81
02/05/25,ATW-XXXXXX2554-FZG63583-NAGPUR 944261802917,268194884346,"1,000.00",,676451.81
02/05/25,UPI-BSNL Broadband-bsnlbroadband@upi-232295718717-DR VIA UPI,279765364644,"1,320.14",,675131.67
03/05/25,UPI-Himanshu Pandey-himanshupand74@okhdfcbank-783027058490-CR VIA UPI,469210842071,,"14,950.45",690082.12
03/05/25,IMPS-594084833038-Sarita Pillai-UCBA-XXXXXXX6626-IMPSTXN,891487480373,"13,600.48",,676481.64
03/05/25,UPI-Naveen Jain-naveenjain38@ptsbi-494797755862-DR VIA UPI,003190424190,"8,850.22",,667631.42
03/05/25,SALARY-S3659108345607/NEFT/Patni Computer Systems,087127849952,,"133,082.45",800713.87
04/05/25,POS RELIANCE PETROLEUM NAGPUR,557352580949,"2,650.39",,798063.48
06/05/25,UPI-Jio Recharge-jio@paytm-751882827394-DR VIA UPI,522900067746,319.00,,797744.48
06/05/25,UPI-Kamal Reddy-kamalredd31@aubank-075830129807-CR VIA UPI,927827546139,,"20,050.37",817794.85
07/05/25,UPI-Dunzo-dunzo@razorpay-329928693453-DR VIA UPI,866056274055,"1,320.40",,816474.45
07/05/25,POS METRO CASH CARRY NAGPUR,021521867388,"3,900.52",,812573.93
07/05/25,UPI-SBI Life Insurance-licindia@licindia-274359562089-DR VIA UPI,433284516367,"7,000.00",,805573.93
08/05/25,ECS-NACH-RNT2159135-RENT MANDATE,505155071942,"21,500.00",,784073.93
09/05/25,ATW-XXXXXX3893-DAT09855-NAGPUR 363168270661,237519669788,"7,500.00",,776573.93
09/05/25,UPI-Jio Recharge-jio@paytm-478621215290-DR VIA UPI,538682083644,729.00,,775844.93
10/05/25,ECS-NACH-LN036712399449-Tata Capital Finance,542280256487,"10,500.00",,765344.93
10/05/25,UPI-Sapna Joshi-0381447710@aubank-122680733346-CR VIA UPI,948792421086,,"21,650.07",786995.00
10/05/25,UPI-Rapido-rapido@icici-957937851763-DR VIA UPI,706759661496,160.00,,786835.00
11/05/25,ECS-NACH-SIP0324761-Mirae Asset MF,489865445299,"14,000.00",,772835.00
11/05/25,UPI-Dunzo-dunzo@razorpay-623976813576-DR VIA UPI,016376763062,640.47,,772194.53
12/05/25,UPI-Uber India-uber@paytm-119151415006-DR VIA UPI,794482991124,"2,140.48",,770054.05
12/05/25,UPI-Rahul Pillai-rahulpill17@ybl-900881230069-DR VIA UPI,670877178762,"8,900.36",,761153.69
12/05/25,ATW-XXXXXX9919-JTU59056-NAGPUR 023803941228,499936019401,"3,000.00",,758153.69
12/05/25,UPI-Ola Cabs-olamoney@ola-981706380022-DR VIA UPI,307455728365,250.26,,757903.43
13/05/25,UPI-TSSPDCL-tsspdclpayment@upi-497090012536-DR VIA UPI,293670061049,"1,550.42",,756353.01
13/05/25,UPI-Arjun Desai-arjun.desai@kotak-380531542721-CR VIA UPI,438526544037,,"10,600.44",766953.45
14/05/25,UPI-Harish Ahuja-harishahuj30@ptyes-793026144789-CR VIA UPI,072447738534,,"5,600.87",772554.32
15/05/25,UPI-Practo-practo@paytm-615473828639-DR VIA UPI,504343228419,999.00,,771555.32
15/05/25,UPI-Amazon Pay-amazon@apl-963717159641-DR VIA UPI,414498174494,"1,100.56",,770454.76
15/05/25,UPI-Uber India-uber@paytm-435458941936-DR VIA UPI,527455840344,"1,200.15",,769254.61
16/05/25,UPI-Rajesh Patel-rajeshpate67@upi-872942695989-CR VIA UPI,410219733623,,800.41,770055.02
16/05/25,UPI-Kunal Naik-kunal.naik@apl-429832749013-CR VIA UPI,610236166222,,"5,600.64",775655.66
16/05/25,UPI-Apollo Pharmacy-apollopharmacy@ybl-623749057056-DR VIA UPI,309488488102,"1,250.92",,774404.74
16/05/25,UPI-Dunzo-dunzo@razorpay-963689086359-DR VIA UPI,369837796994,"1,890.75",,772513.99
17/05/25,UPI-Paytm Mall-paytm@paytm-451751153953-DR VIA UPI,030534073885,"2,110.24",,770403.75
17/05/25,UPI-Poonam Das-poonamdas42@paytm-887195332953-CR VIA UPI,427770640034,,"19,250.61",789654.36
18/05/25,UPI-Paytm Mall-paytm@paytm-523050822364-DR VIA UPI,181164879941,"2,530.14",,787124.22
18/05/25,UPI-Zepto-zepto@apl-770742589868-DR VIA UPI,747842237234,"2,480.04",,784644.18
19/05/25,UPI-Rapido-rapido@icici-475919669471-DR VIA UPI,838414081343,540.31,,784103.87
19/05/25,UPI-Paytm Mall-paytm@paytm-206511774145-DR VIA UPI,477319712942,"1,710.20",,782393.67
19/05/25,UPI-Jio Recharge-jio@paytm-494653490650-DR VIA UPI,049249876343,250.61,,782143.06
19/05/25,UPI-Vijay Naik-vijaynaik45@aubank-901196899465-CR VIA UPI,661897953658,,"15,200.62",797343.68
19/05/25,UPI-Jio Recharge-jio@paytm-621437773881-DR VIA UPI,218535086716,689.00,,796654.68
19/05/25,UPI-Maya Desai-1817625513@kotak-892792271523-DR VIA UPI,467352588663,"19,150.68",,777504.00
19/05/25,UPI-Amazon Pay-amazon@apl-113122346972-DR VIA UPI,892820138268,580.38,,776923.62
20/05/25,UPI-Uber India-uber@paytm-637462262641-DR VIA UPI,191260886596,710.81,,776212.81
20/05/25,UPI-Dunzo-dunzo@razorpay-040660531342-DR VIA UPI,290513051953,"2,350.04",,773862.77
20/05/25,UPI-Indane Gas-indanegas@upi-155126954882-DR VIA UPI,468307881291,"1,300.94",,772561.83
22/05/25,UPI-Pallavi Srivastava-pallavisriv26@ptaxis-623590556473-DR VIA UPI,389673852822,"17,800.54",,754761.29
23/05/25,UPI-Jio Recharge-jio@paytm-007109455368-DR VIA UPI,844002315503,"1,730.15",,753031.14
24/05/25,UPI-Preeti Ghosh-5305488571@ibl-123868262606-DR VIA UPI,568159764991,"13,900.57",,739130.57
24/05/25,UPI-Arjun Rao-arjunrao70@ptyes-841926613098-DR VIA UPI,241136633217,"21,000.62",,718129.95
24/05/25,UPI-Rapido-rapido@icici-215210800936-DR VIA UPI,292767297671,530.80,,717599.15
25/05/25,UPI-Hathway-broadband@paytm-894968534858-DR VIA UPI,960707741981,"1,299.00",,716300.15
25/05/25,ATW-XXXXXX9664-PBY06733-NAGPUR 862330242008,415922688532,"6,500.00",,709800.15
26/05/25,UPI-Seema Saxena-seema378@ybl-208067889991-CR VIA UPI,326744182547,,"7,100.96",716901.11
27/05/25,UPI-Dunzo-dunzo@razorpay-603770528778-DR VIA UPI,449050916402,"1,240.71",,715660.40
27/05/25,UPI-Ravi Verma-2496344367@okaxis-621200502312-DR VIA UPI,007196485789,"16,450.48",,699209.92
28/05/25,GST ON CHARGES,669707848097,28.80,,699181.12
28/05/25,MOBILE BANKING CHARGES,486062513588,160.00,,699021.12
28/05/25,UPI-Dunzo-dunzo@razorpay-255269618753-DR VIA UPI,236839714693,"1,830.32",,697190.80
30/05/25,POS RELIANCE PETROLEUM NAGPUR,752149687209,"3,400.54",,693790.26
30/05/25,POS RELIANCE MART NAGPUR,848836335558,"5,400.08",,688390.18
30/05/25,UPI-Anil Reddy-anilredd39@ptyes-453012555378-CR VIA UPI,298569352570,,"6,900.19",695290.37
30/05/25,UPI-Dinesh Tiwari-8725560908@okhdfcbank-470075124959-DR VIA UPI,074390535636,"17,550.69",,677739.68
01/06/25,UPI-Girish Pillai-girishpill99@ptaxis-633737142150-CR VIA UPI,087944746573,,"6,550.25",684289.93
02/06/25,POS RELIANCE PETROLEUM NAGPUR,427292199482,"2,250.75",,682039.18
02/06/25,POS VISHAL MEGA MART NAGPUR,005589671733,600.90,,681438.28
02/06/25,UPI-BigBasket-bigbasket@ybl-388879673749-DR VIA UPI,507086476350,"1,820.72",,679617.56
02/06/25,UPI-Neha Kapoor-neha417@aubank-955295647822-CR VIA UPI,111350541545,,"20,800.45",700418.01
02/06/25,POS HP PETROL PUMP NAGPUR,059465638573,"4,100.45",,696317.56
03/06/25,POS STAR BAZAAR NAGPUR,899028036398,"2,150.23",,694167.33
03/06/25,UPI-PhonePe Merchant-phonepe@ybl-596617439589-DR VIA UPI,073043309349,380.73,,693786.60
03/06/25,SALARY-S1873116710116/NEFT/Patni Computer Systems,051251489851,,"132,790.45",826577.05
04/06/25,ECS-NACH-RNT1782841-RENT MANDATE,063567288238,"21,500.00",,805077.05
04/06/25,UPI-SBI Life Insurance-licindia@licindia-999153659481-DR VIA UPI,079359741368,"7,000.00",,798077.05
04/06/25,UPI-Krishna Naik-krishna494@ptyes-077456125227-DR VIA UPI,327933872662,400.13,,797676.92
05/06/25,UPI-Uber India-uber@paytm-813101859823-DR VIA UPI,864507639426,490.84,,797186.08
05/06/25,UPI-Hathway-broadband@paytm-351792360973-DR VIA UPI,717697602363,799.00,,796387.08
07/06/25,UPI-Manish Shah-manishshah97@ybl-753694421575-DR VIA UPI,143404862901,"11,300.00",,785087.08
08/06/25,UPI-Priya Rao-priyarao87@okaxis-542912764814-DR VIA UPI,620413783321,"20,850.32",,764236.76
08/06/25,UPI-Ola Cabs-olamoney@ola-750321203422-DR VIA UPI,947149176949,520.49,,763716.27
09/06/25,UPI-Saurabh Shah-4890404352@aubank-694493483526-CR VIA UPI,440735864495,,"17,900.47",781616.74
09/06/25,POS D MART NAGPUR,327639915803,"7,600.99",,774015.75
10/06/25,ECS-NACH-LN036712399449-Tata Capital Finance,836677558080,"10,500.00",,763515.75
10/06/25,UPI-Flipkart-flipkart@ybl-115206399816-DR VIA UPI,695739325006,250.68,,763265.07
10/06/25,UPI-Ola Cabs-olamoney@ola-630473767545-DR VIA UPI,267365947000,100.56,,763164.51
10/06/25,POS D MART NAGPUR,714334438572,"4,950.69",,758213.82
11/06/25,UPI-Archana Jain-archana.jain@pthdfc-879477776778-DR VIA UPI,475315579564,"2,000.28",,756213.54
11/06/25,UPI-Sunita Verma-sunita.verma@oksbi-766459215094-DR VIA UPI,254195012124,"1,650.98",,754562.56
11/06/25,UPI-Zomato-zomato@axisbank-625498657513-DR VIA UPI,377870536113,"2,360.54",,752202.02
12/06/25,UPI-Ola Cabs-olamoney@ola-938172623059-DR VIA UPI,626314570392,760.51,,751441.51
12/06/25,ATW-XXXXXX9656-KHL06456-NAGPUR 442363666420,011786557464,"8,500.00",,742941.51
12/06/25,ATW-XXXXXX4365-GHY72384-NAGPUR 334557660202,561458967012,"2,500.00",,740441.51
13/06/25,UPI-Rajan Sharma-rajan.sharma@pthdfc-859873516502-DR VIA UPI,967671692770,"13,700.50",,726741.01
13/06/25,UPI-Saurabh Mehta-saurabh.mehta@ibl-779474186198-DR VIA UPI,818469830792,"3,050.82",,723690.19
15/06/25,UPI-Kiran Desai-1162859721@ptsbi-904510127071-DR VIA UPI,648523133452,"11,150.94",,712539.25
16/06/25,UPI-Jio Recharge-jio@paytm-917692429814-DR VIA UPI,215391105902,289.00,,712250.25
16/06/25,UPI-Rekha Chatterjee-9582998216@upi-903928207384-CR VIA UPI,933121160801,,"6,700.27",718950.52
16/06/25,UPI-Paytm Mall-paytm@paytm-209828927319-DR VIA UPI,018156049347,"1,500.44",,717450.08
16/06/25,UPI-Uber India-uber@paytm-157890168839-DR VIA UPI,466396989677,190.39,,717259.69
16/06/25,UPI-Apollo Pharmacy-apollopharmacy@ybl-863011816575-DR VIA UPI,511619599568,540.63,,716719.06
16/06/25,ECS-NACH-SIP2180518-Mirae Asset MF,482066879270,"14,000.00",,702719.06
17/06/25,UPI-Blinkit-blinkit@kotak-626910858119-DR VIA UPI,602321733165,"1,810.03",,700909.03
17/06/25,UPI-Nykaa-nykaa@razorpay-977736922172-DR VIA UPI,278448869927,199.00,,700710.03
17/06/25,UPI-Meesho-meesho@ybl-474856842311-DR VIA UPI,892795247140,"2,100.33",,698609.70
17/06/25,UPI-Swiggy-swiggy@icici-647145269589-DR VIA UPI,094243392552,390.68,,698219.02
18/06/25,UPI-Rakesh Desai-2462445752@apl-341421093368-DR VIA UPI,933969336893,"5,750.59",,692468.43
18/06/25,ATW-XXXXXX0931-QWB35969-NAGPUR 055913706167,032160910705,"2,500.00",,689968.43
18/06/25,POS HP PETROL PUMP NAGPUR,479008389651,"1,200.67",,688767.76
18/06/25,UPI-Zepto-zepto@apl-082375261471-DR VIA UPI,034730407759,"2,130.88",,686636.88
19/06/25,UPI-BigBasket-bigbasket@ybl-743484906332-DR VIA UPI,695932906002,"2,000.03",,684636.85
19/06/25,UPI-Divya Naik-divya.naik@ptsbi-513247546726-DR VIA UPI,546472489102,"14,900.06",,669736.79
19/06/25,UPI-Maya Yadav-mayayada76@apl-034705145705-CR VIA UPI,368616079848,,"13,100.06",682836.85
20/06/25,UPI-Jio Recharge-jio@paytm-993600360014-DR VIA UPI,057666780247,359.00,,682477.85
21/06/25,UPI-Indane Gas-indanegas@upi-435648043532-DR VIA UPI,012110338280,900.04,,681577.81
21/06/25,UPI-Pallavi Agarwal-1839570956@okaxis-513218934592-DR VIA UPI,777863552395,"3,150.72",,678427.09
22/06/25,UPI-Jio Recharge-jio@paytm-043367808204-DR VIA UPI,874989367270,909.00,,677518.09
22/06/25,POS D MART NAGPUR,752938463721,950.01,,676568.08
22/06/25,UPI-Rahul Chatterjee-rahul150@okhdfcbank-666669120284-CR VIA UPI,131917272842,,"3,850.55",680418.63
23/06/25,UPI-TSSPDCL-tsspdclpayment@upi-747061271020-DR VIA UPI,207997204293,"3,500.67",,676917.96
24/06/25,POS METRO CASH CARRY NAGPUR,337514603120,"6,900.93",,670017.03
25/06/25,UPI-Mahesh Mukherjee-mahesh.mukherjee@apl-241042559002-DR VIA UPI,921954151439,"15,550.59",,654466.44
26/06/25,UPI-Sumit Shukla-sumit.shukla@pthdfc-726212776359-CR VIA UPI,153423103715,,"18,300.75",672767.19
26/06/25,UPI-Nykaa-nykaa@razorpay-497032414467-DR VIA UPI,141004841738,"5,700.45",,667066.74
27/06/25,UPI-Rapido-rapido@icici-059026967659-DR VIA UPI,909950070315,720.92,,666345.82
28/06/25,UPI-Jio Recharge-jio@paytm-724236630150-DR VIA UPI,245820796030,559.00,,665786.82
28/06/25,UPI-Blinkit-blinkit@kotak-661384971874-DR VIA UPI,956307094582,600.33,,665186.49
28/06/25,UPI-Sachin Dubey-0661748246@kotak-178303698432-DR VIA UPI,133984774166,"16,500.11",,648686.38
28/06/25,INTEREST CREDIT,570572779901,,600.25,649286.63
29/06/25,UPI-Sarita Shukla-sarita.shukla@ptyes-026227835116-CR VIA UPI,229943675746,,"18,500.86",667787.49
30/06/25,UPI-Rajan Joshi-rajanjosh81@ybl-410249902111-CR VIA UPI,197424489427,,"5,000.57",672788.06
01/07/25,IMPS-045337602001-Gaurav Mukherjee-BKID-XXXXXXX6642-IMPSTXN,963028823061,"2,900.33",,669887.73
02/07/25,UPI-Paytm Mall-paytm@paytm-059739043203-DR VIA UPI,185541479660,"1,770.14",,668117.59
02/07/25,UPI-Amit Jain-amit508@paytm-565196887692-DR VIA UPI,062725301511,"16,950.79",,651166.80
02/07/25,UPI-Rapido-rapido@icici-602224145658-DR VIA UPI,787213249137,310.22,,650856.58
02/07/25,SALARY-S1398664134638/NEFT/Patni Computer Systems,944920538406,,"132,103.45",782960.03
03/07/25,ECS-NACH-RNT7476296-RENT MANDATE,924708506937,"21,500.00",,761460.03
03/07/25,ATW-XXXXXX6068-KVB38551-NAGPUR 101149690959,050857417325,"4,000.00",,757460.03
04/07/25,UPI-BSNL Broadband-bsnlbroadband@upi-641043907655-DR VIA UPI,922952021235,"2,250.69",,755209.34
04/07/25,POS MAX FASHION NAGPUR,621505786174,"2,900.01",,752309.33
05/07/25,POS RELIANCE PETROLEUM NAGPUR,072882829467,"3,250.98",,749058.35
06/07/25,UPI-Uber India-uber@paytm-225994100225-DR VIA UPI,606112066960,520.18,,748538.17
07/07/25,POS BIG BAZAAR NAGPUR,924835125228,"7,150.06",,741388.11
07/07/25,UPI-Sunil Iyer-suniliyer50@oksbi-493484846219-DR VIA UPI,942955725080,"2,400.94",,738987.17
08/07/25,UPI-Pooja Khanna-poojakhan32@okicici-077794152224-CR VIA UPI,592415077940,,"20,350.45",759337.62
09/07/25,UPI-Anjali Saxena-4132877347@oksbi-765480332015-CR VIA UPI,007663958764,,"18,050.12",777387.74
09/07/25,UPI-SBI Life Insurance-licindia@licindia-509797720891-DR VIA UPI,488624788554,"7,000.00",,770387.74
09/07/25,ECS-NACH-LN036712399449-Tata Capital Finance,283461559474,"10,500.00",,759887.74
09/07/25,UPI-MakeMyTrip-makemytrip@axisbank-435040287725-DR VIA UPI,440126462168,749.00,,759138.74
10/07/25,UPI-MakeMyTrip-makemytrip@axisbank-355149063801-DR VIA UPI,979120298641,649.00,,758489.74
11/07/25,UPI-TSSPDCL-tsspdclpayment@upi-356491794073-DR VIA UPI,385467250752,"1,850.18",,756639.56
11/07/25,NEFT*N7091377666426/NIIT Technologies/CR,918540345134,,"31,000.71",787640.27
12/07/25,UPI-Amit Patil-5865267774@ybl-366006048086-DR VIA UPI,787016258066,"10,900.70",,776739.57
12/07/25,UPI-Hathway-broadband@paytm-853953786297-DR VIA UPI,767742831712,749.00,,775990.57
12/07/25,UPI-Shweta Singh-shweta.singh@axl-620414123418-DR VIA UPI,501839501612,"13,900.46",,762090.11
14/07/25,POS HP PETROL PUMP NAGPUR,170217333293,"1,650.87",,760439.24
14/07/25,UPI-Blinkit-blinkit@kotak-336606372986-DR VIA UPI,642665766323,"1,740.17",,758699.07
14/07/25,UPI-Asha Verma-asha.verma@axl-182580963651-CR VIA UPI,159614738299,,"21,100.14",779799.21
14/07/25,UPI-Radha Reddy-radha764@aubank-190030587281-DR VIA UPI,250298111126,"19,200.58",,760598.63
15/07/25,ATW-XXXXXX9077-FXP14132-NAGPUR 189074811833,372385661391,"9,000.00",,751598.63
16/07/25,UPI-Ramesh Kapoor-ramesh383@aubank-204751051163-DR VIA UPI,260695992650,"17,500.81",,734097.82
16/07/25,UPI-Jio Recharge-jio@paytm-109916103299-DR VIA UPI,704549324782,220.98,,733876.84
17/07/25,UPI-Sachin Mishra-0197878054@okaxis-620283193927-CR VIA UPI,854109451034,,"21,400.87",755277.71
17/07/25,UPI-Manish Ahuja-8611764787@upi-068832602451-DR VIA UPI,705097322244,"17,050.27",,738227.44
17/07/25,ECS-NACH-SIP6207984-Mirae Asset MF,582938965419,"14,000.00",,724227.44
19/07/25,UPI-Ola Cabs-olamoney@ola-722538664643-DR VIA UPI,366899188566,340.99,,723886.45
19/07/25,UPI-Jio Recharge-jio@paytm-766336859022-DR VIA UPI,623713691855,819.00,,723067.45
20/07/25,UPI-Uber India-uber@paytm-356013520789-DR VIA UPI,428049258509,"2,090.84",,720976.61
20/07/25,ATW-XXXXXX0406-DAO33835-NAGPUR 114918090558,275115535069,"6,500.00",,714476.61
20/07/25,UPI-Dunzo-dunzo@razorpay-353793093230-DR VIA UPI,217796937438,470.95,,714005.66
20/07/25,UPI-Kunal Desai-kunal.desai@axl-623665784296-CR VIA UPI,982186927944,,"13,050.89",727056.55
21/07/25,POS MORE SUPER MARKET NAGPUR,205617770988,"5,050.82",,722005.73
22/07/25,ATW-XXXXXX3202-OZD15827-NAGPUR 969988104707,447003325300,"6,500.00",,715505.73
22/07/25,UPI-Divya Verma-divya.verma@pthdfc-265142207167-CR VIA UPI,658002015509,,"15,750.62",731256.35
22/07/25,UPI-Rapido-rapido@icici-748698144201-DR VIA UPI,945703612527,570.37,,730685.98
24/07/25,UPI-PhonePe Merchant-phonepe@ybl-641908501720-DR VIA UPI,536790385379,"1,950.35",,728735.63
24/07/25,UPI-Indane Gas-indanegas@upi-931100212019-DR VIA UPI,221851851500,"1,750.58",,726985.05
24/07/25,UPI-Jio Recharge-jio@paytm-777539425314-DR VIA UPI,006803981534,189.00,,726796.05
25/07/25,POS BRAND FACTORY NAGPUR,563883691712,"5,500.63",,721295.42
26/07/25,UPI-Myntra-myntra@ybl-534211034952-DR VIA UPI,971983182992,"5,950.01",,715345.41
26/07/25,UPI-Ola Cabs-olamoney@ola-382410708534-DR VIA UPI,920728508576,310.00,,715035.41
26/07/25,UPI-Kavya Verma-kavya692@ptyes-696330008119-DR VIA UPI,161819427285,"5,200.01",,709835.40
26/07/25,UPI-Lata Dutta-latadutt54@ptaxis-294969243091-DR VIA UPI,983843263117,"11,700.98",,698134.42
27/07/25,UPI-Mohan Sen-mohan.sen@aubank-486650346531-DR VIA UPI,342259232927,"20,200.77",,677933.65
28/07/25,UPI-Anjali Gupta-anjaligupt57@kotak-279332546325-DR VIA UPI,709038123384,"14,100.61",,663833.04
28/07/25,UPI-Myntra-myntra@ybl-327893522621-DR VIA UPI,404711783811,"5,400.15",,658432.89
29/07/25,UPI-Nykaa-nykaa@razorpay-350033133036-DR VIA UPI,403507361213,"4,650.25",,653782.64
29/07/25,UPI-Ritu Kumar-ritukuma29@paytm-158984665983-CR VIA UPI,283885506783,,"11,900.39",665683.03
30/07/25,UPI-Uber India-uber@paytm-285518425673-DR VIA UPI,237318083216,"1,650.52",,664032.51
30/07/25,UPI-Amazon Pay-amazon@apl-842065791174-DR VIA UPI,648999913279,"1,300.78",,662731.73
31/07/25,POS BHARAT PETROLEUM NAGPUR,917156987998,"3,550.86",,659180.87
31/07/25,UPI-Paytm Mall-paytm@paytm-636811825242-DR VIA UPI,102203684183,"1,990.33",,657190.54
01/08/25,ATW-XXXXXX5507-MZG41074-NAGPUR 371129631859,199583871566,"7,500.00",,649690.54
01/08/25,POS RELIANCE PETROLEUM NAGPUR,665708415777,"2,250.37",,647440.17
04/08/25,SALARY-S7795435386799/NEFT/Patni Computer Systems,917210949313,,"132,479.45",779919.62
05/08/25,UPI-Uber India-uber@paytm-573239281576-DR VIA UPI,939218763994,"1,250.18",,778669.44
05/08/25,UPI-Blinkit-blinkit@kotak-383585932284-DR VIA UPI,873422663570,140.58,,778528.86
06/08/25,ECS-NACH-RNT3536435-RENT MANDATE,033326884203,"21,500.00",,757028.86
06/08/25,ECS-NACH-LN036712399449-Tata Capital Finance,333779149918,"10,500.00",,746528.86
07/08/25,UPI-Amazon Pay-amazon@apl-881380188491-DR VIA UPI,658200391777,550.85,,745978.01
08/08/25,ATW-XXXXXX8784-RAC29978-NAGPUR 251860026867,261036267885,"9,500.00",,736478.01
08/08/25,UPI-Uber India-uber@paytm-396469950261-DR VIA UPI,585934889847,780.62,,735697.39
09/08/25,ATW-XXXXXX5919-YFC30482-NAGPUR 094721512936,180544008050,"1,500.00",,734197.39
09/08/25,POS SHOPPERS STOP NAGPUR,270657078013,700.67,,733496.72
10/08/25,UPI-TSSPDCL-tsspdclpayment@upi-650127476451-DR VIA UPI,522242695259,"2,350.92",,731145.80
10/08/25,UPI-Dunzo-dunzo@razorpay-189020069189-DR VIA UPI,116425163962,"2,360.24",,728785.56
11/08/25,UPI-Rekha Singh-rekha774@ptyes-534166898822-DR VIA UPI,064100204387,"15,850.70",,712934.86
11/08/25,UPI-SBI Life Insurance-licindia@licindia-472430922717-DR VIA UPI,672653360021,"7,000.00",,705934.86
12/08/25,UPI-Nikhil Tiwari-nikhil788@okhdfcbank-028484276110-DR VIA UPI,774181848682,"9,700.11",,696234.75
12/08/25,UPI-Ola Cabs-olamoney@ola-741859377863-DR VIA UPI,653305135676,110.19,,696124.56
12/08/25,ECS-NACH-SIP5965227-Mirae Asset MF,054026764450,"14,000.00",,682124.56
12/08/25,UPI-Suresh Dutta-suresh228@apl-981506273703-CR VIA UPI,371930671971,,"17,600.82",699725.38
13/08/25,UPI-Nikhil Naik-nikhil.naik@aubank-003035380851-CR VIA UPI,360048981293,,"5,000.64",704726.02
14/08/25,UPI-Sonia Chaudhary-sonia633@upi-837799839534-CR VIA UPI,391509780494,,"17,600.02",722326.04
14/08/25,UPI-Hathway-broadband@paytm-111473792082-DR VIA UPI,678761341260,699.00,,721627.04
14/08/25,UPI-Netmeds-netmeds@paytm-039208982394-DR VIA UPI,774662181068,"1,620.56",,720006.48
15/08/25,ATW-XXXXXX6132-MET23368-NAGPUR 197148737994,828126291510,"1,500.00",,718506.48
15/08/25,UPI-Ola Cabs-olamoney@ola-692136447517-DR VIA UPI,651839176468,880.93,,717625.55
15/08/25,IMPS-144979778692-Sarita Chopra-FDRL-XXXXXXX6597-IMPSTXN,785315509529,"44,000.23",,673625.32
16/08/25,UPI-Uber India-uber@paytm-461050984978-DR VIA UPI,843397421606,310.69,,673314.63
16/08/25,UPI-Flipkart-flipkart@ybl-991431471157-DR VIA UPI,850697702645,"1,400.06",,671914.57
16/08/25,UPI-Pallavi Kulkarni-pallavikulk26@okaxis-717316158298-DR VIA UPI,794489708632,"19,400.21",,652514.36
16/08/25,UPI-Amazon Pay-amazon@apl-160847723533-DR VIA UPI,031186423863,"2,740.87",,649773.49
17/08/25,UPI-Uber India-uber@paytm-479711009602-DR VIA UPI,097087283986,280.40,,649493.09
17/08/25,POS MORE SUPER MARKET NAGPUR,570060209909,"7,950.86",,641542.23
17/08/25,POS INDIAN OIL NAGPUR,180098992092,"1,500.52",,640041.71
17/08/25,UPI-Jio Recharge-jio@paytm-847533410292-DR VIA UPI,901810067004,719.00,,639322.71
18/08/25,UPI-Kunal Nair-kunalnair80@ibl-312399658721-CR VIA UPI,216862200670,,"19,250.37",658573.08
18/08/25,UPI-Indane Gas-indanegas@upi-630551415303-DR VIA UPI,079985409506,"1,900.39",,656672.69
18/08/25,POS V MART NAGPUR,944102165988,"1,150.32",,655522.37
18/08/25,UPI-Krishna Bajaj-krishna609@okaxis-649003347768-CR VIA UPI,133353336168,,"6,200.04",661722.41
18/08/25,POS PANTALOONS NAGPUR,146605464435,"3,150.82",,658571.59
19/08/25,UPI-Dunzo-dunzo@razorpay-723653646072-DR VIA UPI,995001189528,"1,710.92",,656860.67
19/08/25,UPI-Rapido-rapido@icici-706307214040-DR VIA UPI,928929474287,270.86,,656589.81
20/08/25,UPI-Paytm Mall-paytm@paytm-359259765607-DR VIA UPI,769167471558,"2,270.29",,654319.52
20/08/25,POS METRO CASH CARRY NAGPUR,247506516029,"7,400.92",,646918.60
20/08/25,UPI-Varsha Thapar-varsha990@ptaxis-341227655845-DR VIA UPI,277485823111,"17,600.87",,629317.73
21/08/25,UPI-Swiggy-swiggy@icici-598842867737-DR VIA UPI,657773924192,"2,660.92",,626656.81
21/08/25,UPI-Practo-practo@paytm-983184060271-DR VIA UPI,522910743593,749.00,,625907.81
21/08/25,ATW-XXXXXX8052-IYO96567-NAGPUR 165476362318,539354590041,"1,000.00",,624907.81
22/08/25,UPI-Kiran Malhotra-0218156168@upi-363389697910-DR VIA UPI,250720959163,"14,650.72",,610257.09
22/08/25,UPI-MakeMyTrip-makemytrip@axisbank-535429435439-DR VIA UPI,507419778786,649.00,,609608.09
23/08/25,POS STAR BAZAAR NAGPUR,961716134716,"5,550.56",,604057.53
23/08/25,UPI-Blinkit-blinkit@kotak-417270302842-DR VIA UPI,854325483031,470.73,,603586.80
23/08/25,UPI-Flipkart-flipkart@ybl-007440818254-DR VIA UPI,818003050266,350.75,,603236.05
24/08/25,UPI-Jio Recharge-jio@paytm-887887142731-DR VIA UPI,365768157341,"2,470.53",,600765.52
25/08/25,UPI-Neha Reddy-neha486@aubank-795962593492-DR VIA UPI,048972068670,"12,850.48",,587915.04
25/08/25,UPI-Paytm Mall-paytm@paytm-206837072231-DR VIA UPI,384963525320,"2,030.46",,585884.58
25/08/25,POS BIG BAZAAR NAGPUR,420405588356,"3,600.14",,582284.44
26/08/25,UPI-Dunzo-dunzo@razorpay-241090905523-DR VIA UPI,556357751607,"1,930.85",,580353.59
27/08/25,ATW-XXXXXX3941-EMA71039-NAGPUR 937200748217,216630471826,"9,000.00",,571353.59
28/08/25,UPI-BigBasket-bigbasket@ybl-709691026091-DR VIA UPI,403849347363,"1,850.84",,569502.75
28/08/25,UPI-Priya Das-priyadas22@okaxis-376983820734-CR VIA UPI,552302520398,,"15,850.91",585353.66
29/08/25,UPI-Jio Recharge-jio@paytm-199637821089-DR VIA UPI,523621106273,879.00,,584474.66
29/08/25,UPI-Mina Joshi-mina313@oksbi-454532062550-CR VIA UPI,623037425790,,"11,950.59",596425.25
30/08/25,POS INDIAN OIL NAGPUR,605718084875,"3,600.45",,592824.80
30/08/25,UPI-Maya Reddy-mayaredd16@axl-203176204409-CR VIA UPI,982079677078,,"17,750.53",610575.33
30/08/25,UPI-Paytm Mall-paytm@paytm-355962263641-DR VIA UPI,531858312976,"1,520.46",,609054.87
31/08/25,UPI-Arjun Malhotra-9419696204@okaxis-569975406186-DR VIA UPI,399943168962,"15,100.32",,593954.55
01/09/25,UPI-Sachin Naik-sachinnaik97@aubank-243541104151-DR VIA UPI,003790241815,"4,400.48",,589554.07
02/09/25,UPI-Hathway-broadband@paytm-189190664110-DR VIA UPI,722325499720,299.00,,589255.07
02/09/25,POS SHELL FUEL STATION NAGPUR,176085937342,"2,450.59",,586804.48
02/09/25,UPI-Paytm Mall-paytm@paytm-074929265774-DR VIA UPI,992956866449,760.30,,586044.18
02/09/25,UPI-Mohan Desai-mohan.desai@ybl-122146929497-CR VIA UPI,296842495003,,"3,900.44",589944.62
03/09/25,UPI-Jio Recharge-jio@paytm-146229922741-DR VIA UPI,875051023666,929.00,,589015.62
03/09/25,UPI-Ola Cabs-olamoney@ola-054565050916-DR VIA UPI,224036841944,350.48,,588665.14
04/09/25,UPI-Amazon Pay-amazon@apl-993904165040-DR VIA UPI,376259981075,"1,690.42",,586974.72
04/09/25,SALARY-S8937292556747/NEFT/Patni Computer Systems,129730681426,,"130,588.45",717563.17
05/09/25,UPI-Ritu Ahuja-rituahuj35@okicici-603710345862-DR VIA UPI,239439116557,"12,400.10",,705163.07
05/09/25,UPI-Rapido-rapido@icici-014123623406-DR VIA UPI,883395481901,750.25,,704412.82
05/09/25,UPI-Girish Agarwal-4885626400@paytm-322915830854-DR VIA UPI,962158135475,"15,650.69",,688762.13
06/09/25,UPI-SBI Life Insurance-licindia@licindia-984647189321-DR VIA UPI,460772033239,"7,000.00",,681762.13
06/09/25,ECS-NACH-LN036712399449-Tata Capital Finance,901369541824,"10,500.00",,671262.13
07/09/25,IMPS-907151586344-Ritu Sethi-BARB-XXXXXXX5044-IMPSTXN,668176951645,"13,100.07",,658162.06
07/09/25,UPI-Pankaj Desai-pankajdesa82@axl-520439073786-CR VIA UPI,912842323874,,"12,600.96",670763.02
08/09/25,POS D MART NAGPUR,425159926721,"5,900.30",,664862.72
08/09/25,ECS-NACH-RNT9391006-RENT MANDATE,728701071606,"21,500.00",,643362.72
09/09/25,UPI-Kavya Singh-kavya.singh@ibl-818650007520-DR VIA UPI,608996103902,"12,900.68",,630462.04
10/09/25,UPI-Rapido-rapido@icici-139075200716-DR VIA UPI,156722714265,900.90,,629561.14
10/09/25,UPI-Kunal Menon-kunal.menon@okaxis-545616878073-CR VIA UPI,751690544267,,"21,100.89",650662.03
10/09/25,UPI-Ramesh Sethi-7327211073@axl-771342440220-DR VIA UPI,005079291953,"12,650.83",,638011.20
10/09/25,UPI-Jio Recharge-jio@paytm-176665880427-DR VIA UPI,025869105715,"2,740.80",,635270.40
12/09/25,UPI-Rapido-rapido@icici-071820622460-DR VIA UPI,797789994621,250.61,,635019.79
12/09/25,UPI-Shivam Agarwal-shivam.agarwal@okhdfcbank-544490165314-DR VIA UPI,706614097654,"15,850.13",,619169.66
12/09/25,UPI-Amazon Pay-amazon@apl-885721517933-DR VIA UPI,214963263456,400.83,,618768.83
12/09/25,UPI-Uber India-uber@paytm-948466803553-DR VIA UPI,994701222029,850.56,,617918.27
12/09/25,UPI-Zepto-zepto@apl-051538976507-DR VIA UPI,625560899188,740.30,,617177.97
12/09/25,UPI-Vandana Mukherjee-vandanamukh53@okaxis-173539383363-CR VIA UPI,009609086868,,"19,050.90",636228.87
13/09/25,UPI-Jio Recharge-jio@paytm-734126710679-DR VIA UPI,168388129004,339.00,,635889.87
13/09/25,UPI-Gaurav Shah-gauravshah69@aubank-628684649551-DR VIA UPI,825840494258,"16,200.10",,619689.77
14/09/25,UPI-Radha Sharma-radha.sharma@okicici-186819501475-CR VIA UPI,909244201541,,"15,800.62",635490.39
14/09/25,UPI-Kavya Reddy-kavya.reddy@axl-425427003780-CR VIA UPI,202918430370,,"16,850.31",652340.70
15/09/25,UPI-Jio Recharge-jio@paytm-490553558659-DR VIA UPI,140614266512,959.00,,651381.70
16/09/25,UPI-Dunzo-dunzo@razorpay-048143690680-DR VIA UPI,989548403603,860.48,,650521.22
16/09/25,UPI-Abhishek Mishra-6255139397@okaxis-458871307970-DR VIA UPI,931822353729,"3,850.08",,646671.14
17/09/25,IMPS-617984394772-Sapna Mehta-UTIB-XXXXXXX9652-IMPSTXN,406949656164,"27,300.09",,619371.05
17/09/25,UPI-Vishal Dutta-vishal455@okaxis-544080390220-DR VIA UPI,523376307984,"13,750.17",,605620.88
17/09/25,ECS-NACH-SIP3330170-Mirae Asset MF,192561535104,"14,000.00",,591620.88
18/09/25,UPI-Meesho-meesho@ybl-315706901861-DR VIA UPI,460224056826,700.03,,590920.85
18/09/25,POS RELIANCE PETROLEUM NAGPUR,882901251518,"2,050.85",,588870.00
19/09/25,UPI-Mamta Agarwal-mamtaagar75@oksbi-013680539156-DR VIA UPI,354193646008,"21,750.97",,567119.03
19/09/25,POS RELIANCE MART NAGPUR,486258500081,"4,000.66",,563118.37
20/09/25,POS V MART NAGPUR,005214135826,"3,750.48",,559367.89
20/09/25,UPI-TSSPDCL-tsspdclpayment@upi-905108309963-DR VIA UPI,266495093022,"3,800.45",,555567.44
20/09/25,UPI-Jio Recharge-jio@paytm-330514994587-DR VIA UPI,542784397105,599.00,,554968.44
21/09/25,UPI-Jio Recharge-jio@paytm-632809846600-DR VIA UPI,600147730540,889.00,,554079.44
21/09/25,UPI-Jio Recharge-jio@paytm-217703962185-DR VIA UPI,368569412341,650.35,,553429.09
22/09/25,UPI-Ola Cabs-olamoney@ola-203345680488-DR VIA UPI,220584813567,840.44,,552588.65
22/09/25,UPI-Indane Gas-indanegas@upi-596133816526-DR VIA UPI,512456657582,"1,300.23",,551288.42
22/09/25,UPI-Sneha Reddy-sneha.reddy@ibl-398005266640-CR VIA UPI,373608000155,,"10,500.03",561788.45
22/09/25,UPI-Uber India-uber@paytm-177995370295-DR VIA UPI,027158540935,"2,230.62",,559557.83
23/09/25,UPI-Ravi Bose-ravi647@kotak-143934890261-DR VIA UPI,683223604887,"19,450.04",,540107.79
23/09/25,UPI-Paytm Mall-paytm@paytm-939636114263-DR VIA UPI,086429409430,"1,880.35",,538227.44
24/09/25,UPI-Amazon Pay-amazon@apl-954651690811-DR VIA UPI,310684472538,"2,530.78",,535696.66
25/09/25,UPI-Dunzo-dunzo@razorpay-860441604802-DR VIA UPI,400351815066,380.84,,535315.82
25/09/25,UPI-Vishal Chatterjee-vishalchat90@okicici-413088503430-CR VIA UPI,492155611570,,"15,050.52",550366.34
25/09/25,UPI-Brijesh Agarwal-brijesh.agarwal@axl-665070301086-CR VIA UPI,454859645156,,"2,350.06",552716.40
26/09/25,UPI-Blinkit-blinkit@kotak-863438000228-DR VIA UPI,522540818269,"2,320.76",,550395.64
26/09/25,UPI-Dunzo-dunzo@razorpay-157566861737-DR VIA UPI,699227946152,"1,730.72",,548664.92
26/09/25,INTEREST CREDIT,441636180895,,195.27,548860.19
27/09/25,UPI-Paytm Mall-paytm@paytm-849832430933-DR VIA UPI,677230928582,"1,070.44",,547789.75
28/09/25,ATW-XXXXXX3727-PUA12312-NAGPUR 593903229071,021871420824,"7,000.00",,540789.75
28/09/25,ATW-XXXXXX4419-LUN53789-NAGPUR 968372130849,481391601910,"2,500.00",,538289.75
28/09/25,UPI-Ola Cabs-olamoney@ola-428502348988-DR VIA UPI,891251329353,"2,150.33",,536139.42
29/09/25,UPI-Zepto-zepto@apl-791033516716-DR VIA UPI,900447313933,"1,060.06",,535079.36
29/09/25,UPI-Harish Pandey-harishpand27@paytm-919546416983-DR VIA UPI,656800744942,"12,600.50",,522478.86
30/09/25,UPI-BigBasket-bigbasket@ybl-919103681830-DR VIA UPI,070604926407,420.55,,522058.31
01/10/25,POS METRO CASH CARRY NAGPUR,075941961100,"6,500.10",,515558.21
01/10/25,POS MORE SUPER MARKET NAGPUR,578274391719,"5,500.73",,510057.48
01/10/25,UPI-Vikas Yadav-vikas301@paytm-545859816157-DR VIA UPI,491234212667,"9,800.91",,500256.57
01/10/25,UPI-Abhishek Menon-abhishekmeno47@kotak-685346711772-DR VIA UPI,361893213958,"19,050.07",,481206.50
02/10/25,SALARY-S3193198734436/NEFT/Patni Computer Systems,841770349247,,"132,041.45",613247.95
02/10/25,UPI-Blinkit-blinkit@kotak-634369373227-DR VIA UPI,824944079778,"1,650.92",,611597.03
02/10/25,POS RELIANCE PETROLEUM NAGPUR,397513511145,"2,000.57",,609596.46
02/10/25,UPI-Meesho-meesho@ybl-961901255856-DR VIA UPI,483058407228,"4,550.22",,605046.24
02/10/25,UPI-Uber India-uber@paytm-138610090893-DR VIA UPI,024467491084,380.28,,604665.96
02/10/25,UPI-Meena Shukla-meena.shukla@ibl-348379495562-DR VIA UPI,796499221371,"21,850.39",,582815.57
02/10/25,UPI-Amazon Pay-amazon@apl-941351644115-DR VIA UPI,295831165651,970.72,,581844.85
03/10/25,UPI-Rani Mishra-2302255455@okhdfcbank-818343977669-CR VIA UPI,091211186175,,"20,350.31",602195.16
03/10/25,POS D MART NAGPUR,249849477864,"2,200.96",,599994.20
04/10/25,POS VISHAL MEGA MART NAGPUR,054326111690,"7,450.03",,592544.17
04/10/25,POS LIFESTYLE STORES NAGPUR,015779482811,"5,100.75",,587443.42
04/10/25,UPI-Paytm Mall-paytm@paytm-705831047516-DR VIA UPI,314137254047,440.54,,587002.88
04/10/25,UPI-Ola Cabs-olamoney@ola-193907816311-DR VIA UPI,658581309615,140.06,,586862.82
04/10/25,UPI-Nisha Gupta-9331058226@okhdfcbank-708711578830-CR VIA UPI,857088277786,,"13,650.56",600513.38
04/10/25,UPI-Paytm Mall-paytm@paytm-492180682704-DR VIA UPI,829250317228,400.12,,600113.26
05/10/25,UPI-Paytm Mall-paytm@paytm-812161679008-DR VIA UPI,425073817431,"2,300.95",,597812.31
07/10/25,ECS-NACH-RNT7148851-RENT MANDATE,972059811107,"21,500.00",,576312.31
07/10/25,UPI-Rahul Ghosh-rahul108@pthdfc-087098333789-DR VIA UPI,349667919066,"15,000.57",,561311.74
07/10/25,UPI-Jio Recharge-jio@paytm-755097300247-DR VIA UPI,182878590574,630.15,,560681.59
08/10/25,ECS-NACH-LN036712399449-Tata Capital Finance,749071520751,"10,500.00",,550181.59
08/10/25,UPI-Zepto-zepto@apl-992013177924-DR VIA UPI,862993101058,"1,340.26",,548841.33
09/10/25,POS LIFESTYLE STORES NAGPUR,197380629432,"1,350.14",,547491.19
09/10/25,UPI-Vandana Sethi-vandanaseth34@oksbi-675198716724-DR VIA UPI,878406127171,"5,650.85",,541840.34
09/10/25,UPI-TSSPDCL-tsspdclpayment@upi-366516709595-DR VIA UPI,107832672230,"3,750.50",,538089.84
09/10/25,POS METRO CASH CARRY NAGPUR,226400585702,"1,850.57",,536239.27
09/10/25,UPI-SBI Life Insurance-licindia@licindia-411602038165-DR VIA UPI,885728510744,"7,000.00",,529239.27
10/10/25,ATW-XXXXXX7780-PAB34676-NAGPUR 192035097382,424638438865,"7,000.00",,522239.27
10/10/25,UPI-Arjun Pillai-arjunpill49@okaxis-929060021348-DR VIA UPI,396038961691,"4,150.84",,518088.43
11/10/25,UPI-Gopal Dutta-gopal.dutta@apl-093144097617-DR VIA UPI,128882282705,"17,650.27",,500438.16
11/10/25,UPI-Jio Recharge-jio@paytm-407083099844-DR VIA UPI,451650810069,769.00,,499669.16
12/10/25,UPI-PhonePe Merchant-phonepe@ybl-469069495796-DR VIA UPI,673594258451,480.13,,499189.03
12/10/25,UPI-Zomato-zomato@axisbank-532317793133-DR VIA UPI,405711594460,"1,160.24",,498028.79
13/10/25,UPI-Shweta Patel-shweta.patel@aubank-249053992815-DR VIA UPI,417832502825,"12,200.10",,485828.69
13/10/25,UPI-Jio Recharge-jio@paytm-398885173868-DR VIA UPI,815439140463,"1,630.56",,484198.13
13/10/25,ECS-NACH-SIP3223251-Mirae Asset MF,316871566081,"14,000.00",,470198.13
13/10/25,UPI-Prashant Sharma-prashantshar58@oksbi-829260220861-CR VIA UPI,074585276080,,"13,550.68",483748.81
13/10/25,UPI-Rohit Saxena-7246676493@apl-750415291790-CR VIA UPI,639886876560,,"12,250.87",495999.68
13/10/25,POS RELIANCE PETROLEUM NAGPUR,465635643302,"4,200.29",,491799.39
13/10/25,UPI-Paytm Mall-paytm@paytm-172110712048-DR VIA UPI,416429986580,"2,060.13",,489739.26
14/10/25,UPI-Hathway-broadband@paytm-080914961721-DR VIA UPI,754151324462,949.00,,488790.26
16/10/25,UPI-Renu Sethi-renu535@aubank-555586244990-DR VIA UPI,937544921792,"15,750.85",,473039.41
16/10/25,UPI-Rajesh Mukherjee-rajeshmukh99@paytm-386098195533-CR VIA UPI,707725640783,,"21,800.33",494839.74
16/10/25,IMPS-729373215082-Rakesh Iyer-BDBL-XXXXXXX6886-IMPSTXN,009831522005,"40,400.36",,454439.38
17/10/25,ATW-XXXXXX1961-NEL30447-NAGPUR 469335642077,240875876316,"2,000.00",,452439.38
18/10/25,UPI-Akash Singh-5058197565@aubank-467858522947-DR VIA UPI,299187887385,"17,050.35",,435389.03
18/10/25,ATW-XXXXXX4544-MGE38360-NAGPUR 465614004081,645483924579,"6,500.00",,428889.03
18/10/25,UPI-Arjun Singh-arjun169@okhdfcbank-825379366922-DR VIA UPI,373851841612,"4,650.94",,424238.09
19/10/25,UPI-Nikhil Khanna-nikhil.khanna@upi-177992631081-DR VIA UPI,927886207431,"12,750.82",,411487.27
20/10/25,ATW-XXXXXX9279-QJQ13941-NAGPUR 758332282214,145928461990,"7,500.00",,403987.27
20/10/25,UPI-Ola Cabs-olamoney@ola-243452701928-DR VIA UPI,321355544496,510.17,,403477.10
20/10/25,UPI-Yogesh Chaudhary-yogesh.chaudhary@okaxis-852196190018-DR VIA UPI,566444527494,"18,600.63",,384876.47
20/10/25,POS INDIAN OIL NAGPUR,180317064771,"2,600.65",,382275.82
20/10/25,UPI-Sapna Shah-sapnashah60@ptyes-319330936079-DR VIA UPI,439399447694,"6,450.23",,375825.59
21/10/25,UPI-Jio Recharge-jio@paytm-904368791990-DR VIA UPI,854324173885,569.00,,375256.59
21/10/25,UPI-Rahul Malhotra-rahul100@pthdfc-132757657882-CR VIA UPI,013819763364,,"3,750.10",379006.69
21/10/25,UPI-Vikram Mehta-vikram818@okhdfcbank-649661989187-CR VIA UPI,610581943023,,"5,000.49",384007.18
23/10/25,IMPS-409228719256-Vikas Agarwal-BDBL-XXXXXXX2992-IMPSTXN,630350264912,"34,400.55",,349606.63
23/10/25,UPI-Rapido-rapido@icici-261863174154-DR VIA UPI,499867120165,170.92,,349435.71
24/10/25,UPI-Rapido-rapido@icici-592462462339-DR VIA UPI,957178117408,660.66,,348775.05
25/10/25,POS METRO CASH CARRY NAGPUR,647405612481,"3,950.44",,344824.61
25/10/25,POS METRO CASH CARRY NAGPUR,126239045785,"1,850.10",,342974.51
25/10/25,UPI-Ola Cabs-olamoney@ola-840883478600-DR VIA UPI,191817020145,190.79,,342783.72
26/10/25,UPI-Indane Gas-indanegas@upi-156607136490-DR VIA UPI,659557978555,800.04,,341983.68
28/10/25,UPI-Mahesh Chatterjee-mahesh897@okaxis-015233257976-CR VIA UPI,656553831459,,"13,050.08",355033.76
29/10/25,UPI-BSNL Broadband-bsnlbroadband@upi-424828939882-DR VIA UPI,525561518403,"2,650.09",,352383.67
31/10/25,UPI-Santosh Agarwal-santoshagar51@axl-907496327299-CR VIA UPI,846352010328,,"1,450.99",353834.66
01/11/25,POS MAX FASHION NAGPUR,696527535503,"5,600.62",,348234.04
01/11/25,UPI-Flipkart-flipkart@ybl-932378712262-DR VIA UPI,431050936385,750.98,,347483.06
02/11/25,SALARY-S4684966071469/NEFT/Patni Computer Systems,650785715094,,"129,630.45",477113.51
03/11/25,ECS-NACH-RNT8214885-RENT MANDATE,334479427891,"21,500.00",,455613.51
03/11/25,UPI-Tarun Sharma-4805324493@axl-158780038009-DR VIA UPI,472631500169,"19,450.46",,436163.05
04/11/25,UPI-Jio Recharge-jio@paytm-489839650258-DR VIA UPI,616469333052,429.00,,435734.05
04/11/25,UPI-Poonam Shah-poonam205@okhdfcbank-959257842460-DR VIA UPI,764860090921,"7,200.10",,428533.95
05/11/25,UPI-Nykaa-nykaa@razorpay-607336670986-DR VIA UPI,608997595705,"4,000.32",,424533.63
06/11/25,ECS-NACH-LN036712399449-Tata Capital Finance,390988928031,"10,500.00",,414033.63
06/11/25,UPI-Hathway-broadband@paytm-301291685757-DR VIA UPI,105248961411,349.00,,413684.63
07/11/25,UPI-Ola Cabs-olamoney@ola-122748233412-DR VIA UPI,841486319490,790.53,,412894.10
07/11/25,UPI-SBI Life Insurance-licindia@licindia-769397373314-DR VIA UPI,212434394812,"7,000.00",,405894.10
07/11/25,UPI-Sushma Rao-sushma.rao@ptyes-683305358957-CR VIA UPI,374359795560,,"10,950.63",416844.73
08/11/25,ATW-XXXXXX0822-CAF10006-NAGPUR 367648624960,288552964692,"7,500.00",,409344.73
08/11/25,POS HP PETROL PUMP NAGPUR,723978500704,800.33,,408544.40
09/11/25,UPI-Amit Ahuja-amit.ahuja@upi-313727386463-DR VIA UPI,539593756908,"4,150.13",,404394.27
10/11/25,UPI-Flipkart-flipkart@ybl-012088230960-DR VIA UPI,199101514985,"2,690.44",,401703.83
10/11/25,UPI-Jio Recharge-jio@paytm-816171109199-DR VIA UPI,158103781091,330.15,,401373.68
11/11/25,UPI-Meesho-meesho@ybl-651689062349-DR VIA UPI,639522431757,"5,000.18",,396373.50
12/11/25,UPI-Jio Recharge-jio@paytm-462191392252-DR VIA UPI,987289207379,639.00,,395734.50
12/11/25,UPI-Zomato-zomato@axisbank-009336881158-DR VIA UPI,673254706263,"2,040.28",,393694.22
13/11/25,ATW-XXXXXX8166-NHI11502-NAGPUR 971554863871,067131323454,"3,000.00",,390694.22
13/11/25,UPI-Zepto-zepto@apl-490741831851-DR VIA UPI,453037099003,"2,660.92",,388033.30
13/11/25,UPI-Uber India-uber@paytm-536115808274-DR VIA UPI,132445584125,390.83,,387642.47
14/11/25,UPI-Nykaa-nykaa@razorpay-546369509686-DR VIA UPI,895569050501,349.00,,387293.47
14/11/25,UPI-Apollo Pharmacy-apollopharmacy@ybl-939023739141-DR VIA UPI,815545771463,"1,700.33",,385593.14
15/11/25,POS CENTRAL MALL NAGPUR,900061198273,"3,600.73",,381992.41
15/11/25,UPI-TSSPDCL-tsspdclpayment@upi-980087631110-DR VIA UPI,848164265381,"3,500.67",,378491.74
15/11/25,UPI-Zepto-zepto@apl-190969995578-DR VIA UPI,436527494889,660.18,,377831.56
16/11/25,POS V MART NAGPUR,721049438890,"8,300.44",,369531.12
16/11/25,POS D MART NAGPUR,808248394341,"1,850.88",,367680.24
17/11/25,NEFT*N3700315610569/Oracle Financial Ser/CR,345519021448,,"25,500.28",393180.52
18/11/25,ATW-XXXXXX6198-NWN82123-NAGPUR 621159016641,802491080683,"9,500.00",,383680.52
18/11/25,UPI-Lata Agarwal-lataagar62@paytm-382713747785-DR VIA UPI,950655910572,"19,000.83",,364679.69
19/11/25,ATW-XXXXXX4147-UTI93356-NAGPUR 501735187834,573946213312,"4,000.00",,360679.69
19/11/25,UPI-Pooja Pandey-pooja.pandey@upi-687426860292-CR VIA UPI,723265517703,,"18,050.54",378730.23
19/11/25,UPI-Zomato-zomato@axisbank-544178094671-DR VIA UPI,899856745326,340.51,,378389.72
19/11/25,ECS-NACH-SIP2730970-Mirae Asset MF,514555034659,"14,000.00",,364389.72
21/11/25,UPI-Dunzo-dunzo@razorpay-679626346322-DR VIA UPI,451644384962,910.72,,363479.00
22/11/25,POS INDIAN OIL NAGPUR,741791401201,"1,450.88",,362028.12
22/11/25,IMPS-741857497409-Vikas Dutta-UTIB-XXXXXXX3812-IMPSTXN,772895093428,"6,500.00",,355528.12
23/11/25,UPI-Flipkart-flipkart@ybl-303612880722-DR VIA UPI,459749639109,"2,360.63",,353167.49
23/11/25,POS BHARAT PETROLEUM NAGPUR,385551446132,"3,750.87",,349416.62
23/11/25,UPI-Ola Cabs-olamoney@ola-641691589391-DR VIA UPI,041164698816,670.54,,348746.08
24/11/25,UPI-Sonia Pandey-sonia189@ptsbi-336034960341-CR VIA UPI,543852771539,,"8,350.71",357096.79
25/11/25,UPI-Ola Cabs-olamoney@ola-138244659550-DR VIA UPI,455591301245,900.86,,356195.93
25/11/25,UPI-Practo-practo@paytm-039482575513-DR VIA UPI,788953125638,149.00,,356046.93
26/11/25,UPI-Mohit Iyer-mohit272@ptaxis-805379109551-DR VIA UPI,722009777619,"3,150.38",,352896.55
26/11/25,UPI-Jio Recharge-jio@paytm-345124213399-DR VIA UPI,333355674871,199.00,,352697.55
26/11/25,UPI-Indane Gas-indanegas@upi-522705500514-DR VIA UPI,614795994989,"2,300.38",,350397.17
26/11/25,UPI-Uber India-uber@paytm-322514992719-DR VIA UPI,317682959124,690.88,,349706.29
28/11/25,UPI-Ola Cabs-olamoney@ola-442121849303-DR VIA UPI,446252377016,680.04,,349026.25
29/11/25,POS SHOPPERS STOP NAGPUR,435115958378,"2,300.30",,346725.95
29/11/25,UPI-Ashish Roy-ashish.roy@okaxis-230442549489-DR VIA UPI,855574616865,150.95,,346575.00
29/11/25,POS HP PETROL PUMP NAGPUR,211736928336,"3,050.47",,343524.53
30/11/25,MOBILE BANKING CHARGES,582524799520,350.00,,343174.53
30/11/25,GST ON CHARGES,554556353979,63.00,,343111.53
01/12/25,POS RELIANCE PETROLEUM NAGPUR,597913143956,"3,450.68",,339660.85
01/12/25,UPI-Vandana Shah-vandana.shah@apl-343354719189-CR VIA UPI,683785164404,,"18,500.32",358161.17
02/12/25,UPI-Manish Chaudhary-manish167@ptsbi-266801202356-DR VIA UPI,273862485240,"15,450.70",,342710.47
02/12/25,UPI-Amazon Pay-amazon@apl-713368097003-DR VIA UPI,113600728841,"5,100.52",,337609.95
03/12/25,SALARY-S2525427893427/NEFT/Patni Computer Systems,486645607644,,"133,784.45",471394.40
04/12/25,ATW-XXXXXX8058-QPE67550-NAGPUR 138209893009,851511121172,"2,500.00",,468894.40
04/12/25,UPI-Flipkart-flipkart@ybl-238419182370-DR VIA UPI,949268378506,"2,760.45",,466133.95
04/12/25,ATW-XXXXXX7179-JCH69970-NAGPUR 877746706776,763179086364,"2,500.00",,463633.95
05/12/25,UPI-Sonia Desai-soniadesa10@axl-408850717229-CR VIA UPI,824108400053,,"19,450.09",483084.04
05/12/25,UPI-Uber India-uber@paytm-426052553821-DR VIA UPI,669552884375,230.61,,482853.43
05/12/25,UPI-Amazon Pay-amazon@apl-144953206535-DR VIA UPI,497888772031,"2,430.84",,480422.59
05/12/25,UPI-BigBasket-bigbasket@ybl-331684332269-DR VIA UPI,547613579011,230.31,,480192.28
06/12/25,UPI-Hathway-broadband@paytm-531984141904-DR VIA UPI,312252584895,"1,249.00",,478943.28
06/12/25,UPI-Rapido-rapido@icici-375993366605-DR VIA UPI,892023894515,340.45,,478602.83
07/12/25,POS INDIAN OIL NAGPUR,866334268585,"1,900.01",,476702.82
07/12/25,UPI-Netmeds-netmeds@paytm-148580955764-DR VIA UPI,349345724959,"3,310.44",,473392.38
08/12/25,ECS-NACH-RNT5828426-RENT MANDATE,197990674093,"21,500.00",,451892.38
09/12/25,UPI-Shreya Saxena-shreyasaxe22@ptyes-217740836082-CR VIA UPI,487223414194,,200.68,452093.06
09/12/25,UPI-Zomato-zomato@axisbank-153718895417-DR VIA UPI,385244706572,460.15,,451632.91
09/12/25,UPI-SBI Life Insurance-licindia@licindia-086725635108-DR VIA UPI,102689782304,"7,000.00",,444632.91
09/12/25,UPI-Gaurav Singh-1042889866@ptyes-504140879868-CR VIA UPI,449429863536,,"3,250.63",447883.54
10/12/25,UPI-Hotstar-hotstar@hdfcbank-758827552950-DR VIA UPI,762793982427,399.00,,447484.54
10/12/25,IMPS-902986050799-Kamal Mukherjee-UTIB-XXXXXXX5174-IMPSTXN,357469927560,"40,900.71",,406583.83
10/12/25,ECS-NACH-LN036712399449-Tata Capital Finance,146942003745,"10,500.00",,396083.83
11/12/25,UPI-Rapido-rapido@icici-068113042226-DR VIA UPI,394267943359,720.82,,395363.01
11/12/25,UPI-Sunita Nambiar-sunitanamb25@axl-691320565030-DR VIA UPI,955562978347,"8,200.13",,387162.88
11/12/25,UPI-Zepto-zepto@apl-323768361412-DR VIA UPI,323028550578,"1,670.88",,385492.00
11/12/25,UPI-BSNL Broadband-bsnlbroadband@upi-336573655810-DR VIA UPI,988151624756,"2,320.44",,383171.56
11/12/25,UPI-Zepto-zepto@apl-404646389842-DR VIA UPI,654487439913,120.16,,383051.40
12/12/25,ECS-NACH-SIP3252983-Mirae Asset MF,155011061037,"14,000.00",,369051.40
12/12/25,UPI-Sunil Reddy-sunil238@upi-477140532023-DR VIA UPI,679939128093,"2,300.12",,366751.28
12/12/25,UPI-Jio Recharge-jio@paytm-457371457708-DR VIA UPI,110137996802,959.00,,365792.28
13/12/25,POS PANTALOONS NAGPUR,056688782187,"2,750.99",,363041.29
13/12/25,UPI-Jio Recharge-jio@paytm-044425914572-DR VIA UPI,229154400329,269.00,,362772.29
13/12/25,ATW-XXXXXX6291-TGN10965-NAGPUR 075707314492,163448426412,"6,000.00",,356772.29
13/12/25,UPI-Practo-practo@paytm-378806085874-DR VIA UPI,305434211688,649.00,,356123.29
13/12/25,UPI-Siddharth Patel-siddharth637@upi-156484392974-CR VIA UPI,525320249177,,"21,800.91",377924.20
14/12/25,UPI-Brijesh Desai-brijesh.desai@okaxis-723491230912-DR VIA UPI,014953128950,"11,350.95",,366573.25
15/12/25,UPI-TSSPDCL-tsspdclpayment@upi-014926435573-DR VIA UPI,143558341998,"3,300.73",,363272.52
15/12/25,UPI-Indane Gas-indanegas@upi-057030131075-DR VIA UPI,552295544872,800.98,,362471.54
16/12/25,UPI-Jio Recharge-jio@paytm-681924482372-DR VIA UPI,460168529112,989.00,,361482.54
17/12/25,ATW-XXXXXX6120-BFM24407-NAGPUR 057717586660,501039988099,"1,000.00",,360482.54
18/12/25,UPI-Pooja Mishra-pooja.mishra@axl-375082221497-DR VIA UPI,426319496354,"6,250.55",,354231.99
18/12/25,UPI-Paytm Mall-paytm@paytm-042488893986-DR VIA UPI,504054551980,"1,220.83",,353011.16
19/12/25,IMPS-210348778818-Akash Patil-BARB-XXXXXXX9473-IMPSTXN,084467494537,"3,400.54",,349610.62
19/12/25,UPI-PhonePe Merchant-phonepe@ybl-589857050272-DR VIA UPI,037007441521,620.12,,348990.50
20/12/25,POS BHARAT PETROLEUM NAGPUR,111416748455,"3,750.38",,345240.12
21/12/25,NEFT*N5925137276617/Hero MotoCorp Ltd/CR,600979776013,,"21,000.59",366240.71
21/12/25,UPI-Jio Recharge-jio@paytm-070515608308-DR VIA UPI,196834832096,779.00,,365461.71
21/12/25,UPI-Uber India-uber@paytm-041816384256-DR VIA UPI,662191319048,380.66,,365081.05
21/12/25,POS METRO CASH CARRY NAGPUR,582318962390,"1,000.87",,364080.18
22/12/25,UPI-Dunzo-dunzo@razorpay-014348653820-DR VIA UPI,945802765606,650.74,,363429.44
24/12/25,UPI-Uber India-uber@paytm-543500877017-DR VIA UPI,602105307928,90.39,,363339.05
25/12/25,POS VISHAL MEGA MART NAGPUR,765128119827,"4,550.70",,358788.35
26/12/25,UPI-Amazon Pay-amazon@apl-665357279268-DR VIA UPI,402183139973,"1,930.77",,356857.58
26/12/25,UPI-Jio Recharge-jio@paytm-462577346358-DR VIA UPI,300957767952,869.00,,355988.58
26/12/25,INTEREST CREDIT,871906888627,,175.30,356163.88
27/12/25,UPI-PhonePe Merchant-phonepe@ybl-697586920093-DR VIA UPI,396053008836,300.00,,355863.88
27/12/25,ATW-XXXXXX5840-KJY76676-NAGPUR 991877021613,228894075134,"3,000.00",,352863.88
28/12/25,UPI-Rohit Ghosh-3051808514@ibl-039487019170-DR VIA UPI,355034835029,"14,950.99",,337912.89
28/12/25,UPI-Rapido-rapido@icici-072682420945-DR VIA UPI,709283193147,240.62,,337672.27
29/12/25,POS RELIANCE MART NAGPUR,614159183330,"3,900.79",,333771.48
30/12/25,POS CENTRAL MALL NAGPUR,584384561002,"7,100.41",,326671.07
31/12/25,UPI-Pankaj Yadav-pankaj443@apl-142313367286-DR VIA UPI,134936827701,"3,750.22",,322920.85
31/12/25,UPI-BigBasket-bigbasket@ybl-079793028570-DR VIA UPI,748631166750,"2,250.49",,320670.36
31/12/25,POS INDIAN OIL NAGPUR,383178326668,"1,000.90",,319669.46
02/01/26,UPI-Dunzo-dunzo@razorpay-489084378515-DR VIA UPI,160284675499,"1,540.95",,318128.51
03/01/26,SALARY-S0638990920117/NEFT/Patni Computer Systems,900725543871,,"131,912.45",450040.96
03/01/26,UPI-Swiggy-swiggy@icici-725888717236-DR VIA UPI,140242601739,"2,040.68",,448000.28
04/01/26,UPI-Nikhil Ghosh-6993202508@ptyes-405780578587-DR VIA UPI,654242780294,"18,500.99",,429499.29
05/01/26,UPI-Uber India-uber@paytm-145435812716-DR VIA UPI,521547806099,230.49,,429268.80
05/01/26,UPI-Blinkit-blinkit@kotak-239893472302-DR VIA UPI,968620087400,820.88,,428447.92
05/01/26,UPI-Jio Recharge-jio@paytm-302904371513-DR VIA UPI,765542794254,559.00,,427888.92
06/01/26,UPI-Poonam Ghosh-poonamghos48@upi-960098913278-DR VIA UPI,789716016554,"12,800.69",,415088.23
06/01/26,ATW-XXXXXX5302-JVS98924-NAGPUR 848642843407,411179965307,"2,000.00",,413088.23
07/01/26,UPI-Mamta Kulkarni-0960573229@kotak-756743625681-DR VIA UPI,547391313139,"3,300.45",,409787.78
07/01/26,ECS-NACH-RNT7426390-RENT MANDATE,939600910234,"21,500.00",,388287.78
08/01/26,UPI-Zepto-zepto@apl-630791703673-DR VIA UPI,019421719443,420.69,,387867.09
09/01/26,UPI-Zomato-zomato@axisbank-046977750425-DR VIA UPI,982085211463,"1,730.76",,386136.33
10/01/26,ECS-NACH-LN036712399449-Tata Capital Finance,854184054531,"10,500.00",,375636.33
10/01/26,POS SHOPPERS STOP NAGPUR,852192160026,"1,100.29",,374536.04
10/01/26,UPI-Ola Cabs-olamoney@ola-095914067167-DR VIA UPI,215369183901,310.78,,374225.26
11/01/26,UPI-SBI Life Insurance-licindia@licindia-350157542698-DR VIA UPI,996714964452,"7,000.00",,367225.26
11/01/26,POS RELIANCE PETROLEUM NAGPUR,428786070140,"2,700.28",,364524.98
11/01/26,ECS-NACH-SIP4478736-Mirae Asset MF,514061785751,"14,000.00",,350524.98
12/01/26,UPI-Jio Recharge-jio@paytm-448174150153-DR VIA UPI,274251641992,449.00,,350075.98
13/01/26,UPI-Blinkit-blinkit@kotak-335235826516-DR VIA UPI,124073207931,"1,620.58",,348455.40
14/01/26,UPI-Ola Cabs-olamoney@ola-283160729914-DR VIA UPI,256784045527,"1,030.28",,347425.12
15/01/26,UPI-Indane Gas-indanegas@upi-093963434715-DR VIA UPI,824191517443,"1,300.48",,346124.64
15/01/26,UPI-Prashant Chaudhary-prashantchau33@ptsbi-454425055716-DR VIA UPI,194297341961,"21,200.79",,324923.85
16/01/26,UPI-Sunil Nambiar-0345120762@okaxis-788271647400-DR VIA UPI,306683264613,"20,400.53",,304523.32
16/01/26,UPI-Jio Recharge-jio@paytm-919814813273-DR VIA UPI,737525719206,"2,430.94",,302092.38
16/01/26,POS SHELL FUEL STATION NAGPUR,370583913517,"4,500.09",,297592.29
16/01/26,UPI-Sanjay Saxena-sanjaysaxe95@apl-441700864437-DR VIA UPI,421896207859,"12,950.79",,284641.50
17/01/26,UPI-Amazon Pay-amazon@apl-574366718563-DR VIA UPI,898847416872,"5,700.21",,278941.29
18/01/26,UPI-TSSPDCL-tsspdclpayment@upi-796126597546-DR VIA UPI,767880586840,"4,200.49",,274740.80
19/01/26,UPI-Hathway-broadband@paytm-183895542301-DR VIA UPI,355873703101,499.00,,274241.80
19/01/26,POS SHOPPERS STOP NAGPUR,253714265535,"1,500.04",,272741.76
20/01/26,UPI-Spotify-spotify@icici-997356650189-DR VIA UPI,890066613804,899.00,,271842.76
20/01/26,UPI-Nisha Bajaj-nisha.bajaj@ibl-705574070603-CR VIA UPI,107837231522,,"17,550.40",289393.16
20/01/26,POS V MART NAGPUR,013368517166,"7,050.86",,282342.30
21/01/26,ATW-XXXXXX7993-SGY45691-NAGPUR 874562379853,705757316470,"6,500.00",,275842.30
22/01/26,IMPS-727483247704-Kavya Tiwari-SBIN-XXXXXXX6699-IMPSTXN,936183685174,"12,600.10",,263242.20
23/01/26,UPI-PhonePe Merchant-phonepe@ybl-200561215822-DR VIA UPI,370221798275,"1,630.10",,261612.10
23/01/26,POS RELIANCE MART NAGPUR,053181630722,"5,700.95",,255911.15
23/01/26,ATW-XXXXXX0275-WFB61737-NAGPUR 365346938318,629836049823,"3,500.00",,252411.15
23/01/26,UPI-Ramesh Agarwal-ramesh.agarwal@paytm-531692875684-DR VIA UPI,830921383990,"15,400.84",,237010.31
25/01/26,UPI-Flipkart-flipkart@ybl-571152619211-DR VIA UPI,300939134145,190.87,,236819.44
25/01/26,POS SHOPPERS STOP NAGPUR,236636234441,"1,200.54",,235618.90
26/01/26,UPI-Ola Cabs-olamoney@ola-362091661992-DR VIA UPI,590532862271,"2,050.40",,233568.50
26/01/26,MOBILE BANKING CHARGES,955477137762,170.00,,233398.50
26/01/26,GST ON CHARGES,384539039541,30.60,,233367.90
27/01/26,POS LIFESTYLE STORES NAGPUR,859507445281,"7,500.00",,225867.90
28/01/26,UPI-Blinkit-blinkit@kotak-428385284597-DR VIA UPI,248487018520,"2,170.84",,223697.06
28/01/26,UPI-Dunzo-dunzo@razorpay-408138900235-DR VIA UPI,372165773650,440.96,,223256.10
29/01/26,UPI-Ramesh Chopra-ramesh337@pthdfc-157866713568-CR VIA UPI,194716365982,,"9,800.10",233056.20
29/01/26,POS BIG BAZAAR NAGPUR,396657560923,"3,350.05",,229706.15
29/01/26,UPI-Ola Cabs-olamoney@ola-920830614191-DR VIA UPI,729806182815,230.19,,229475.96
29/01/26,UPI-Zepto-zepto@apl-529007537420-DR VIA UPI,863441493867,810.71,,228665.25
29/01/26,UPI-BigBasket-bigbasket@ybl-237417528292-DR VIA UPI,730088168067,210.66,,228454.59
29/01/26,POS BRAND FACTORY NAGPUR,358895295101,"3,500.85",,224953.74
30/01/26,UPI-Mina Thapar-mina684@kotak-138595900064-CR VIA UPI,304326512763,,"7,350.36",232304.10
31/01/26,UPI-Flipkart-flipkart@ybl-259604168159-DR VIA UPI,498426410038,"2,000.32",,230303.78
31/01/26,UPI-Vikram Shukla-vikram.shukla@okhdfcbank-819821570189-CR VIA UPI,151837633970,,"15,900.35",246204.13
31/01/26,UPI-Amazon Pay-amazon@apl-941472238729-DR VIA UPI,507591489016,"1,800.42",,244403.71
01/02/26,UPI-BSNL Broadband-bsnlbroadband@upi-914257016029-DR VIA UPI,522756504428,"1,080.86",,243322.85
01/02/26,UPI-Uber India-uber@paytm-490201786359-DR VIA UPI,813675439788,120.53,,243202.32
02/02/26,UPI-Nykaa-nykaa@razorpay-604305452770-DR VIA UPI,960255968872,"5,600.70",,237601.62
02/02/26,SALARY-S1721582316738/NEFT/Patni Computer Systems,216631880644,,"134,022.45",371624.07
04/02/26,UPI-Blinkit-blinkit@kotak-204108604327-DR VIA UPI,637524247325,"1,580.57",,370043.50
05/02/26,POS SHELL FUEL STATION NAGPUR,782490078074,"3,500.15",,366543.35
05/02/26,UPI-Paytm Mall-paytm@paytm-268887159695-DR VIA UPI,425081739941,940.64,,365602.71
05/02/26,UPI-Nykaa-nykaa@razorpay-529674703856-DR VIA UPI,340826776493,399.00,,365203.71
05/02/26,ATW-XXXXXX5688-JYY43721-NAGPUR 361636562816,572302560027,"10,000.00",,355203.71
06/02/26,UPI-Kavita Bajaj-1702325154@okaxis-630691413643-DR VIA UPI,947973327626,"21,750.72",,333452.99
06/02/26,UPI-Paytm Mall-paytm@paytm-871432154125-DR VIA UPI,550088753754,300.98,,333152.01
06/02/26,POS VISHAL MEGA MART NAGPUR,999836665440,"7,500.16",,325651.85
07/02/26,UPI-BigBasket-bigbasket@ybl-302100215141-DR VIA UPI,441195339441,"2,630.52",,323021.33
07/02/26,UPI-Zomato-zomato@axisbank-760043190686-DR VIA UPI,285384430658,"1,230.37",,321790.96
07/02/26,UPI-Rani Chaudhary-rani555@ptyes-023828139967-CR VIA UPI,945583781715,,"21,800.66",343591.62
07/02/26,UPI-SBI Life Insurance-licindia@licindia-004624827091-DR VIA UPI,141657538949,"7,000.00",,336591.62
07/02/26,ECS-NACH-RNT5678944-RENT MANDATE,519258862169,"21,500.00",,315091.62
07/02/26,POS BHARAT PETROLEUM NAGPUR,162050121400,800.05,,314291.57
07/02/26,UPI-Jio Recharge-jio@paytm-855857143100-DR VIA UPI,652048575175,459.00,,313832.57
07/02/26,UPI-Sarita Singh-sarita783@okicici-606364535635-DR VIA UPI,463225840353,"8,250.88",,305581.69
08/02/26,POS SHELL FUEL STATION NAGPUR,562845780597,"2,250.67",,303331.02
08/02/26,ECS-NACH-LN036712399449-Tata Capital Finance,907028162459,"10,500.00",,292831.02
09/02/26,POS PANTALOONS NAGPUR,361206401672,"4,650.34",,288180.68
11/02/26,POS RELIANCE MART NAGPUR,394967888685,"6,250.97",,281929.71
12/02/26,UPI-Sonia Banerjee-1400553957@apl-080651193489-DR VIA UPI,475340949878,"2,250.87",,279678.84
12/02/26,UPI-Hathway-broadband@paytm-186273106117-DR VIA UPI,336923582586,299.00,,279379.84
12/02/26,UPI-Himanshu Patel-himanshu474@axl-528816331427-CR VIA UPI,507367118041,,"13,250.69",292630.53
12/02/26,UPI-Jio Recharge-jio@paytm-901683534803-DR VIA UPI,375073765684,639.00,,291991.53
13/02/26,UPI-TSSPDCL-tsspdclpayment@upi-140144099549-DR VIA UPI,145619305398,"1,600.58",,290390.95
13/02/26,UPI-Zomato-zomato@axisbank-120803237204-DR VIA UPI,881021918994,"1,420.50",,288970.45
13/02/26,UPI-Ola Cabs-olamoney@ola-921561528293-DR VIA UPI,445933819907,"2,340.33",,286630.12
14/02/26,UPI-BigBasket-bigbasket@ybl-014560023342-DR VIA UPI,673791577522,"2,160.45",,284469.67
14/02/26,UPI-Paytm Mall-paytm@paytm-635592188764-DR VIA UPI,740290133885,"1,630.82",,282838.85
14/02/26,UPI-Amazon Pay-amazon@apl-667760634675-DR VIA UPI,076603667273,"2,600.08",,280238.77
14/02/26,UPI-Rohit Pillai-6078714228@okicici-293527795857-CR VIA UPI,937348734788,,"20,700.65",300939.42
15/02/26,ECS-NACH-SIP8488762-Mirae Asset MF,869121496205,"14,000.00",,286939.42
16/02/26,POS PANTALOONS NAGPUR,607859242363,"4,500.94",,282438.48
16/02/26,UPI-Dunzo-dunzo@razorpay-404680422007-DR VIA UPI,100086703581,"2,630.63",,279807.85
16/02/26,UPI-Swati Kulkarni-swati.kulkarni@paytm-343481882952-DR VIA UPI,832544596672,"13,150.00",,266657.85
18/02/26,UPI-BigBasket-bigbasket@ybl-472068259654-DR VIA UPI,455868571050,950.46,,265707.39
19/02/26,UPI-Kavita Kumar-kavita401@aubank-600673076098-DR VIA UPI,337517867428,"14,350.12",,251357.27
19/02/26,UPI-Zepto-zepto@apl-391010993313-DR VIA UPI,430114662924,230.19,,251127.08
22/02/26,UPI-Zomato-zomato@axisbank-204626475845-DR VIA UPI,650928938684,"2,300.40",,248826.68
22/02/26,UPI-Poonam Mishra-5924710879@okaxis-378756435268-DR VIA UPI,286131605756,"6,100.59",,242726.09
23/02/26,POS RELIANCE MART NAGPUR,065756749551,"3,050.91",,239675.18
23/02/26,POS BHARAT PETROLEUM NAGPUR,758374859543,"3,050.19",,236624.99
24/02/26,UPI-Apollo Pharmacy-apollopharmacy@ybl-465812683260-DR VIA UPI,677453220867,"1,790.11",,234834.88
24/02/26,UPI-Swiggy-swiggy@icici-727538959003-DR VIA UPI,999825654853,"2,770.40",,232064.48
24/02/26,UPI-Rapido-rapido@icici-140196070613-DR VIA UPI,292800318393,460.29,,231604.19
24/02/26,UPI-Arun Roy-arun.roy@ptaxis-745850266611-CR VIA UPI,462704433000,,"6,800.73",238404.92
25/02/26,UPI-Indane Gas-indanegas@upi-427379565485-DR VIA UPI,716659891008,"1,300.64",,237104.28
26/02/26,UPI-Uber India-uber@paytm-502414154442-DR VIA UPI,256935096647,710.23,,236394.05
26/02/26,UPI-Tarun Reddy-6948539494@okhdfcbank-274027530030-CR VIA UPI,596124846697,,"9,900.86",246294.91
27/02/26,UPI-Vikram Malhotra-vikram669@paytm-440188906094-DR VIA UPI,567967699837,"9,300.32",,236994.59
27/02/26,POS CENTRAL MALL NAGPUR,851134747601,"4,500.19",,232494.40
27/02/26,UPI-Varsha Shukla-varsha.shukla@ptaxis-355126527006-CR VIA UPI,762600217466,,"3,800.03",236294.43
28/02/26,MOBILE BANKING CHARGES,700316637393,280.00,,236014.43
28/02/26,ATW-XXXXXX0364-BGR56917-NAGPUR 047246191004,423088827942,"3,500.00",,232514.43
28/02/26,GST ON CHARGES,668679721048,50.40,,232464.03
01/03/26,UPI-Rani Gupta-3357527901@ptaxis-256203462224-CR VIA UPI,162472707599,,"13,100.70",245564.73
01/03/26,POS RELIANCE MART NAGPUR,315822578274,"3,700.90",,241863.83
01/03/26,UPI-Sangita Roy-sangitaroy56@oksbi-357370163386-CR VIA UPI,064280727205,,"10,900.04",252763.87
01/03/26,UPI-Ola Cabs-olamoney@ola-943207049518-DR VIA UPI,932499177059,740.80,,252023.07
02/03/26,UPI-Jio Recharge-jio@paytm-939367469757-DR VIA UPI,332153062817,669.00,,251354.07
02/03/26,SALARY-S4899248590479/NEFT/Patni Computer Systems,725553929926,,"132,335.45",383689.52
02/03/26,UPI-Rahul Jain-rahuljain49@pthdfc-446009551136-CR VIA UPI,650089480541,,"21,350.84",405040.36
03/03/26,POS STAR BAZAAR NAGPUR,030152816138,"4,700.38",,400339.98
03/03/26,UPI-Uber India-uber@paytm-754474516653-DR VIA UPI,111624937586,780.67,,399559.31
04/03/26,UPI-Zepto-zepto@apl-116972125536-DR VIA UPI,358704124064,"2,440.60",,397118.71
04/03/26,POS HP PETROL PUMP NAGPUR,670543108224,"3,300.71",,393818.00
04/03/26,ECS-NACH-LN036712399449-Tata Capital Finance,469932215009,"10,500.00",,383318.00
05/03/26,POS METRO CASH CARRY NAGPUR,724734308295,"2,100.64",,381217.36
05/03/26,UPI-Flipkart-flipkart@ybl-468290592029-DR VIA UPI,312098454771,"1,700.61",,379516.75
05/03/26,UPI-Renu Chatterjee-renu978@pthdfc-373406011504-DR VIA UPI,197167998837,"18,350.85",,361165.90
06/03/26,UPI-Zepto-zepto@apl-014445126166-DR VIA UPI,095224122666,830.50,,360335.40
06/03/26,UPI-Uber India-uber@paytm-336250566477-DR VIA UPI,398945760746,500.01,,359835.39
06/03/26,ECS-NACH-RNT8349191-RENT MANDATE,176291394820,"21,500.00",,338335.39
07/03/26,UPI-Pooja Chatterjee-poojachat54@ybl-714677869440-CR VIA UPI,726329793305,,"5,400.12",343735.51
07/03/26,UPI-Asha Singh-asha.singh@kotak-706877566864-DR VIA UPI,901821073087,"1,900.87",,341834.64
07/03/26,UPI-Geeta Sen-geeta314@ybl-204618313090-DR VIA UPI,636634957369,"8,150.89",,333683.75
07/03/26,ATW-XXXXXX9850-MVE10858-NAGPUR 522515400126,144537221076,"3,500.00",,330183.75
08/03/26,UPI-SBI Life Insurance-licindia@licindia-821416114273-DR VIA UPI,433856130914,"7,000.00",,323183.75
09/03/26,UPI-Rahul Ghosh-rahul700@ptsbi-653646955316-CR VIA UPI,232641739934,,300.27,323484.02
10/03/26,UPI-Jio Recharge-jio@paytm-873421950222-DR VIA UPI,437502134302,619.00,,322865.02
10/03/26,UPI-BigBasket-bigbasket@ybl-749760369666-DR VIA UPI,048744885513,"2,650.75",,320214.27
10/03/26,UPI-Paytm Mall-paytm@paytm-297070591851-DR VIA UPI,383536002595,"1,980.81",,318233.46
11/03/26,UPI-TSSPDCL-tsspdclpayment@upi-035202578364-DR VIA UPI,698906461014,"4,150.23",,314083.23
13/03/26,UPI-BigBasket-bigbasket@ybl-479927343685-DR VIA UPI,266730462335,"1,620.54",,312462.69
13/03/26,POS INDIAN OIL NAGPUR,228680308332,"1,450.33",,311012.36
13/03/26,ECS-NACH-SIP9491957-Mirae Asset MF,975175055311,"14,000.00",,297012.36
14/03/26,UPI-Brijesh Sharma-brijeshshar59@ptyes-797706218772-DR VIA UPI,009458724307,"18,250.57",,278761.79
14/03/26,POS STAR BAZAAR NAGPUR,556084663903,"1,250.70",,277511.09
15/03/26,IMPS-511169946758-Vikas Dutta-HDFC-XXXXXXX0115-IMPSTXN,377331354962,"38,400.72",,239110.37
17/03/26,UPI-PhonePe Merchant-phonepe@ybl-434765413437-DR VIA UPI,651307324266,260.91,,238849.46
17/03/26,POS STAR BAZAAR NAGPUR,584653039496,900.84,,237948.62
18/03/26,UPI-Lalit Khanna-3644431796@oksbi-902202281676-CR VIA UPI,028903187065,,"7,150.71",245099.33
18/03/26,UPI-Zomato-zomato@axisbank-211533514752-DR VIA UPI,619800557424,250.47,,244848.86
18/03/26,UPI-Kapil Kapoor-kapil374@aubank-704236672611-DR VIA UPI,732536005545,"21,250.96",,223597.90
18/03/26,UPI-Ola Cabs-olamoney@ola-457529496417-DR VIA UPI,867784781322,480.53,,223117.37
19/03/26,UPI-Mamta Tiwari-mamta682@pthdfc-371858097254-DR VIA UPI,397742421103,"20,300.24",,202817.13
19/03/26,UPI-Flipkart-flipkart@ybl-376713858433-DR VIA UPI,925845293394,"2,640.19",,200176.94
19/03/26,UPI-Amazon Pay-amazon@apl-256053357688-DR VIA UPI,628196236201,890.13,,199286.81
20/03/26,UPI-Zomato-zomato@axisbank-540580008275-DR VIA UPI,950887306737,"1,160.71",,198126.10
21/03/26,UPI-Swiggy-swiggy@icici-708871064960-DR VIA UPI,345505637212,"2,580.77",,195545.33
21/03/26,UPI-Ola Cabs-olamoney@ola-322490543796-DR VIA UPI,201354138633,400.29,,195145.04
22/03/26,UPI-Indane Gas-indanegas@upi-292074477591-DR VIA UPI,982293374948,"2,550.61",,192594.43
22/03/26,POS CENTRAL MALL NAGPUR,205534477291,"7,850.89",,184743.54
22/03/26,POS BRAND FACTORY NAGPUR,568569344524,"1,650.18",,183093.36
23/03/26,UPI-Nykaa-nykaa@razorpay-930984305220-DR VIA UPI,956948275271,850.31,,182243.05
24/03/26,UPI-Sumit Chatterjee-sumitchat33@oksbi-561735136916-DR VIA UPI,370854589141,900.32,,181342.73
24/03/26,UPI-Zomato-zomato@axisbank-872408127337-DR VIA UPI,383365839275,570.23,,180772.50
25/03/26,UPI-Jio Recharge-jio@paytm-542154785053-DR VIA UPI,547879521704,299.00,,180473.50
26/03/26,UPI-Uber India-uber@paytm-795355981620-DR VIA UPI,892939153198,100.02,,180373.48
26/03/26,UPI-Pooja Iyer-pooja.iyer@ybl-486900027190-CR VIA UPI,476342319528,,"10,250.93",190624.41
26/03/26,UPI-Nisha Naik-nishanaik51@ybl-350663623455-CR VIA UPI,291796186097,,"7,800.54",198424.95
27/03/26,UPI-Deepak Shah-deepak.shah@okicici-502247707928-DR VIA UPI,174660659859,"20,450.12",,177974.83
27/03/26,UPI-Seema Banerjee-seema760@okaxis-474689875872-DR VIA UPI,869525049763,"4,050.76",,173924.07
27/03/26,UPI-Varsha Pandey-varsha.pandey@paytm-956077989558-CR VIA UPI,211718175231,,"4,250.38",178174.45
28/03/26,INTEREST CREDIT,502501201305,,730.86,178905.31
28/03/26,UPI-Jio Recharge-jio@paytm-835794812713-DR VIA UPI,402910435872,219.00,,178686.31
29/03/26,UPI-PhonePe Merchant-phonepe@ybl-109651800289-DR VIA UPI,926703723399,"1,220.52",,177465.79
29/03/26,UPI-BSNL Broadband-bsnlbroadband@upi-970478561143-DR VIA UPI,871984801087,"1,190.21",,176275.58
29/03/26,UPI-Lalit Jain-lalit722@ybl-991131815041-CR VIA UPI,319370586581,,"17,650.05",193925.63
30/03/26,UPI-Mina Agarwal-mina.agarwal@aubank-405287544648-DR VIA UPI,813402915379,"1,600.86",,192324.77
31/03/26,POS HP PETROL PUMP NAGPUR,535026813466,"3,000.96",,189323.81
31/03/26,ATW-XXXXXX3085-QTB26040-NAGPUR 249111528255,717276068119,"4,500.00",,184823.81
31/03/26,POS STAR BAZAAR NAGPUR,606528919995,"5,350.97",,179472.84
01/04/26,UPI-Zepto-zepto@apl-710245854387-DR VIA UPI,563939712622,"1,810.56",,177662.28
02/04/26,UPI-Paytm Mall-paytm@paytm-749003451071-DR VIA UPI,634641011312,"1,570.90",,176091.38
02/04/26,UPI-Vivek Rao-vivekrao30@pthdfc-169135329521-CR VIA UPI,669760100889,,"13,000.70",189092.08
02/04/26,SALARY-S5457206236146/NEFT/Patni Computer Systems,618798010482,,"131,139.45",320231.53
04/04/26,UPI-Uber India-uber@paytm-721017797354-DR VIA UPI,113106024987,"1,860.03",,318371.50
04/04/26,POS SHELL FUEL STATION NAGPUR,554653693167,"3,800.90",,314570.60
04/04/26,UPI-Zepto-zepto@apl-450231678774-DR VIA UPI,089477905673,"1,420.31",,313150.29
04/04/26,UPI-Rapido-rapido@icici-715711324347-DR VIA UPI,409448475523,730.56,,312419.73
05/04/26,ATW-XXXXXX0691-ZFY64077-NAGPUR 362384784273,610506995142,"2,000.00",,310419.73
05/04/26,UPI-Kavita Srivastava-3573722967@okicici-339484803283-DR VIA UPI,740426140122,"8,150.46",,302269.27
05/04/26,IMPS-914660599194-Harish Pandey-KKBK-XXXXXXX9333-IMPSTXN,780828652684,"42,500.47",,259768.80
05/04/26,ECS-NACH-RNT5087044-RENT MANDATE,291272315352,"21,500.00",,238268.80
06/04/26,UPI-Flipkart-flipkart@ybl-753543824460-DR VIA UPI,478996256379,"2,770.88",,235497.92
06/04/26,UPI-SBI Life Insurance-licindia@licindia-818627635293-DR VIA UPI,061980238266,"7,000.00",,228497.92
06/04/26,UPI-Kapil Naik-kapil981@okicici-947122018357-CR VIA UPI,754647376498,,"15,550.81",244048.73
06/04/26,UPI-Blinkit-blinkit@kotak-963961719956-DR VIA UPI,725297311279,"1,700.64",,242348.09
06/04/26,UPI-Nykaa-nykaa@razorpay-599356786160-DR VIA UPI,900495178859,"1,950.88",,240397.21
07/04/26,UPI-Swati Pillai-swati322@upi-277732474889-DR VIA UPI,826054832240,"19,900.83",,220496.38
07/04/26,ECS-NACH-LN036712399449-Tata Capital Finance,093452850609,"10,500.00",,209996.38
07/04/26,UPI-Jio Recharge-jio@paytm-103357545765-DR VIA UPI,057128615420,279.00,,209717.38
08/04/26,UPI-Meesho-meesho@ybl-771757646567-DR VIA UPI,593890724817,"2,400.82",,207316.56
08/04/26,UPI-Harish Mehta-harish.mehta@ptyes-523190768232-DR VIA UPI,370805060193,"12,450.50",,194866.06
09/04/26,POS METRO CASH CARRY NAGPUR,364446174280,900.33,,193965.73
09/04/26,UPI-Jio Recharge-jio@paytm-356080701513-DR VIA UPI,934006991454,"2,220.39",,191745.34
09/04/26,ATW-XXXXXX7291-TYW22018-NAGPUR 366014368299,544569873109,"3,500.00",,188245.34
10/04/26,POS LIFESTYLE STORES NAGPUR,707142499461,"5,500.50",,182744.84
10/04/26,POS SHELL FUEL STATION NAGPUR,807412405766,"4,400.05",,178344.79
10/04/26,UPI-Anita Mukherjee-anita.mukherjee@ybl-921430705177-DR VIA UPI,954117286166,"15,700.53",,162644.26
10/04/26,UPI-Deepa Das-deepa.das@okicici-555247237958-DR VIA UPI,078450355304,400.01,,162244.25
11/04/26,UPI-Meesho-meesho@ybl-905382515510-DR VIA UPI,796211037261,"1,050.38",,161193.87
11/04/26,POS RELIANCE MART NAGPUR,264622910199,"6,200.76",,154993.11
11/04/26,UPI-Nikhil Chopra-nikhilchop19@aubank-765059730165-DR VIA UPI,312411578640,"3,350.76",,151642.35
12/04/26,UPI-MedPlus Health-medplus@icici-208986930894-DR VIA UPI,576790172703,"1,960.87",,149681.48
13/04/26,POS RELIANCE PETROLEUM NAGPUR,347361429337,"2,450.28",,147231.20
13/04/26,ECS-NACH-SIP9309435-Mirae Asset MF,793156408753,"14,000.00",,133231.20
13/04/26,NEFT*N6276582688671/Sun Pharmaceutical I/CR,802287740014,,"37,000.63",170231.83
14/04/26,UPI-Mukesh Mishra-mukesh406@aubank-256371269699-DR VIA UPI,174501997202,"12,800.44",,157431.39
15/04/26,UPI-Zepto-zepto@apl-146156026301-DR VIA UPI,561364018009,240.33,,157191.06
15/04/26,UPI-Amazon Pay-amazon@apl-355542938331-DR VIA UPI,149292490144,"1,040.45",,156150.61
16/04/26,ATW-XXXXXX8717-CIA92047-NAGPUR 012700057001,421573396691,"7,500.00",,148650.61
16/04/26,ATW-XXXXXX1591-QCQ11165-NAGPUR 407801498094,539784725518,"7,500.00",,141150.61
17/04/26,UPI-Prashant Kapoor-prashant312@pthdfc-635941036364-DR VIA UPI,910380302707,"15,750.69",,125399.92
18/04/26,UPI-Deepa Nair-4787028478@kotak-778188558559-CR VIA UPI,275146479994,,"5,150.67",130550.59
18/04/26,UPI-Ramesh Pillai-ramesh.pillai@okhdfcbank-733324185409-CR VIA UPI,350088405541,,"4,700.45",135251.04
18/04/26,UPI-Zepto-zepto@apl-128605790610-DR VIA UPI,475706483622,400.69,,134850.35
19/04/26,UPI-Akash Jain-akash343@paytm-351636716124-DR VIA UPI,166350635636,"10,700.18",,124150.17
19/04/26,UPI-TSSPDCL-tsspdclpayment@upi-686839388616-DR VIA UPI,524159965707,"2,250.76",,121899.41
19/04/26,UPI-Nykaa-nykaa@razorpay-539274650400-DR VIA UPI,064056006457,899.00,,121000.41
20/04/26,POS STAR BAZAAR NAGPUR,019078450072,"2,750.91",,118249.50
20/04/26,UPI-BigBasket-bigbasket@ybl-729608882387-DR VIA UPI,762993933442,"2,090.94",,116158.56
21/04/26,ATW-XXXXXX3516-XWD44158-NAGPUR 523304689981,397920580574,"4,000.00",,112158.56
21/04/26,UPI-Dinesh Srivastava-dinesh.srivastava@ptsbi-024944450038-DR VIA UPI,388528419793,"12,300.67",,99857.89
21/04/26,UPI-Mohan Desai-mohan.desai@kotak-809839821520-DR VIA UPI,016804923770,"19,650.96",,80206.93
21/04/26,UPI-Amit Reddy-amit.reddy@okaxis-550067776840-DR VIA UPI,229906998924,"15,850.35",,64356.58
22/04/26,UPI-Hathway-broadband@paytm-397295182544-DR VIA UPI,744755023725,499.00,,63857.58
22/04/26,UPI-Zepto-zepto@apl-076004636498-DR VIA UPI,319526144916,360.84,,63496.74
22/04/26,UPI-Uber India-uber@paytm-594444074585-DR VIA UPI,753088735174,720.98,,62775.76
22/04/26,UPI-Mohan Kulkarni-mohan.kulkarni@paytm-189070149184-DR VIA UPI,004716864103,"12,950.74",,49825.02
24/04/26,UPI-Indane Gas-indanegas@upi-221118036278-DR VIA UPI,810704944675,850.87,,48974.15
24/04/26,UPI-Rapido-rapido@icici-402965970212-DR VIA UPI,650021873772,710.60,,48263.55
25/04/26,UPI-Jio Recharge-jio@paytm-512794619363-DR VIA UPI,487119859435,319.00,,47944.55
25/04/26,UPI-Babita Ghosh-babita620@apl-164718157124-CR VIA UPI,231854235917,,"15,650.17",63594.72
25/04/26,POS V MART NAGPUR,421817930090,"6,200.13",,57394.59
26/04/26,UPI-Sanjay Kapoor-sanjay.kapoor@ptsbi-666506542265-DR VIA UPI,600732736373,"12,200.93",,45193.66
26/04/26,UPI-Manish Sethi-manishseth91@okaxis-636837797128-CR VIA UPI,634473451275,,"14,150.44",59344.10
26/04/26,POS HP PETROL PUMP NAGPUR,347858493338,"1,800.60",,57543.50
27/04/26,UPI-Rapido-rapido@icici-571423305613-DR VIA UPI,195347039925,450.93,,57092.57
29/04/26,UPI-IRCTC-irctc@upi-364876633120-DR VIA UPI,440618083776,199.00,,56893.57
29/04/26,UPI-Ola Cabs-olamoney@ola-977898217071-DR VIA UPI,496320136838,700.65,,56192.92
29/04/26,UPI-BigBasket-bigbasket@ybl-556707625716-DR VIA UPI,080286540260,590.19,,55602.73
30/04/26,POS STAR BAZAAR NAGPUR,549430228307,"3,650.63",,51952.10
01/05/26,UPI-Ankit Banerjee-ankit668@upi-610115129096-CR VIA UPI,757871863918,,"7,100.39",59052.49
01/05/26,UPI-Mohan Yadav-mohan.yadav@pthdfc-593773501496-DR VIA UPI,946391321341,"14,400.01",,44652.48
01/05/26,UPI-Ola Cabs-olamoney@ola-739484448722-DR VIA UPI,152407261942,650.14,,44002.34
02/05/26,UPI-Rajan Ghosh-rajanghos64@okicici-364317468925-DR VIA UPI,842689168894,"9,750.86",,34251.48
02/05/26,UPI-Amazon Pay-amazon@apl-250941594516-DR VIA UPI,832422799778,"2,400.34",,31851.14
02/05/26,UPI-Jio Recharge-jio@paytm-398651491090-DR VIA UPI,494367310993,250.60,,31600.54
03/05/26,SALARY-S7713151163011/NEFT/Patni Computer Systems,056620928823,,"132,850.45",164450.99
03/05/26,UPI-Pooja Thapar-pooja.thapar@ptyes-137670543513-DR VIA UPI,533538714116,"17,100.75",,147350.24
04/05/26,ATW-XXXXXX3809-YFD16244-NAGPUR 523771652009,364827128121,"3,000.00",,144350.24
05/05/26,UPI-Ola Cabs-olamoney@ola-049167654000-DR VIA UPI,882851479906,410.27,,143939.97
05/05/26,ECS-NACH-RNT0524888-RENT MANDATE,591994006477,"21,500.00",,122439.97
05/05/26,UPI-Dinesh Iyer-dineshiyer90@paytm-539395837924-CR VIA UPI,824126478268,,"10,000.62",132440.59
05/05/26,UPI-Arun Saxena-arun.saxena@kotak-512728247155-CR VIA UPI,463011076818,,"3,200.28",135640.87
06/05/26,UPI-Renu Kapoor-5809471863@aubank-653116145097-DR VIA UPI,970313428983,200.19,,135440.68
07/05/26,UPI-Jio Recharge-jio@paytm-390604210706-DR VIA UPI,439725859555,649.00,,134791.68
07/05/26,UPI-Paytm Mall-paytm@paytm-677344974867-DR VIA UPI,326783514300,"1,640.10",,133151.58
07/05/26,UPI-PhonePe Merchant-phonepe@ybl-874719420080-DR VIA UPI,540890924059,580.63,,132570.95
07/05/26,UPI-Zomato-zomato@axisbank-490717834949-DR VIA UPI,872531717312,"1,450.27",,131120.68
08/05/26,UPI-Meesho-meesho@ybl-608766590124-DR VIA UPI,902630442747,"1,200.63",,129920.05
08/05/26,UPI-Uber India-uber@paytm-473049999383-DR VIA UPI,302582625565,540.24,,129379.81
08/05/26,UPI-Ola Cabs-olamoney@ola-352212198083-DR VIA UPI,812993111216,600.76,,128779.05
09/05/26,UPI-Mohit Nambiar-7168112552@kotak-818301762970-CR VIA UPI,635843340688,,"15,600.38",144379.43
09/05/26,ECS-NACH-LN036712399449-Tata Capital Finance,264951980668,"10,500.00",,133879.43
09/05/26,ATW-XXXXXX8084-UDX98852-NAGPUR 033283994089,521920222877,"6,500.00",,127379.43
09/05/26,UPI-Myntra-myntra@ybl-420369657517-DR VIA UPI,187218345633,"3,900.97",,123478.46
09/05/26,UPI-Seema Banerjee-seema462@paytm-764097851460-DR VIA UPI,216154534293,"4,100.69",,119377.77
09/05/26,UPI-Jio Recharge-jio@paytm-763457610857-DR VIA UPI,477491759266,609.00,,118768.77
