Bank Name,AXIS BANK LIMITED
Account Number,351544452945333
Account Holder Name,SANGITA MUKHERJEE
Branch,MAIN MARKET
IFSC Code,UTIB0421357
Statement Period,01-12-2024 To 08-05-2026

Date,Description,Ref/ChequeNo,Debit,Credit,Balance
01-12-2024,UPIP2M459711331636PhonePeMerchUPIICICI,306414988442,700.79,,97299.90
01-12-2024,UPIP2M805194119579RadhaPatelUPIPUNB,227781459586,"4,900.77",,92399.13
02-12-2024,UPIP2M177890919050BlinkitUPIICICI,833454670600,"2,800.98",,89598.15
02-12-2024,UPIP2M912453887578OlaCabsUPIPAYTM,433322856009,570.55,,89027.60
02-12-2024,UPIP2M546835943489RapidoUPIPAYTM,508159133686,130.48,,88897.12
02-12-2024,SALARY/S2194095595778/HDFC Life Insurance,692159172538,,"145,985.72",234882.84
03-12-2024,POS RELIANCE MART HYDERABAD,468368354949,"2,700.75",,232182.09
05-12-2024,UPIP2A753413045545AnilGuptaUPIUCBA,076402045549,,"8,500.04",240682.13
06-12-2024,UPIP2M252476867231HDFCLifeInsuUPILICI,749650007886,"2,300.00",,238382.13
07-12-2024,NACH/MANDATE/RNT7127000/RENT MANDATE,738409334421,"22,000.00",,216382.13
07-12-2024,UPIP2M356541864676ZomatoUPIICICI,329925916218,"2,180.63",,214201.50
07-12-2024,UPIP2M486672524283RapidoUPIPAYTM,977560622353,440.68,,213760.82
08-12-2024,NEFT/N3192406430756/Blue Dart Express Lt/PUNB0588223,635918927815,,"7,000.58",220761.40
08-12-2024,POS HP PETROL PUMP HYDERABA,332019064987,"3,900.32",,216861.08
10-12-2024,UPIP2A452288858490PriyaDesaiUPIFDRL,496656113629,,"1,050.18",217911.26
10-12-2024,ATMCASHAXISFZT80621855HYDERA,017994481366,"10,000.00",,207911.26
12-12-2024,ATMCASHAXISIVW99470305HYDERA,412590193701,"4,000.00",,203911.26
12-12-2024,POS V MART HYDERABAD,448281203069,"5,900.46",,198010.80
12-12-2024,ATMCASHAXISZGS03294210HYDERA,556651137218,"8,000.00",,190010.80
12-12-2024,UPIP2M575329929030ZeptoUPIICICI,972591548433,"2,010.43",,188000.37
12-12-2024,UPIP2M322699082738KavitaSrivasUPIFDRL,866047393547,"6,550.56",,181449.81
13-12-2024,UPIP2A647761120176VikasPatilUPIBDBL,662920948768,,"11,750.91",193200.72
13-12-2024,UPIP2M458645301571OlaCabsUPIPAYTM,056922569894,760.42,,192440.30
13-12-2024,UPIP2M726435178780DunzoUPIICICI,602680446934,"2,390.13",,190050.17
14-12-2024,UPIP2A938874546836JyotiMalhotrUPIBKID,820034183753,,"17,500.71",207550.88
14-12-2024,UPIP2M141862139050JioRechargeUPIPAYTM,000669498122,909.00,,206641.88
14-12-2024,POS MAX FASHION HYDERABAD,734561450545,"4,350.30",,202291.58
15-12-2024,ATMCASHAXISQKS72264247HYDERA,140639998758,"5,500.00",,196791.58
16-12-2024,UPIP2M839505740548ZomatoUPIICICI,768725327382,"1,360.53",,195431.05
16-12-2024,POS VISHAL MEGA MART HYDERABAD,268449955514,"5,100.05",,190331.00
17-12-2024,NACH/MANDATE/SIP5305240/Axis Mutual Fund,923568395162,"5,500.00",,184831.00
18-12-2024,UPIP2M367529850664RohitNaikUPIUTIB,386248784730,"21,400.27",,163430.73
19-12-2024,UPIP2M825744791393IndaneGasUPIICICI,219130878306,"2,100.36",,161330.37
19-12-2024,UPIP2M523185847047CESCLimitedUPIUPIN,496322104733,"1,950.00",,159380.37
20-12-2024,POS HP PETROL PUMP HYDERABA,665584433138,"4,150.15",,155230.22
21-12-2024,UPIP2A593967103709HarishVermaUPIUTIB,624192659092,,"9,350.08",164580.30
21-12-2024,ATMCASHAXISJNU10980828HYDERA,825880577496,"7,500.00",,157080.30
21-12-2024,UPIP2M724529136309SunilNaikUPIHDFC,910977247296,"17,150.89",,139929.41
21-12-2024,UPIP2M376755495076BSNLBroadbanUPIICICI,213158238143,420.08,,139509.33
23-12-2024,UPIP2M162027635841FlipkartUPIPAYTM,609250382764,"1,050.55",,138458.78
23-12-2024,UPIP2A461583841076SeemaTiwariUPIBARB,767592620670,,"18,200.28",156659.06
27-12-2024,UPIP2M188311662434ApolloPharmaUPIICICI,374431282179,899.00,,155760.06
27-12-2024,UPIP2M711086650643JioRechargeUPIPAYTM,866145197086,839.00,,154921.06
27-12-2024,ATMCASHAXISFJJ03747488HYDERA,766684804371,"9,000.00",,145921.06
27-12-2024,UPIP2A282203296295SapnaNaikUPIUTIB,381079633681,,"7,600.16",153521.22
28-12-2024,INTEREST CREDIT,593678585017,,680.98,154202.20
28-12-2024,UPIP2A347147509619SantoshDesaiUPIPUNB,866344264742,,"11,300.41",165502.61
28-12-2024,UPIP2M168198451923JioRechargeUPIPAYTM,438962599050,789.00,,164713.61
29-12-2024,UPIP2M068249241749BSNLBroadbanUPIRAZORPAY,580583398872,949.00,,163764.61
29-12-2024,POS MAX FASHION HYDERABAD,057006981136,"4,700.02",,159064.59
30-12-2024,UPIP2A155382040279SunitaTiwariUPIBKID,554878913736,,"7,750.26",166814.85
30-12-2024,POS METRO CASH CARRY HYDERABAD,798717241340,"5,450.18",,161364.67
31-12-2024,UPIP2M929476616808ZomatoUPIICICI,532693973668,"2,750.27",,158614.40
01-01-2025,UPIP2M712320653958OlaCabsUPIPAYTM,729624910080,850.41,,157763.99
01-01-2025,POS CENTRAL MALL HYDERABAD,911877177405,"1,950.93",,155813.06
02-01-2025,UPIP2M018692605721PaytmMallUPIICICI,038608355222,"1,910.49",,153902.57
03-01-2025,UPIP2M963654094860FlipkartUPIICICI,965451505504,"1,580.47",,152322.10
03-01-2025,SALARY/S7519511725618/HDFC Life Insurance,990195552097,,"142,255.72",294577.82
03-01-2025,UPIP2M659789660974AmazonPayUPIICICI,751896080460,"2,760.49",,291817.33
04-01-2025,NACH/MANDATE/RNT7614025/RENT MANDATE,272881166488,"22,000.00",,269817.33
04-01-2025,UPIP2M754118516333VishalIyerUPIPUNB,787925132843,"18,050.64",,251766.69
04-01-2025,UPIP2M590213291230VijayDesaiUPIPUNB,199084182201,"13,400.79",,238365.90
05-01-2025,ATMCASHAXISLVJ36934349HYDERA,476612733898,"3,500.00",,234865.90
06-01-2025,UPIP2A136491677700MohanSinghUPIHDFC,470686009569,,400.05,235265.95
06-01-2025,UPIP2M844084813584GeetaYadavUPIBKID,395142279399,"16,150.71",,219115.24
06-01-2025,ATMCASHAXISJUV76648246HYDERA,549497114602,"5,500.00",,213615.24
07-01-2025,POS HP PETROL PUMP HYDERABA,320080467223,"3,050.19",,210565.05
07-01-2025,UPIP2M078612360561GauravKapoorUPIFDRL,927240522267,"10,900.54",,199664.51
09-01-2025,UPIP2A014155898146NaveenSrivasUPIBDBL,168057974850,,"19,950.97",219615.48
09-01-2025,UPIP2M224746105951CESCLimitedUPIUPIN,949361481416,"4,000.09",,215615.39
09-01-2025,UPIP2M773586034339OlaCabsUPIPAYTM,296716659634,380.83,,215234.56
09-01-2025,UPIP2M893668637987HDFCLifeInsuUPILICI,184253557715,"2,300.00",,212934.56
09-01-2025,UPIP2M614460860796BSNLBroadbanUPIRAZORPAY,386170405305,"1,099.00",,211835.56
09-01-2025,UPIP2M3670060026681mgUPIICICI,011419499746,"1,860.33",,209975.23
10-01-2025,UPIP2M898078865324NykaaUPIPAYTM,546295910654,"5,050.32",,204924.91
10-01-2025,UPIP2M826049872219AmazonPayUPIICICI,857122286807,"2,530.12",,202394.79
10-01-2025,POS RELIANCE MART HYDERABAD,654904643539,"6,750.04",,195644.75
11-01-2025,UPIP2A397353606261PrashantPatiUPIKKBK,568116884699,,"12,450.97",208095.72
11-01-2025,POS MORE SUPER MARKET HYDERABAD,304032190629,"4,400.94",,203694.78
12-01-2025,UPIP2M390033785248SapnaYadavUPIBKID,331857652313,"6,950.09",,196744.69
12-01-2025,UPIP2M489856252828BSNLBroadbanUPIICICI,556592981693,"1,420.62",,195324.07
13-01-2025,UPIP2M660612915057ZomatoUPIICICI,802658839673,"2,150.04",,193174.03
15-01-2025,UPIP2M951757352491AmazonPayUPIICICI,689670706376,250.23,,192923.80
15-01-2025,UPIP2M536234342906JioRechargeUPIPAYTM,671000226210,509.00,,192414.80
15-01-2025,POS SHOPPERS STOP HYDERABAD,638807686432,"1,800.08",,190614.72
15-01-2025,UPIP2M365020586793SantoshMishrUPIPUNB,746395128862,"14,050.80",,176563.92
16-01-2025,ATMCASHAXISZTI92024381HYDERA,395461434161,"4,000.00",,172563.92
17-01-2025,POS HP PETROL PUMP HYDERABA,836281623883,"2,500.32",,170063.60
18-01-2025,UPIP2M238103798426DunzoUPIICICI,593818152478,"2,200.51",,167863.09
18-01-2025,UPIP2M275522393016PhonePeMerchUPIICICI,978207741029,810.07,,167053.02
19-01-2025,UPIP2M969230893718JioRechargeUPIICICI,319941743570,770.76,,166282.26
19-01-2025,NACH/MANDATE/SIP3094591/Axis Mutual Fund,887053062388,"5,500.00",,160782.26
20-01-2025,UPIP2A187660573568SapnaPillaiUPIBARB,819685695916,,"11,650.50",172432.76
21-01-2025,ATMCASHAXISRBK80451457HYDERA,345280565512,"2,000.00",,170432.76
21-01-2025,POS HP PETROL PUMP HYDERABA,378428445065,"1,300.79",,169131.97
21-01-2025,UPIP2M260180890179UberIndiaUPIPAYTM,873351236042,500.77,,168631.20
22-01-2025,UPIP2M095560077733UberIndiaUPIICICI,892628805667,"2,260.52",,166370.68
23-01-2025,UPIP2M377786867072BabitaMishraUPISBIN,291678490947,"12,900.90",,153469.78
23-01-2025,UPIP2M520467032929UberIndiaUPIPAYTM,687077019789,790.11,,152679.67
23-01-2025,UPIP2M017623856755RapidoUPIPAYTM,494013881481,480.50,,152199.17
24-01-2025,NEFT/N8944070433859/NIIT Technologies/PUNB0370781,618250316648,,"49,500.72",201699.89
24-01-2025,UPIP2M137813660339UberIndiaUPIICICI,403244077530,450.34,,201249.55
24-01-2025,POS BIG BAZAAR HYDERABAD,439068183032,"1,950.76",,199298.79
25-01-2025,UPIP2M287985711800RapidoUPIPAYTM,497465004105,530.63,,198768.16
25-01-2025,UPIP2M357977984769DunzoUPIICICI,252920242681,130.23,,198637.93
25-01-2025,UPIP2A902403015273DivyaYadavUPISBIN,667707891799,,"9,100.50",207738.43
25-01-2025,UPIP2A460906387170MeenaBanerjeUPIUCBA,268229519187,,550.97,208289.40
26-01-2025,UPIP2M484898498209IndaneGasUPIICICI,611022622618,"1,700.29",,206589.11
26-01-2025,POS BHARAT PETROLEUM HYDERABA,570960952428,"4,350.81",,202238.30
27-01-2025,UPIP2A412942266825LalitChopraUPIHDFC,187773627367,,"9,300.50",211538.80
28-01-2025,UPIP2M471568129127JioRechargeUPIPAYTM,572736672908,979.00,,210559.80
28-01-2025,UPIP2M609883237275AnjaliReddyUPIUTIB,121704557551,700.50,,209859.30
29-01-2025,POS METRO CASH CARRY HYDERABAD,891001840275,"5,050.58",,204808.72
29-01-2025,UPIP2A826650886340RaviPillaiUPIUCBA,441721988144,,"21,100.08",225908.80
29-01-2025,UPIP2M887072221600KapilDasUPIBDBL,654865776905,"20,050.12",,205858.68
30-01-2025,UPIP2M402666953952PhonePeMerchUPIICICI,929426933402,"1,080.94",,204777.74
30-01-2025,UPIP2A509764456307AnkitNaikUPIBDBL,065184622280,,"10,000.52",214778.26
31-01-2025,UPIP2A987261833835KunalReddyUPISBIN,625358677217,,"12,550.32",227328.58
31-01-2025,UPIP2M021780246530SwatiShuklaUPIHDFC,637249106679,"9,200.03",,218128.55
31-01-2025,UPIP2M343292937035SwiggyUPIICICI,764241057355,"1,000.54",,217128.01
01-02-2025,UPIP2M403478622938VikasShahUPIBDBL,176033403802,"21,900.41",,195227.60
02-02-2025,IMPS/278822501892/Sunita Kapoor/FDRL,056690717069,"18,200.43",,177027.17
02-02-2025,SALARY/S6237997716201/HDFC Life Insurance,265221198106,,"144,183.72",321210.89
02-02-2025,UPIP2M964991692806MeeshoUPIPAYTM,647577824698,"4,950.13",,316260.76
03-02-2025,NACH/MANDATE/RNT6872732/RENT MANDATE,611633726723,"22,000.00",,294260.76
03-02-2025,UPIP2A574782839864DeepaSaxenaUPIBDBL,907426392025,,"21,400.34",315661.10
04-02-2025,UPIP2M022553904532PoonamMenonUPIUTIB,465333580261,"10,150.60",,305510.50
05-02-2025,UPIP2A594172999429YogeshDuttaUPIUTIB,321747715403,,"7,250.19",312760.69
06-02-2025,UPIP2M339595100624MohitIyerUPIUCBA,835685940932,"19,450.52",,293310.17
06-02-2025,UPIP2M957010557944ZeptoUPIICICI,108261553427,"1,190.23",,292119.94
07-02-2025,UPIP2M619455124866OlaCabsUPIPAYTM,156267424908,330.00,,291789.94
08-02-2025,UPIP2M980327545985BSNLBroadbanUPIICICI,846129520420,970.10,,290819.84
09-02-2025,UPIP2M740984560083HDFCLifeInsuUPILICI,050602233890,"2,300.00",,288519.84
10-02-2025,UPIP2A813585624713VandanaGhoshUPIKKBK,883463202774,,"7,200.78",295720.62
10-02-2025,UPIP2M501974643454JioRechargeUPIPAYTM,506788762653,629.00,,295091.62
10-02-2025,UPIP2M147923638893JioRechargeUPIPAYTM,260188571228,879.00,,294212.62
11-02-2025,UPIP2M055398775515JioRechargeUPIPAYTM,211290754235,529.00,,293683.62
11-02-2025,UPIP2M776940158685SoniaChopraUPIKKBK,517506480597,"5,100.34",,288583.28
11-02-2025,UPIP2M243276762603IndaneGasUPIICICI,954473174317,"2,600.48",,285982.80
12-02-2025,POS D MART HYDERABAD,416462717909,950.56,,285032.24
12-02-2025,UPIP2M414172084176UberIndiaUPIICICI,183015798841,"2,640.03",,282392.21
12-02-2025,UPIP2M647879899490NykaaUPIICICI,913874685481,649.00,,281743.21
13-02-2025,UPIP2A964035468085KunalAgarwalUPIFDRL,579037032087,,"6,550.51",288293.72
13-02-2025,UPIP2M263687959606HarishRoyUPIFDRL,139867865138,"6,300.39",,281993.33
13-02-2025,UPIP2M609926496992ZomatoUPIICICI,617645103478,"2,500.96",,279492.37
14-02-2025,UPIP2M926423997525OlaCabsUPIPAYTM,808825407604,550.20,,278942.17
14-02-2025,POS CENTRAL MALL HYDERABAD,887956757494,800.72,,278141.45
16-02-2025,UPIP2M350511475108AmitDesaiUPIBARB,851607996674,"3,700.30",,274441.15
16-02-2025,UPIP2M546634907253JioRechargeUPIPAYTM,323789413244,319.00,,274122.15
17-02-2025,POS RELIANCE MART HYDERABAD,012882747996,650.95,,273471.20
17-02-2025,POS INDIAN OIL HYDERABA,925364010436,"3,150.26",,270320.94
18-02-2025,UPIP2M343961458969PankajMukherUPIKKBK,744192890742,"14,350.66",,255970.28
18-02-2025,POS HP PETROL PUMP HYDERABA,190381726577,"3,950.67",,252019.61
18-02-2025,UPIP2M056742256826CESCLimitedUPIUPIN,113566656306,"3,500.97",,248518.64
18-02-2025,NACH/MANDATE/SIP5237502/Axis Mutual Fund,133060550232,"5,500.00",,243018.64
19-02-2025,UPIP2M065242938239BigBasketUPIICICI,675226262161,"1,280.70",,241737.94
20-02-2025,UPIP2M237071322338RapidoUPIPAYTM,205435404062,520.25,,241217.69
20-02-2025,UPIP2M604354635470TarunDubeyUPIBDBL,144042038725,"21,000.98",,220216.71
20-02-2025,UPIP2A962703783973TarunDesaiUPIBKID,891711722637,,"12,550.58",232767.29
20-02-2025,UPIP2A136384780147SunitaBajajUPISBIN,302553580451,,"2,200.84",234968.13
21-02-2025,UPIP2M739145366413MayaGuptaUPIKKBK,929376906198,"12,600.61",,222367.52
22-02-2025,UPIP2A157720418336ArchanaKumarUPIUCBA,731858784361,,"19,200.33",241567.85
22-02-2025,UPIP2M828828335991FlipkartUPIICICI,368251436377,"2,090.50",,239477.35
23-02-2025,UPIP2M881304635431RapidoUPIPAYTM,292402208906,340.27,,239137.08
24-02-2025,UPIP2M179913886921BSNLBroadbanUPIRAZORPAY,429353503264,849.00,,238288.08
24-02-2025,UPIP2M602899830663MeenaMalhotrUPIBKID,259453250377,"17,700.79",,220587.29
24-02-2025,UPIP2M975218669507RapidoUPIPAYTM,881356324258,100.71,,220486.58
25-02-2025,UPIP2M986015800748RaviDasUPIBARB,372717064072,"9,100.51",,211386.07
25-02-2025,UPIP2A945008539109KunalSethiUPIPUNB,044562973436,,"20,300.81",231686.88
27-02-2025,UPIP2M312153475129DunzoUPIICICI,763595948634,"1,280.76",,230406.12
27-02-2025,UPIP2M344202621656BSNLBroadbanUPIICICI,971109774713,660.58,,229745.54
27-02-2025,ATMCASHAXISNOQ70651199HYDERA,937764943722,"4,000.00",,225745.54
01-03-2025,UPIP2A644507475738VishalKhannaUPIHDFC,093251887720,,"5,550.92",231296.46
01-03-2025,UPIP2M2857564452121mgUPIICICI,004472454667,"3,350.52",,227945.94
01-03-2025,UPIP2M256453413424UberIndiaUPIICICI,400330962014,"2,720.80",,225225.14
01-03-2025,POS BRAND FACTORY HYDERABAD,999864171541,"8,050.06",,217175.08
01-03-2025,UPIP2M235318145772JioRechargeUPIPAYTM,620331928959,799.00,,216376.08
02-03-2025,UPIP2M225009364984UberIndiaUPIPAYTM,740052428697,720.42,,215655.66
02-03-2025,UPIP2M949297036981BigBasketUPIICICI,674748311986,"1,810.08",,213845.58
02-03-2025,UPIP2M133863347815NykaaUPIPAYTM,494975913764,900.87,,212944.71
03-03-2025,ATMCASHAXISJVG15809470HYDERA,118576944343,"9,500.00",,203444.71
03-03-2025,UPIP2M296734299999JioRechargeUPIICICI,316391179048,"2,700.78",,200743.93
03-03-2025,UPIP2A675276369362RaviThaparUPISBIN,362260156157,,"9,150.06",209893.99
03-03-2025,POS BIG BAZAAR HYDERABAD,845995872619,"2,900.66",,206993.33
03-03-2025,UPIP2M598551505266BSNLBroadbanUPIICICI,021669540943,870.78,,206122.55
04-03-2025,UPIP2M628637502632HDFCLifeInsuUPILICI,597690936919,"2,300.00",,203822.55
05-03-2025,UPIP2M502646417159FlipkartUPIICICI,563705931273,"1,850.93",,201971.62
05-03-2025,UPIP2M006023758818ZeptoUPIICICI,543540606126,380.50,,201591.12
05-03-2025,SALARY/S5226152820528/HDFC Life Insurance,356463757700,,"144,662.72",346253.84
05-03-2025,POS STAR BAZAAR HYDERABAD,503539642585,"2,350.33",,343903.51
06-03-2025,UPIP2A848052218459SeemaBanerjeUPIBARB,831670732628,,"6,250.94",350154.45
06-03-2025,ATMCASHAXISEQN37744493HYDERA,334930953420,"1,000.00",,349154.45
06-03-2025,UPIP2M008746630173PhonePeMerchUPIICICI,775038168215,"2,020.14",,347134.31
07-03-2025,UPIP2M936087955043MyntraUPIPAYTM,498858049433,550.03,,346584.28
07-03-2025,UPIP2M281592643137VishalMenonUPIKKBK,867059188132,"9,500.62",,337083.66
07-03-2025,UPIP2M957665427586MaheshIyerUPIHDFC,451734622662,"5,500.12",,331583.54
08-03-2025,UPIP2M804476427026ZeptoUPIICICI,858098338378,"2,700.06",,328883.48
08-03-2025,NACH/MANDATE/RNT2778850/RENT MANDATE,652808893891,"22,000.00",,306883.48
09-03-2025,UPIP2M959288336958JioRechargeUPIPAYTM,117356858822,419.00,,306464.48
10-03-2025,POS INDIAN OIL HYDERABA,874609201006,"4,400.61",,302063.87
10-03-2025,UPIP2M300254238331JioRechargeUPIPAYTM,876672800982,989.00,,301074.87
10-03-2025,UPIP2A326737257851AbhishekMishUPIFDRL,194159589110,,"5,600.80",306675.67
10-03-2025,UPIP2M069672210423BlinkitUPIICICI,971522513354,"1,700.58",,304975.09
11-03-2025,NEFT/N3272681424804/Arvind Ltd/HDFC0642773,301712500564,,"14,000.78",318975.87
11-03-2025,UPIP2M803299770727JioRechargeUPIPAYTM,959084686870,249.00,,318726.87
11-03-2025,POS STAR BAZAAR HYDERABAD,758561833329,"7,300.86",,311426.01
13-03-2025,NACH/MANDATE/SIP1207305/Axis Mutual Fund,196701118166,"5,500.00",,305926.01
13-03-2025,UPIP2M978641902514CESCLimitedUPIUPIN,380372283376,"1,400.13",,304525.88
14-03-2025,UPIP2M185689825227GopalDasUPIBDBL,447769466102,"10,800.06",,293725.82
15-03-2025,UPIP2M012170145109RituChaudharUPIPUNB,498915313346,"4,100.45",,289625.37
15-03-2025,UPIP2M183534181762JioRechargeUPIPAYTM,822383206159,749.00,,288876.37
15-03-2025,UPIP2M628092384600OlaCabsUPIPAYTM,537525176825,180.97,,288695.40
16-03-2025,ATMCASHAXISJZP18002634HYDERA,395434335311,"9,500.00",,279195.40
16-03-2025,POS BHARAT PETROLEUM HYDERABA,107225648416,"3,050.71",,276144.69
16-03-2025,UPIP2M084613137198JioRechargeUPIPAYTM,383772239340,579.00,,275565.69
16-03-2025,UPIP2M833682937859PrashantKulkUPIBARB,579909077536,"9,500.37",,266065.32
16-03-2025,POS RELIANCE MART HYDERABAD,397807395830,"7,300.27",,258765.05
16-03-2025,POS SHELL FUEL STATION HYDERABA,295788259422,"3,250.29",,255514.76
16-03-2025,UPIP2M955784832149BSNLBroadbanUPIICICI,762470513658,900.42,,254614.34
18-03-2025,UPIP2M214118738119SwiggyUPIICICI,981114671197,"1,660.96",,252953.38
18-03-2025,POS BHARAT PETROLEUM HYDERABA,190077576374,"1,350.14",,251603.24
19-03-2025,UPIP2M735586996846FlipkartUPIICICI,435245787958,690.62,,250912.62
19-03-2025,ATMCASHAXISROQ84547098HYDERA,724812016088,"2,000.00",,248912.62
20-03-2025,UPIP2M165785862665BSNLBroadbanUPIRAZORPAY,394220308116,899.00,,248013.62
21-03-2025,UPIP2M897785680068MyntraUPIICICI,572899675095,499.00,,247514.62
21-03-2025,UPIP2M287479583055AmazonPayUPIICICI,356690749611,890.19,,246624.43
21-03-2025,UPIP2M158647452716BSNLBroadbanUPIICICI,809345441944,"1,790.98",,244833.45
22-03-2025,UPIP2M782348799474ZeptoUPIICICI,007338336213,"2,430.98",,242402.47
22-03-2025,UPIP2M100093074115RapidoUPIPAYTM,143016151362,650.32,,241752.15
22-03-2025,UPIP2A840188683615SnehaSenUPIBDBL,503418626796,,"19,750.01",261502.16
23-03-2025,UPIP2A932163987982MeenaPillaiUPIFDRL,421518912857,,"18,150.03",279652.19
23-03-2025,UPIP2M083638444857RapidoUPIPAYTM,714476701913,390.53,,279261.66
24-03-2025,UPIP2M899281113487IndaneGasUPIICICI,595780258133,900.74,,278360.92
25-03-2025,ATMCASHAXISDRN13259420HYDERA,036360554917,"4,500.00",,273860.92
27-03-2025,Monthly Service Chrgs,581067366914,520.00,,273340.92
27-03-2025,UPIP2M026254854316AmazonPayUPIPAYTM,100174144064,"5,400.30",,267940.62
27-03-2025,UPIP2M971878606370ZeptoUPIICICI,690846745287,"1,800.06",,266140.56
27-03-2025,INTEREST CREDIT,699713431388,,245.62,266386.18
27-03-2025,GST ON CHARGES,539628667791,93.60,,266292.58
28-03-2025,UPIP2M199279929580OlaCabsUPIICICI,084349559684,"2,200.36",,264092.22
29-03-2025,UPIP2M146571884295ArunAgarwalUPIUCBA,901501549540,"12,350.87",,251741.35
29-03-2025,UPIP2M156264277573UberIndiaUPIPAYTM,286434899852,430.49,,251310.86
29-03-2025,UPIP2M683278183957SanjayRoyUPIUCBA,449825911506,"10,450.93",,240859.93
29-03-2025,UPIP2M088969791678RapidoUPIPAYTM,702407847170,680.80,,240179.13
29-03-2025,POS CENTRAL MALL HYDERABAD,933205097016,"1,900.96",,238278.17
31-03-2025,ATMCASHAXISVWK78001387HYDERA,334514342017,"7,000.00",,231278.17
31-03-2025,UPIP2M204524657402SwiggyUPIICICI,848612727585,"1,910.36",,229367.81
31-03-2025,UPIP2M405502027994JioRechargeUPIICICI,755739460159,530.35,,228837.46
02-04-2025,UPIP2M215061831871MinaDubeyUPIPUNB,019601454540,"3,900.38",,224937.08
02-04-2025,UPIP2A585991410950SeemaAgarwalUPIHDFC,888857293958,,"11,000.40",235937.48
02-04-2025,UPIP2M587027425502SoniaSharmaUPISBIN,408133650157,"13,000.12",,222937.36
03-04-2025,UPIP2M206642688336PoonamThaparUPIFDRL,785373221231,"5,400.72",,217536.64
04-04-2025,SALARY/S8503273064380/HDFC Life Insurance,853444857573,,"142,796.72",360333.36
04-04-2025,UPIP2M994637875941ZomatoUPIICICI,098182422903,330.93,,360002.43
04-04-2025,UPIP2M379016202506NykaaUPIPAYTM,373779041814,"4,850.26",,355152.17
05-04-2025,UPIP2M969841179772OlaCabsUPIPAYTM,787222920121,770.35,,354381.82
05-04-2025,UPIP2M505601179311HDFCLifeInsuUPILICI,469528104626,"2,300.00",,352081.82
05-04-2025,UPIP2M350308786443ManojIyerUPIBARB,996012483511,"8,800.39",,343281.43
05-04-2025,UPIP2M640019922759RapidoUPIPAYTM,235276072160,380.30,,342901.13
05-04-2025,UPIP2M148668481785SunilSenUPIPUNB,118348060799,"19,750.29",,323150.84
06-04-2025,UPIP2M465701356426MeenaAgarwalUPIFDRL,132576852400,"12,550.97",,310599.87
06-04-2025,UPIP2A997379706485SumitDubeyUPIHDFC,651590719207,,"5,300.12",315899.99
06-04-2025,IMPS/978043911198/Maya Pillai/KKBK,854613813720,"39,000.18",,276899.81
07-04-2025,NACH/MANDATE/RNT5804859/RENT MANDATE,129726184870,"22,000.00",,254899.81
07-04-2025,UPIP2M313016505527DunzoUPIICICI,112192960218,380.96,,254518.85
08-04-2025,UPIP2M753517265761ApolloPharmaUPIICICI,944842687609,"1,740.45",,252778.40
08-04-2025,UPIP2M937521523600SunilSharmaUPIHDFC,761351013872,"12,100.83",,240677.57
08-04-2025,UPIP2M016221606387OlaCabsUPIPAYTM,390651399107,190.74,,240486.83
08-04-2025,UPIP2M418176125422MakeMyTripUPIICICI,818899136919,549.00,,239937.83
08-04-2025,UPIP2M393849032283DeepakPillaiUPIBARB,551947592644,"5,550.44",,234387.39
09-04-2025,UPIP2M111516934188PaytmMallUPIICICI,333041204520,760.08,,233627.31
09-04-2025,ATMCASHAXISXKV75604061HYDERA,198955054422,"5,000.00",,228627.31
09-04-2025,UPIP2A626324556509LataPillaiUPIBARB,985142726084,,"11,800.40",240427.71
10-04-2025,UPIP2M937314409415AmazonPayUPIICICI,599361779544,"1,070.40",,239357.31
10-04-2025,UPIP2M900857976418BSNLBroadbanUPIICICI,367860253081,490.10,,238867.21
10-04-2025,POS PANTALOONS HYDERABAD,630861301687,"2,750.13",,236117.08
10-04-2025,UPIP2A558613240300MohanNairUPISBIN,316688695064,,"21,700.68",257817.76
11-04-2025,UPIP2A191744587170PankajVermaUPISBIN,631866326089,,"18,200.01",276017.77
11-04-2025,NACH/MANDATE/SIP2994372/Axis Mutual Fund,975706524408,"5,500.00",,270517.77
11-04-2025,UPIP2M801321233125JioRechargeUPIPAYTM,788608941888,229.00,,270288.77
12-04-2025,UPIP2M381062770808UberIndiaUPIPAYTM,553305226153,100.67,,270188.10
12-04-2025,UPIP2M357662900240ArchanaShuklUPIHDFC,239658737247,"17,700.55",,252487.55
12-04-2025,POS SHOPPERS STOP HYDERABAD,653704252732,"4,000.60",,248486.95
14-04-2025,ATMCASHAXISZER41387099HYDERA,802980320234,"10,000.00",,238486.95
17-04-2025,NEFT/N7326791452119/Patni Computer Syste/UTIB0292127,759514232309,,"44,500.81",282987.76
17-04-2025,UPIP2M657089551012UberIndiaUPIICICI,152109298154,"2,740.71",,280247.05
17-04-2025,UPIP2M053987112950RapidoUPIPAYTM,683175318947,180.86,,280066.19
17-04-2025,ATMCASHAXISMGY64571254HYDERA,283040640314,"10,000.00",,270066.19
18-04-2025,UPIP2M499291627662BigBasketUPIICICI,324674226027,"2,160.93",,267905.26
19-04-2025,UPIP2M985567106177CESCLimitedUPIUPIN,189487758881,"3,700.92",,264204.34
19-04-2025,UPIP2M395639779639JioRechargeUPIPAYTM,715110238101,659.00,,263545.34
20-04-2025,UPIP2M629949624990TarunGhoshUPIUCBA,790232145760,"6,000.33",,257545.01
21-04-2025,UPIP2M579456841787MeeshoUPIPAYTM,834453921832,"5,900.47",,251644.54
22-04-2025,POS STAR BAZAAR HYDERABAD,979664778049,"3,300.74",,248343.80
22-04-2025,UPIP2A553156135015VishalNairUPIPUNB,487580671548,,"19,900.10",268243.90
22-04-2025,ATMCASHAXISPAA90274602HYDERA,703579356785,"4,500.00",,263743.90
23-04-2025,POS METRO CASH CARRY HYDERABAD,335457204727,"4,400.85",,259343.05
23-04-2025,UPIP2A340027082523RaniSinghUPIBDBL,470089284816,,"12,950.90",272293.95
24-04-2025,POS CENTRAL MALL HYDERABAD,613127119515,"7,100.76",,265193.19
24-04-2025,POS BHARAT PETROLEUM HYDERABA,312763613631,"3,200.96",,261992.23
24-04-2025,UPIP2M542054974270BSNLBroadbanUPIRAZORPAY,447627537411,299.00,,261693.23
25-04-2025,UPIP2M984313814677BigBasketUPIICICI,892340473093,"2,340.38",,259352.85
25-04-2025,UPIP2A288325737830SaritaVermaUPIUCBA,456617833837,,950.30,260303.15
25-04-2025,UPIP2M383444721003IndaneGasUPIICICI,483200194110,"1,000.97",,259302.18
26-04-2025,POS SHELL FUEL STATION HYDERABA,743691644369,"3,550.04",,255752.14
27-04-2025,UPIP2M957280665067BigBasketUPIICICI,608974204930,"1,070.10",,254682.04
27-04-2025,UPIP2A593937534019SaritaBanerjUPIPUNB,730239870781,,"17,800.55",272482.59
27-04-2025,UPIP2M663699410074PhonePeMerchUPIICICI,088643232315,"1,310.47",,271172.12
28-04-2025,UPIP2M852808157174OlaCabsUPIICICI,830294811458,"1,290.72",,269881.40
28-04-2025,UPIP2M589247707924DunzoUPIICICI,643141462941,"2,320.77",,267560.63
29-04-2025,UPIP2A766574688311NareshKapoorUPIHDFC,611152029191,,"8,750.99",276311.62
30-04-2025,ATMCASHAXISGLQ82630062HYDERA,272280093266,"7,000.00",,269311.62
30-04-2025,UPIP2M600546240712SiddharthNaiUPIUTIB,851038785767,"6,050.23",,263261.39
01-05-2025,Monthly Service Chrgs,821028059263,160.00,,263101.39
01-05-2025,UPIP2M319401467081PrashantSharUPISBIN,548850809367,"4,650.40",,258450.99
01-05-2025,UPIP2M151404114707SnehaSrivastUPIBDBL,934323740798,"7,850.09",,250600.90
01-05-2025,GST ON CHARGES,335995122275,28.80,,250572.10
01-05-2025,UPIP2A462877650599RajanKhannaUPIBDBL,210216661804,,"6,200.27",256772.37
02-05-2025,UPIP2M499623069066MakeMyTripUPIICICI,048553918785,749.00,,256023.37
02-05-2025,UPIP2M026995323389OlaCabsUPIPAYTM,989689670412,330.56,,255692.81
03-05-2025,UPIP2A746012386963AjayChaudharUPIKKBK,356635724032,,"15,150.73",270843.54
04-05-2025,UPIP2M538870930622UberIndiaUPIPAYTM,811805245574,860.50,,269983.04
04-05-2025,UPIP2M326508489994JioRechargeUPIPAYTM,305030241811,289.00,,269694.04
04-05-2025,UPIP2M826864320336FlipkartUPIPAYTM,894873921312,600.39,,269093.65
05-05-2025,SALARY/S5274942998366/HDFC Life Insurance,871294232534,,"144,819.72",413913.37
05-05-2025,UPIP2M619644296665FlipkartUPIICICI,089205977048,840.62,,413072.75
05-05-2025,UPIP2M101238313682HDFCLifeInsuUPILICI,879078693615,"2,300.00",,410772.75
06-05-2025,UPIP2M084965189767AshishRoyUPIBKID,654460908447,"21,600.25",,389172.50
06-05-2025,UPIP2M063240604323AmazonPayUPIICICI,343926017884,320.08,,388852.42
08-05-2025,UPIP2M224331751836RameshDubeyUPISBIN,963163533092,"8,900.94",,379951.48
08-05-2025,NACH/MANDATE/RNT5050558/RENT MANDATE,552107475461,"22,000.00",,357951.48
09-05-2025,UPIP2M071149929968AmazonPayUPIICICI,825034973235,"2,660.12",,355291.36
09-05-2025,UPIP2M806142678911PhonePeMerchUPIICICI,434542493363,630.09,,354661.27
10-05-2025,UPIP2A274650298729SwatiDubeyUPIUCBA,803601681836,,"11,450.11",366111.38
10-05-2025,ATMCASHAXISCVK00052660HYDERA,053903045487,"1,500.00",,364611.38
11-05-2025,UPIP2M738260367799OlaCabsUPIPAYTM,700977955624,190.52,,364420.86
12-05-2025,UPIP2M112238897430OlaCabsUPIICICI,183026697235,"1,310.19",,363110.67
12-05-2025,POS RELIANCE PETROLEUM HYDERABA,774908164554,"1,350.41",,361760.26
13-05-2025,ATMCASHAXISMXG55687290HYDERA,098977832379,"9,500.00",,352260.26
13-05-2025,UPIP2M7503946244971mgUPIICICI,052313618226,"1,070.51",,351189.75
14-05-2025,UPIP2M806119678381SwiggyUPIICICI,929957264648,"1,360.60",,349829.15
15-05-2025,UPIP2M497254778866SaurabhGuptaUPIFDRL,661951453805,"6,300.73",,343528.42
15-05-2025,UPIP2M959827421560RapidoUPIPAYTM,021562748141,440.11,,343088.31
15-05-2025,ATMCASHAXISYPB29436937HYDERA,941856353733,"3,500.00",,339588.31
16-05-2025,UPIP2M785640334960JioRechargeUPIPAYTM,967328699869,259.00,,339329.31
16-05-2025,UPIP2M285105768956PallaviChoprUPIUTIB,424338664799,"14,050.11",,325279.20
16-05-2025,UPIP2M611819709404SunitaPandeyUPIBARB,773574736982,"11,650.58",,313628.62
17-05-2025,NACH/MANDATE/SIP4322684/Axis Mutual Fund,039296199336,"5,500.00",,308128.62
18-05-2025,UPIP2M629056846234AmazonPayUPIICICI,058936689340,200.96,,307927.66
18-05-2025,UPIP2M964087673744PaytmMallUPIICICI,343297092516,"2,610.15",,305317.51
18-05-2025,UPIP2A365184249972SoniaKulkarnUPISBIN,983440484214,,"12,200.83",317518.34
20-05-2025,UPIP2M968952110805CESCLimitedUPIUPIN,635868064199,"2,000.58",,315517.76
20-05-2025,UPIP2M517685820103PaytmMallUPIICICI,751130733742,"1,590.10",,313927.66
20-05-2025,POS VISHAL MEGA MART HYDERABAD,626401213346,"1,800.45",,312127.21
20-05-2025,UPIP2M920162225673ShreyaDuttaUPIHDFC,278509534557,"15,050.34",,297076.87
21-05-2025,POS BRAND FACTORY HYDERABAD,212507015441,"6,350.91",,290725.96
21-05-2025,UPIP2M499543608006BigBasketUPIICICI,709098359784,"1,130.90",,289595.06
21-05-2025,UPIP2A453178499414SeemaAgarwalUPIUTIB,298610138657,,"10,400.64",299995.70
24-05-2025,UPIP2A915471079687RituShuklaUPIBARB,726008704979,,"10,900.15",310895.85
24-05-2025,POS METRO CASH CARRY HYDERABAD,653637557640,"5,750.72",,305145.13
24-05-2025,POS HP PETROL PUMP HYDERABA,155470969529,"3,400.45",,301744.68
24-05-2025,UPIP2M198670733959BSNLBroadbanUPIICICI,964580014153,"2,630.39",,299114.29
24-05-2025,UPIP2M960199511686OlaCabsUPIICICI,077843171452,"1,320.94",,297793.35
25-05-2025,UPIP2M856537282618IndaneGasUPIICICI,557848352926,800.52,,296992.83
25-05-2025,IMPS/124394928340/Anita Shah/PUNB,353287563616,"7,700.15",,289292.68
26-05-2025,UPIP2M230100282979UberIndiaUPIPAYTM,389790115615,780.83,,288511.85
27-05-2025,UPIP2A291607118452YogeshSaxenaUPIPUNB,799527778420,,"14,000.78",302512.63
27-05-2025,UPIP2A124803428825UshaPatilUPIUCBA,542537462733,,"16,850.31",319362.94
28-05-2025,UPIP2M949545861010OlaCabsUPIICICI,336741097530,"1,740.74",,317622.20
28-05-2025,UPIP2M812084235355UberIndiaUPIICICI,484132992193,"2,680.65",,314941.55
29-05-2025,UPIP2M370614351886OlaCabsUPIPAYTM,885307418357,340.10,,314601.45
30-05-2025,Monthly Service Chrgs,218118889229,60.00,,314541.45
30-05-2025,GST ON CHARGES,173890336776,10.80,,314530.65
31-05-2025,UPIP2A473969192052HarishSinghUPIUCBA,857010951774,,"13,500.40",328031.05
31-05-2025,UPIP2M109083583742BigBasketUPIICICI,748452916740,"2,290.94",,325740.11
31-05-2025,UPIP2M385528759784UberIndiaUPIICICI,493812668307,"1,150.96",,324589.15
31-05-2025,UPIP2M696058133220SwiggyUPIICICI,735082367774,330.16,,324258.99
31-05-2025,UPIP2M206877123857ZomatoUPIICICI,396650982876,"1,300.37",,322958.62
31-05-2025,UPIP2A732645447689RahulSethiUPIBKID,230895558972,,"18,900.69",341859.31
01-06-2025,ATMCASHAXISMLQ08618891HYDERA,281199359722,"9,500.00",,332359.31
02-06-2025,ATMCASHAXISMZO73584580HYDERA,100900797228,"10,000.00",,322359.31
02-06-2025,UPIP2M101639148569ShwetaGhoshUPIKKBK,003788432117,"15,100.16",,307259.15
02-06-2025,UPIP2M580451978386UberIndiaUPIPAYTM,049828838305,880.24,,306378.91
02-06-2025,UPIP2M660278082245FlipkartUPIICICI,222953708335,"2,470.30",,303908.61
04-06-2025,UPIP2M528051780895SaritaPatilUPIUCBA,161140680979,"19,550.23",,284358.38
04-06-2025,UPIP2M873979375575HDFCLifeInsuUPILICI,011712170373,"2,300.00",,282058.38
05-06-2025,UPIP2A501332846710ShwetaMukherUPIFDRL,367361601810,,"18,150.69",300209.07
05-06-2025,SALARY/S3669736997126/HDFC Life Insurance,533001141194,,"145,098.72",445307.79
06-06-2025,UPIP2M563513144716SwiggyUPIICICI,508128121858,130.14,,445177.65
07-06-2025,UPIP2M834699341981PaytmMallUPIICICI,244700376627,550.53,,444627.12
07-06-2025,UPIP2M318589459912SapnaSaxenaUPISBIN,090842615327,"21,500.97",,423126.15
10-06-2025,UPIP2M226538480194JioRechargeUPIPAYTM,725276192665,859.00,,422267.15
10-06-2025,UPIP2M344390035706BSNLBroadbanUPIRAZORPAY,618296864398,299.00,,421968.15
10-06-2025,NACH/MANDATE/RNT9335084/RENT MANDATE,281844334003,"22,000.00",,399968.15
11-06-2025,UPIP2A012421682350NehaDasUPIBARB,529341711672,,"4,850.81",404818.96
13-06-2025,NACH/MANDATE/SIP0894135/Axis Mutual Fund,147468306358,"5,500.00",,399318.96
14-06-2025,UPIP2M093350145710ZeptoUPIICICI,185788322535,"1,800.17",,397518.79
15-06-2025,UPIP2M359830415385NaveenMalhotUPIBARB,099900911459,"5,950.35",,391568.44
15-06-2025,UPIP2M970847303554JioRechargeUPIICICI,255488256771,"1,160.48",,390407.96
15-06-2025,UPIP2M267406565386CESCLimitedUPIUPIN,778400811113,"2,100.52",,388307.44
16-06-2025,UPIP2M692342724673JioRechargeUPIPAYTM,944188423117,289.00,,388018.44
16-06-2025,UPIP2M020385005299RajanMishraUPIUCBA,907894356311,"9,800.69",,378217.75
16-06-2025,UPIP2M697025124349DineshNambiaUPIBDBL,392287589042,"4,250.65",,373967.10
16-06-2025,POS MORE SUPER MARKET HYDERABAD,570707831044,"6,950.33",,367016.77
17-06-2025,NEFT/N8154084763514/Hexaware Technologie/BARB0169107,188091308787,,"47,000.93",414017.70
17-06-2025,UPIP2M260115323238UberIndiaUPIPAYTM,780636275812,880.74,,413136.96
17-06-2025,UPIP2M207977246174BSNLBroadbanUPIICICI,428362983165,940.72,,412196.24
17-06-2025,UPIP2M416533252642BSNLBroadbanUPIICICI,844575546873,"1,450.60",,410745.64
17-06-2025,UPIP2M509393258488NetmedsUPIICICI,570994354158,490.30,,410255.34
17-06-2025,UPIP2M649462472897AkashNairUPIUCBA,489323338082,"5,900.80",,404354.54
18-06-2025,UPIP2M647483435942IndaneGasUPIICICI,221747022228,"2,500.89",,401853.65
18-06-2025,UPIP2A490818753830MayaVermaUPIBKID,486345075590,,"17,550.17",419403.82
18-06-2025,UPIP2M384196918952ZomatoUPIICICI,559752125121,"1,260.62",,418143.20
20-06-2025,UPIP2M182272438188UberIndiaUPIPAYTM,333775897877,200.64,,417942.56
21-06-2025,UPIP2M267731461213ZeptoUPIICICI,911155548692,"1,670.70",,416271.86
22-06-2025,UPIP2M967292490039MyntraUPIPAYTM,925340744105,"3,300.32",,412971.54
22-06-2025,UPIP2A068155302184PriyaSaxenaUPIKKBK,684060737182,,"17,350.89",430322.43
22-06-2025,UPIP2M050343363787MakeMyTripUPIICICI,917495590887,399.00,,429923.43
23-06-2025,ATMCASHAXISEZX02474013HYDERA,029232437401,"2,000.00",,427923.43
23-06-2025,UPIP2M832219171540PoojaGuptaUPIBARB,979781204488,"15,200.80",,412722.63
23-06-2025,UPIP2A540390745555MaheshMehtaUPIBDBL,773847188568,,"4,950.44",417673.07
23-06-2025,UPIP2M867236516412AmazonPayUPIPAYTM,095278515986,"5,900.69",,411772.38
24-06-2025,UPIP2M422142775068ZomatoUPIICICI,190742756316,380.18,,411392.20
24-06-2025,UPIP2M067182501471OlaCabsUPIPAYTM,028599455024,320.61,,411071.59
24-06-2025,POS BRAND FACTORY HYDERABAD,577634380442,"2,050.24",,409021.35
25-06-2025,UPIP2M383321631022DunzoUPIICICI,330261640109,"1,580.38",,407440.97
26-06-2025,UPIP2M322869595257RapidoUPIPAYTM,427555950354,800.57,,406640.40
26-06-2025,POS BHARAT PETROLEUM HYDERABA,352841434313,"2,600.81",,404039.59
27-06-2025,ATMCASHAXISFHP77167901HYDERA,704082971571,"5,000.00",,399039.59
28-06-2025,UPIP2M045758631771PhonePeMerchUPIICICI,911357345040,"1,930.30",,397109.29
28-06-2025,UPIP2M577246953471FlipkartUPIPAYTM,397788742240,500.81,,396608.48
28-06-2025,UPIP2M949272016769AmazonPayUPIICICI,947239209214,"1,410.22",,395198.26
28-06-2025,INTEREST CREDIT,431276572860,,940.94,396139.20
29-06-2025,POS INDIAN OIL HYDERABA,763023657737,"2,900.55",,393238.65
29-06-2025,UPIP2M262984973996RapidoUPIPAYTM,634645011430,750.26,,392488.39
30-06-2025,POS STAR BAZAAR HYDERABAD,440047665750,"6,550.32",,385938.07
30-06-2025,POS HP PETROL PUMP HYDERABA,747051338694,850.39,,385087.68
01-07-2025,UPIP2M836653110214AmazonPayUPIICICI,725118196809,"2,460.26",,382627.42
01-07-2025,UPIP2M599875885113BigBasketUPIICICI,769282227358,290.48,,382336.94
01-07-2025,UPIP2M256063156157SwiggyUPIICICI,094224892048,180.86,,382156.08
01-07-2025,UPIP2M662134973832SapnaTiwariUPIBARB,780049216996,"20,150.40",,362005.68
01-07-2025,UPIP2M156044388735RenuChatterjUPIBKID,993862658614,"18,350.18",,343655.50
02-07-2025,POS D MART HYDERABAD,639986477017,"5,200.72",,338454.78
02-07-2025,UPIP2M581352817992UberIndiaUPIICICI,383984497174,730.89,,337723.89
03-07-2025,SALARY/S4248036324876/HDFC Life Insurance,717694568209,,"145,146.72",482870.61
04-07-2025,POS D MART HYDERABAD,922725707125,900.65,,481969.96
04-07-2025,UPIP2M253355345567HDFCLifeInsuUPILICI,050409575760,"2,300.00",,479669.96
05-07-2025,UPIP2A927742023023RaviMalhotraUPIHDFC,647017537814,,"15,800.93",495470.89
05-07-2025,POS HP PETROL PUMP HYDERABA,741784715432,"3,050.09",,492420.80
08-07-2025,UPIP2M180972996944JioRechargeUPIPAYTM,413702708212,699.00,,491721.80
08-07-2025,NACH/MANDATE/RNT8635800/RENT MANDATE,062943534376,"22,000.00",,469721.80
09-07-2025,UPIP2A543552984470KiranSenUPIPUNB,452638023187,,"6,000.00",475721.80
09-07-2025,UPIP2M390221748149RekhaThaparUPIPUNB,528020148168,"7,800.83",,467920.97
09-07-2025,POS BHARAT PETROLEUM HYDERABA,823557388128,"2,900.33",,465020.64
10-07-2025,UPIP2M294947037144SaurabhMukheUPIBKID,585447449198,"13,050.89",,451969.75
10-07-2025,UPIP2M683517946270JioRechargeUPIPAYTM,998451039171,569.00,,451400.75
10-07-2025,UPIP2M858617826629DunzoUPIICICI,445799520286,280.44,,451120.31
11-07-2025,NACH/MANDATE/SIP8635920/Axis Mutual Fund,179313189878,"5,500.00",,445620.31
11-07-2025,POS SHOPPERS STOP HYDERABAD,951209532510,"5,350.56",,440269.75
14-07-2025,POS V MART HYDERABAD,765484486405,950.73,,439319.02
15-07-2025,UPIP2M402250284775JioRechargeUPIPAYTM,956393141498,289.00,,439030.02
15-07-2025,UPIP2M235747747822ZomatoUPIICICI,628472571624,340.67,,438689.35
15-07-2025,UPIP2A797989661931AnitaSinghUPIUCBA,751334410192,,"16,150.03",454839.38
16-07-2025,UPIP2M492237784250CESCLimitedUPIUPIN,753187748163,"4,050.47",,450788.91
16-07-2025,UPIP2M417350356237OlaCabsUPIPAYTM,800474960729,620.47,,450168.44
16-07-2025,IMPS/856406401012/Ajay Rao/FDRL,841216284695,"43,400.39",,406768.05
17-07-2025,UPIP2M804774168511JioRechargeUPIPAYTM,145910825245,749.00,,406019.05
19-07-2025,UPIP2M330756652298JioRechargeUPIPAYTM,945673984917,859.00,,405160.05
19-07-2025,ATMCASHAXISOHS08576203HYDERA,647472488650,"9,000.00",,396160.05
19-07-2025,POS HP PETROL PUMP HYDERABA,306924369770,"3,850.62",,392309.43
19-07-2025,UPIP2M358961248849MyntraUPIPAYTM,266857195878,"1,050.15",,391259.28
19-07-2025,UPIP2M361229632656PhonePeMerchUPIICICI,625407365097,"2,020.62",,389238.66
21-07-2025,ATMCASHAXISNIQ06646692HYDERA,962233675233,"9,000.00",,380238.66
21-07-2025,UPIP2A906381312714SnehaSenUPIBARB,416558241780,,"1,800.64",382039.30
22-07-2025,UPIP2M050600756652UberIndiaUPIPAYTM,837681509813,390.97,,381648.33
23-07-2025,UPIP2A043273863653RekhaNaikUPIBARB,332645447074,,"16,850.49",398498.82
23-07-2025,UPIP2M156084018189DunzoUPIICICI,679704700275,"2,250.43",,396248.39
24-07-2025,UPIP2A740900437036RaniPandeyUPISBIN,954245267852,,"15,150.64",411399.03
25-07-2025,UPIP2M699692774157IndaneGasUPIICICI,747030207648,800.09,,410598.94
25-07-2025,UPIP2M440204357474BSNLBroadbanUPIICICI,919969015084,"1,660.38",,408938.56
25-07-2025,UPIP2M956967191340UberIndiaUPIICICI,047515745584,550.44,,408388.12
26-07-2025,GST ON CHARGES,708304031688,30.60,,408357.52
26-07-2025,Monthly Service Chrgs,440735945349,170.00,,408187.52
27-07-2025,UPIP2M874980126819PreetiPandeyUPIBARB,304405715844,"11,000.90",,397186.62
27-07-2025,UPIP2A497776172181PoojaPatilUPIHDFC,596750307931,,"8,900.45",406087.07
28-07-2025,POS BHARAT PETROLEUM HYDERABA,254064570786,"1,150.84",,404936.23
28-07-2025,UPIP2M456178986467SwiggyUPIICICI,814854168510,350.87,,404585.36
28-07-2025,UPIP2M387710879188UberIndiaUPIPAYTM,694540358135,150.62,,404434.74
31-07-2025,UPIP2A346757799602RohitPandeyUPIBARB,367449711431,,"18,050.80",422485.54
01-08-2025,UPIP2M044780856931BigBasketUPIICICI,363056552713,590.27,,421895.27
01-08-2025,UPIP2M159554678418AmazonPayUPIICICI,585068629114,680.57,,421214.70
01-08-2025,POS INDIAN OIL HYDERABA,597621816532,"1,900.26",,419314.44
01-08-2025,UPIP2M471503192352FlipkartUPIICICI,041070443264,"1,380.84",,417933.60
02-08-2025,UPIP2M154553063694SwiggyUPIICICI,166180022406,890.58,,417043.02
04-08-2025,POS CENTRAL MALL HYDERABAD,902236076503,"8,350.76",,408692.26
04-08-2025,SALARY/S5731394172089/HDFC Life Insurance,842880101058,,"142,235.72",550927.98
04-08-2025,POS HP PETROL PUMP HYDERABA,853949744014,"3,650.03",,547277.95
05-08-2025,POS BIG BAZAAR HYDERABAD,495372543875,"4,400.17",,542877.78
05-08-2025,NACH/MANDATE/RNT6469451/RENT MANDATE,705399079601,"22,000.00",,520877.78
06-08-2025,NEFT/N4200851773896/Raymond Ltd/KKBK0438951,500780960813,,"43,500.52",564378.30
06-08-2025,UPIP2M486023769434ZeptoUPIICICI,609451424112,"1,060.47",,563317.83
06-08-2025,UPIP2M229061465359MyntraUPIPAYTM,398412848360,"4,950.67",,558367.16
07-08-2025,ATMCASHAXISUQF00075203HYDERA,421543658980,"9,500.00",,548867.16
07-08-2025,UPIP2M674742167746JyotiAgarwalUPIHDFC,772365734262,"15,350.62",,533516.54
07-08-2025,UPIP2M504880293109JioRechargeUPIPAYTM,878206920563,569.00,,532947.54
08-08-2025,UPIP2M798617542326AmazonPayUPIICICI,128987472952,"2,710.53",,530237.01
09-08-2025,UPIP2M251849335241JioRechargeUPIPAYTM,925455729746,359.00,,529878.01
11-08-2025,UPIP2A619958654508AkashReddyUPIUTIB,980753146026,,"21,000.80",550878.81
12-08-2025,UPIP2M624878949864JioRechargeUPIICICI,942665974131,"2,490.35",,548388.46
13-08-2025,UPIP2M546325774064HDFCLifeInsuUPILICI,827901616636,"2,300.00",,546088.46
13-08-2025,UPIP2M316124620086SiddharthPilUPIUTIB,865067880858,"9,950.92",,536137.54
14-08-2025,UPIP2M713093770900JioRechargeUPIPAYTM,898168165690,529.00,,535608.54
14-08-2025,UPIP2M682822092725BSNLBroadbanUPIRAZORPAY,721741294759,699.00,,534909.54
14-08-2025,POS SHOPPERS STOP HYDERABAD,443453813986,"3,650.20",,531259.34
14-08-2025,UPIP2M366516004167BabitaJoshiUPIHDFC,761754766615,"11,850.59",,519408.75
16-08-2025,UPIP2M598101509818UberIndiaUPIICICI,732418818347,"1,290.51",,518118.24
17-08-2025,UPIP2M923960861327BSNLBroadbanUPIICICI,852949153005,"1,300.05",,516818.19
17-08-2025,UPIP2A731080834577DeepaDuttaUPIBDBL,401076659950,,"10,000.11",526818.30
18-08-2025,NACH/MANDATE/SIP0811882/Axis Mutual Fund,462192283098,"5,500.00",,521318.30
18-08-2025,UPIP2A746573277285MeenaSinghUPIUTIB,355937949097,,"16,550.70",537869.00
18-08-2025,UPIP2M059251800104DunzoUPIICICI,449227125580,"1,210.65",,536658.35
19-08-2025,UPIP2M782525042031UberIndiaUPIPAYTM,817830630418,620.63,,536037.72
19-08-2025,UPIP2M947666222126OlaCabsUPIPAYTM,402154365916,380.37,,535657.35
20-08-2025,UPIP2M891637614028CESCLimitedUPIUPIN,059101121394,"1,550.77",,534106.58
20-08-2025,UPIP2M403762347654OlaCabsUPIPAYTM,632194891832,270.36,,533836.22
20-08-2025,UPIP2A965075005529GeetaNambiarUPIHDFC,134144939229,,"4,300.55",538136.77
20-08-2025,POS MORE SUPER MARKET HYDERABAD,098773890311,"5,050.80",,533085.97
20-08-2025,UPIP2M730298333072ZeptoUPIICICI,709723283125,"1,610.85",,531475.12
20-08-2025,UPIP2M479847075371UberIndiaUPIPAYTM,877530874779,420.64,,531054.48
20-08-2025,UPIP2A681924773252KiranSethiUPIUTIB,733476465751,,"1,350.65",532405.13
21-08-2025,POS HP PETROL PUMP HYDERABA,005496371812,"2,800.78",,529604.35
21-08-2025,UPIP2M887197151854RapidoUPIPAYTM,372080777545,160.18,,529444.17
22-08-2025,UPIP2M137969473168BigBasketUPIICICI,816952073087,"1,620.12",,527824.05
22-08-2025,POS D MART HYDERABAD,752423360482,"5,750.11",,522073.94
22-08-2025,UPIP2M824386356808AmazonPayUPIPAYTM,810400838572,400.96,,521672.98
22-08-2025,UPIP2M772659389688IndaneGasUPIICICI,898344014951,"1,200.42",,520472.56
22-08-2025,UPIP2A641498272665PoojaSethiUPIPUNB,371521808385,,"21,050.78",541523.34
23-08-2025,POS HP PETROL PUMP HYDERABA,052572161906,"3,700.80",,537822.54
23-08-2025,UPIP2A510530175272AnilSharmaUPIHDFC,837605013940,,"19,700.43",557522.97
24-08-2025,UPIP2A101907437174PoojaShahUPIKKBK,944752594722,,"14,100.97",571623.94
25-08-2025,UPIP2A622779822655MohitIyerUPISBIN,385103228782,,"21,700.05",593323.99
26-08-2025,UPIP2M650112511706VikasSrivastUPIHDFC,520622161173,"16,500.86",,576823.13
26-08-2025,POS BRAND FACTORY HYDERABAD,008574089387,"2,400.88",,574422.25
26-08-2025,UPIP2M314836340865UberIndiaUPIPAYTM,685108399032,790.97,,573631.28
26-08-2025,UPIP2A482194781958DineshTiwariUPIBDBL,742797658573,,"13,150.82",586782.10
27-08-2025,UPIP2M747715352659FlipkartUPIPAYTM,699790579594,"4,050.65",,582731.45
27-08-2025,IMPS/971051649888/Kiran Sethi/BARB,224253139209,"30,000.18",,552731.27
27-08-2025,POS RELIANCE MART HYDERABAD,805003475329,"6,550.44",,546180.83
28-08-2025,UPIP2M419552764379AshishShuklaUPIKKBK,720907821250,"4,750.29",,541430.54
28-08-2025,UPIP2M468675345544GirishKulkarUPIKKBK,258319220069,"16,550.53",,524880.01
28-08-2025,UPIP2M950817547896PaytmMallUPIICICI,251350355802,"1,390.11",,523489.90
28-08-2025,UPIP2M858509515685MinaGhoshUPIBKID,361194625956,"17,950.63",,505539.27
30-08-2025,UPIP2M246651364645MukeshSenUPIHDFC,751208864795,"8,150.30",,497388.97
30-08-2025,UPIP2M787649108018FlipkartUPIICICI,025786630270,630.39,,496758.58
31-08-2025,POS PANTALOONS HYDERABAD,863876484370,"7,250.54",,489508.04
31-08-2025,ATMCASHAXISULR96764797HYDERA,111644214504,"2,000.00",,487508.04
01-09-2025,UPIP2M525197250870RapidoUPIPAYTM,728696931229,840.81,,486667.23
02-09-2025,UPIP2M970582455109AkashMehtaUPIBARB,267021472583,"12,850.97",,473816.26
02-09-2025,SALARY/S0578402320446/HDFC Life Insurance,639796731313,,"142,002.72",615818.98
03-09-2025,IMPS/804060016370/Manoj Das/PUNB,967860926512,"40,600.59",,575218.39
03-09-2025,UPIP2M714432421362BlinkitUPIICICI,967326361413,"1,240.85",,573977.54
03-09-2025,UPIP2M917475842884OlaCabsUPIICICI,853267753866,"2,700.02",,571277.52
05-09-2025,UPIP2M144091855233FlipkartUPIICICI,485822386403,"2,250.53",,569026.99
05-09-2025,UPIP2M977797451689HDFCLifeInsuUPILICI,321963725362,"2,300.00",,566726.99
06-09-2025,NACH/MANDATE/RNT6735367/RENT MANDATE,067332044021,"22,000.00",,544726.99
08-09-2025,UPIP2M355132045785FlipkartUPIPAYTM,246364906971,850.17,,543876.82
08-09-2025,ATMCASHAXISURZ59092280HYDERA,828443078699,"3,500.00",,540376.82
10-09-2025,UPIP2M296559529043NehaNambiarUPIFDRL,998007961174,"1,550.73",,538826.09
11-09-2025,UPIP2M921502312048SwiggyUPIICICI,719895787728,"1,140.62",,537685.47
11-09-2025,UPIP2M210197932815MeeshoUPIPAYTM,210849073089,"5,400.98",,532284.49
11-09-2025,UPIP2M923660597749JioRechargeUPIICICI,745435394000,"1,920.70",,530363.79
11-09-2025,UPIP2M476938081892JioRechargeUPIPAYTM,217272779838,189.00,,530174.79
13-09-2025,UPIP2M850209537195UberIndiaUPIICICI,340253401239,850.07,,529324.72
15-09-2025,POS BHARAT PETROLEUM HYDERABA,720936562193,"3,200.87",,526123.85
15-09-2025,UPIP2M990503113489JioRechargeUPIPAYTM,103815800415,859.00,,525264.85
15-09-2025,UPIP2M760174074609PhonePeMerchUPIICICI,009735801185,870.80,,524394.05
15-09-2025,UPIP2M868791043089RapidoUPIPAYTM,435384116827,770.19,,523623.86
15-09-2025,POS BRAND FACTORY HYDERABAD,874816807525,"5,000.82",,518623.04
16-09-2025,POS BRAND FACTORY HYDERABAD,380349682877,350.96,,518272.08
16-09-2025,UPIP2M320639209257ZeptoUPIICICI,470776626055,590.21,,517681.87
16-09-2025,UPIP2M772333077111OlaCabsUPIICICI,257660430604,"1,270.40",,516411.47
17-09-2025,UPIP2M861242989735CESCLimitedUPIUPIN,501031495781,700.92,,515710.55
17-09-2025,POS MORE SUPER MARKET HYDERABAD,234833674487,"7,800.02",,507910.53
17-09-2025,ATMCASHAXISYJY87641098HYDERA,469148183128,"2,500.00",,505410.53
17-09-2025,UPIP2M289078716224OlaCabsUPIPAYTM,891953937938,590.21,,504820.32
17-09-2025,NEFT/N1426694957045/Blue Dart Express Lt/UCBA0241694,994594815738,,"17,500.46",522320.78
18-09-2025,UPIP2A326303539455BabitaShahUPISBIN,003252548805,,"20,600.76",542921.54
18-09-2025,NACH/MANDATE/SIP9204776/Axis Mutual Fund,722614270868,"5,500.00",,537421.54
19-09-2025,UPIP2A519617881261VandanaPatilUPISBIN,651965812445,,"19,600.56",557022.10
19-09-2025,UPIP2A427751758409AnkitBoseUPIPUNB,536903075469,,"3,850.18",560872.28
21-09-2025,POS PANTALOONS HYDERABAD,759790910726,"1,400.48",,559471.80
22-09-2025,UPIP2A888199726709SushmaNaikUPIBKID,785408432433,,"5,600.96",565072.76
22-09-2025,UPIP2M989316016252IndaneGasUPIICICI,130379799557,"2,550.70",,562522.06
22-09-2025,UPIP2A011377871997VishalYadavUPIHDFC,105493240373,,"1,300.40",563822.46
23-09-2025,UPIP2M093022505087MakeMyTripUPIICICI,863609424811,149.00,,563673.46
23-09-2025,POS SHELL FUEL STATION HYDERABA,292365672848,"1,400.31",,562273.15
24-09-2025,UPIP2M884056481592JioRechargeUPIPAYTM,488118195583,359.00,,561914.15
24-09-2025,UPIP2M545215844201PhonePeMerchUPIICICI,802401840532,"1,060.87",,560853.28
25-09-2025,INTEREST CREDIT,474134048731,,"1,035.40",561888.68
26-09-2025,UPIP2M746456246470JioRechargeUPIPAYTM,678016128296,649.00,,561239.68
27-09-2025,Monthly Service Chrgs,956888638863,280.00,,560959.68
27-09-2025,UPIP2M850448314022MaheshSethiUPIFDRL,736532915847,"6,600.03",,554359.65
27-09-2025,UPIP2A589544274783GeetaSenUPIUCBA,406888988080,,"18,000.99",572360.64
27-09-2025,GST ON CHARGES,798022883248,50.40,,572310.24
28-09-2025,UPIP2M899994402365AmazonPayUPIICICI,849388609343,"1,920.36",,570389.88
29-09-2025,IMPS/267518862538/Manoj Shukla/UCBA,486089797688,"24,800.12",,545589.76
30-09-2025,UPIP2M010250488804ShivamKapoorUPIBKID,212016334775,"15,500.23",,530089.53
30-09-2025,ATMCASHAXISXEQ49616584HYDERA,552882947926,"3,000.00",,527089.53
30-09-2025,UPIP2M410363688581AnilNaikUPIBARB,613795308700,"12,100.60",,514988.93
01-10-2025,UPIP2M566428015111RaniPillaiUPIPUNB,661917529982,"19,750.53",,495238.40
01-10-2025,POS SHELL FUEL STATION HYDERABA,394999306751,"3,650.27",,491588.13
01-10-2025,UPIP2M099043715183AmazonPayUPIICICI,728351979825,"1,290.82",,490297.31
02-10-2025,SALARY/S7049986225705/HDFC Life Insurance,799055376675,,"144,972.72",635270.03
03-10-2025,UPIP2M469018612644FlipkartUPIPAYTM,700737063594,"1,800.21",,633469.82
04-10-2025,UPIP2A820250426951AshaAgarwalUPISBIN,526990021956,,"17,450.77",650920.59
05-10-2025,UPIP2M674443480978FlipkartUPIICICI,948738990899,270.95,,650649.64
05-10-2025,UPIP2M383849389335BSNLBroadbanUPIRAZORPAY,765391917853,449.00,,650200.64
07-10-2025,ATMCASHAXISGWU44272223HYDERA,299246405719,"2,500.00",,647700.64
07-10-2025,NACH/MANDATE/RNT3135854/RENT MANDATE,476013647213,"22,000.00",,625700.64
08-10-2025,UPIP2M438324470439HDFCLifeInsuUPILICI,445370990681,"2,300.00",,623400.64
09-10-2025,UPIP2M691455072191DunzoUPIICICI,719040009952,"1,790.18",,621610.46
10-10-2025,UPIP2M561952064250RapidoUPIPAYTM,148357943857,900.35,,620710.11
11-10-2025,UPIP2M592993558820ShreyaVermaUPIFDRL,990350284221,550.47,,620159.64
11-10-2025,POS CENTRAL MALL HYDERABAD,490312039473,"6,500.49",,613659.15
12-10-2025,UPIP2M073520104201OlaCabsUPIPAYTM,023554423615,380.81,,613278.34
13-10-2025,POS INDIAN OIL HYDERABA,598419086044,"1,550.30",,611728.04
13-10-2025,UPIP2M384424437430JioRechargeUPIPAYTM,758748035603,269.00,,611459.04
13-10-2025,UPIP2A473154175605VikramSenUPIUCBA,219489883069,,"15,400.63",626859.67
14-10-2025,UPIP2A292138168919YogeshChopraUPIHDFC,268583581608,,"21,050.92",647910.59
14-10-2025,POS BIG BAZAAR HYDERABAD,929180581408,"4,200.91",,643709.68
14-10-2025,POS VISHAL MEGA MART HYDERABAD,084875430820,"3,400.42",,640309.26
15-10-2025,UPIP2M063582330377IndaneGasUPIICICI,043858977573,"1,150.14",,639159.12
15-10-2025,POS SHELL FUEL STATION HYDERABA,910239103024,"3,350.44",,635808.68
16-10-2025,UPIP2A816348170580ManishChaudhUPIUCBA,768131186611,,"8,250.92",644059.60
16-10-2025,UPIP2M963111037573ZomatoUPIICICI,547508712086,"1,380.64",,642678.96
17-10-2025,ATMCASHAXISBXE36097190HYDERA,426277281595,"2,000.00",,640678.96
18-10-2025,UPIP2M949599794674RapidoUPIPAYTM,646073241339,630.46,,640048.50
18-10-2025,UPIP2M962627355116RapidoUPIPAYTM,142267922276,710.32,,639338.18
19-10-2025,UPIP2M735862654817DunzoUPIICICI,306486074405,"1,560.90",,637777.28
19-10-2025,UPIP2A742878875213MohanIyerUPIKKBK,158675042381,,"14,350.58",652127.86
19-10-2025,NACH/MANDATE/SIP6886128/Axis Mutual Fund,708126188709,"5,500.00",,646627.86
20-10-2025,UPIP2M467356565669ZeptoUPIICICI,786077834482,"2,110.03",,644517.83
20-10-2025,UPIP2M120027130910JioRechargeUPIPAYTM,630067047062,879.00,,643638.83
20-10-2025,UPIP2M732835306962CESCLimitedUPIUPIN,506659380790,"3,250.03",,640388.80
20-10-2025,UPIP2M399837407654MakeMyTripUPIICICI,495656362485,599.00,,639789.80
21-10-2025,UPIP2M017163154496ZeptoUPIICICI,531128032777,630.83,,639158.97
21-10-2025,UPIP2M143469807328BSNLBroadbanUPIICICI,833843695847,"1,470.60",,637688.37
21-10-2025,UPIP2M332246750272JyotiChopraUPIUTIB,368765272681,"14,000.73",,623687.64
21-10-2025,UPIP2A007858841413AmitNaikUPIBKID,035511106524,,"18,250.31",641937.95
22-10-2025,UPIP2M963318837741JioRechargeUPIPAYTM,524013122708,319.00,,641618.95
22-10-2025,UPIP2A571634126607AbhishekNambUPIUCBA,699141993978,,"6,050.79",647669.74
23-10-2025,UPIP2A702572430110SushmaKapoorUPIUTIB,314754132105,,"5,350.85",653020.59
24-10-2025,IMPS/413278896826/Jyoti Dutta/BARB,105317093941,700.20,,652320.39
24-10-2025,UPIP2M194767528703ZomatoUPIICICI,346689955948,730.22,,651590.17
25-10-2025,POS V MART HYDERABAD,410100467637,"1,250.64",,650339.53
25-10-2025,UPIP2A695218027764BrijeshKhannUPIUTIB,375611617575,,"13,700.09",664039.62
26-10-2025,POS METRO CASH CARRY HYDERABAD,279177146116,"3,250.53",,660789.09
26-10-2025,POS RELIANCE MART HYDERABAD,339392996635,"2,600.95",,658188.14
28-10-2025,UPIP2A431127188104ShreyaNambiaUPISBIN,970315170711,,"11,250.35",669438.49
28-10-2025,UPIP2M594370435537BabitaRoyUPISBIN,728375067048,"15,550.39",,653888.10
28-10-2025,UPIP2M603945493653NaveenBoseUPIBDBL,190648363311,450.36,,653437.74
28-10-2025,UPIP2M886442555619SwiggyUPIICICI,000362338600,150.55,,653287.19
29-10-2025,UPIP2M551522801117MyntraUPIPAYTM,486702942483,"1,450.37",,651836.82
31-10-2025,UPIP2A157580063424AnitaNaikUPIUTIB,679928700235,,"9,300.21",661137.03
31-10-2025,UPIP2A640013216394RaviSenUPIFDRL,401847653219,,"13,800.59",674937.62
01-11-2025,UPIP2M325824094980AmazonPayUPIICICI,143174703517,"1,640.50",,673297.12
02-11-2025,UPIP2M300851300767LalitRaoUPIUTIB,953809815232,"19,450.72",,653846.40
02-11-2025,POS RELIANCE MART HYDERABAD,172453221820,"6,400.79",,647445.61
03-11-2025,POS INDIAN OIL HYDERABA,501273738651,"1,450.37",,645995.24
03-11-2025,POS BHARAT PETROLEUM HYDERABA,454011392967,"1,100.61",,644894.63
04-11-2025,SALARY/S4067391189034/HDFC Life Insurance,207351040125,,"141,729.72",786624.35
04-11-2025,UPIP2M049778174384JioRechargeUPIPAYTM,595840671451,999.00,,785625.35
05-11-2025,IMPS/815728309094/Rohit Chaudhary/PUNB,649600756691,"12,500.68",,773124.67
05-11-2025,UPIP2M141531006950HDFCLifeInsuUPILICI,204408118976,"2,300.00",,770824.67
05-11-2025,NACH/MANDATE/RNT1260227/RENT MANDATE,598565015521,"22,000.00",,748824.67
06-11-2025,UPIP2M177397196839SwiggyUPIICICI,008180304617,260.29,,748564.38
06-11-2025,POS LIFESTYLE STORES HYDERABAD,209270655446,"1,600.48",,746963.90
08-11-2025,UPIP2M692462880312MukeshIyerUPIBKID,069353722658,"5,250.34",,741713.56
09-11-2025,UPIP2M281449334384JyotiRoyUPIHDFC,861846418300,"12,500.34",,729213.22
09-11-2025,UPIP2M872098015391OlaCabsUPIPAYTM,286304472910,130.85,,729082.37
10-11-2025,UPIP2M110036413350SwiggyUPIICICI,230916310069,"1,040.93",,728041.44
10-11-2025,UPIP2M886722693981AmazonPayUPIICICI,912755267350,"1,940.60",,726100.84
11-11-2025,UPIP2M323305579338BSNLBroadbanUPIRAZORPAY,563099521367,"1,199.00",,724901.84
11-11-2025,ATMCASHAXISQWC39902201HYDERA,047611234359,"10,000.00",,714901.84
11-11-2025,POS METRO CASH CARRY HYDERABAD,526198452580,"3,700.99",,711200.85
12-11-2025,UPIP2M545193656248UberIndiaUPIPAYTM,639211658914,100.69,,711100.16
12-11-2025,UPIP2M113186388965DunzoUPIICICI,290443930405,790.31,,710309.85
13-11-2025,UPIP2M347873531609RenuMukherjeUPIUCBA,087874772585,"2,300.94",,708008.91
14-11-2025,NACH/MANDATE/SIP2007667/Axis Mutual Fund,387991729909,"5,500.00",,702508.91
14-11-2025,UPIP2M261788891582MeeshoUPIPAYTM,819486453007,"3,650.46",,698858.45
14-11-2025,POS MAX FASHION HYDERABAD,190965073283,"1,300.27",,697558.18
15-11-2025,UPIP2M357411577080AnjaliThaparUPIBDBL,312652600179,"2,150.78",,695407.40
16-11-2025,UPIP2M455645005074UberIndiaUPIICICI,311433974478,"1,250.59",,694156.81
16-11-2025,UPIP2M548977114764OlaCabsUPIPAYTM,441031206882,790.56,,693366.25
16-11-2025,UPIP2M630815306295RapidoUPIPAYTM,518637521656,310.06,,693056.19
17-11-2025,UPIP2M276772612593UberIndiaUPIPAYTM,022920251692,440.00,,692616.19
17-11-2025,POS RELIANCE MART HYDERABAD,181315312253,"6,150.84",,686465.35
17-11-2025,UPIP2A077222180628VijayDubeyUPIBDBL,609850960880,,"4,300.37",690765.72
18-11-2025,UPIP2M714763300382NykaaUPIPAYTM,172713312868,"1,150.87",,689614.85
18-11-2025,POS HP PETROL PUMP HYDERABA,578744741345,"1,800.63",,687814.22
18-11-2025,UPIP2M892682096926CESCLimitedUPIUPIN,573897493667,"1,800.00",,686014.22
19-11-2025,UPIP2A225843890072DivyaJainUPIKKBK,775341775983,,"11,750.77",697764.99
19-11-2025,UPIP2M780715554186AjayPillaiUPIHDFC,896146190997,"15,750.75",,682014.24
20-11-2025,UPIP2M590180304535AmitTiwariUPIPUNB,912596236971,"21,850.76",,660163.48
20-11-2025,UPIP2M604338447367UberIndiaUPIICICI,382361070904,"2,760.44",,657403.04
21-11-2025,ATMCASHAXISTCC88708261HYDERA,088722417780,"9,000.00",,648403.04
21-11-2025,UPIP2M463144510878JioRechargeUPIPAYTM,319720727332,709.00,,647694.04
21-11-2025,UPIP2A050176762444RituNairUPIFDRL,475188005264,,"9,500.76",657194.80
23-11-2025,UPIP2M105347551221DivyaVermaUPIBKID,110035740276,500.87,,656693.93
23-11-2025,UPIP2M595853021972MeeshoUPIPAYTM,642319695381,"3,800.68",,652893.25
23-11-2025,UPIP2M070590955958PaytmMallUPIICICI,088477363517,"1,880.07",,651013.18
24-11-2025,UPIP2A381416295356HimanshuIyerUPIPUNB,025329400803,,"18,400.50",669413.68
25-11-2025,UPIP2M808713814511TarunKulkarnUPIKKBK,120877777224,"1,750.23",,667663.45
26-11-2025,UPIP2M043479747134IndaneGasUPIICICI,971519810305,"2,500.55",,665162.90
26-11-2025,UPIP2A383336834333GeetaPatelUPIUCBA,984202743780,,"12,900.94",678063.84
26-11-2025,UPIP2A259058592668AjayChatterjUPIHDFC,327658721447,,"15,750.08",693813.92
26-11-2025,UPIP2A810135284873PankajSethiUPIFDRL,208725160776,,"21,800.50",715614.42
27-11-2025,UPIP2M696392843460AbhishekBoseUPIFDRL,714851386069,"6,900.59",,708713.83
27-11-2025,UPIP2M801654500380FlipkartUPIICICI,339967752161,150.79,,708563.04
30-11-2025,UPIP2M415040282967BlinkitUPIICICI,978648368483,"1,400.29",,707162.75
30-11-2025,UPIP2M808481888519RameshBoseUPIBDBL,285576206028,"15,650.60",,691512.15
30-11-2025,UPIP2M275267404853VarshaTiwariUPIBARB,431093764553,"11,450.87",,680061.28
01-12-2025,UPIP2M876046355281PaytmMallUPIICICI,924804531779,740.98,,679320.30
01-12-2025,UPIP2M853133405220ZomatoUPIICICI,752471529009,"2,760.73",,676559.57
01-12-2025,ATMCASHAXISCDD44315805HYDERA,530735612238,"1,000.00",,675559.57
02-12-2025,UPIP2M486581032814GeetaPatilUPIBKID,958367419898,"4,250.98",,671308.59
02-12-2025,UPIP2M411982107381JioRechargeUPIPAYTM,713153331809,439.00,,670869.59
03-12-2025,UPIP2M269407321935AmazonPayUPIICICI,059397815170,950.86,,669918.73
04-12-2025,UPIP2A070337013852NikhilChopraUPIFDRL,531664268072,,"6,350.80",676269.53
04-12-2025,POS SHOPPERS STOP HYDERABAD,100945624239,"6,950.12",,669319.41
05-12-2025,UPIP2M497765064520HDFCLifeInsuUPILICI,217306594195,"2,300.00",,667019.41
05-12-2025,UPIP2M837360655884PhonePeMerchUPIICICI,887411910599,200.84,,666818.57
05-12-2025,UPIP2M031706151149AmazonPayUPIICICI,607680912559,"1,320.35",,665498.22
05-12-2025,SALARY/S8871560897836/HDFC Life Insurance,298274670890,,"142,531.72",808029.94
05-12-2025,POS SHOPPERS STOP HYDERABAD,726902596955,350.04,,807679.90
06-12-2025,UPIP2M885827908564MyntraUPIPAYTM,194712586514,"3,400.85",,804279.05
06-12-2025,NACH/MANDATE/RNT9002931/RENT MANDATE,344617413675,"22,000.00",,782279.05
07-12-2025,UPIP2M948621919638OlaCabsUPIPAYTM,552890759165,460.29,,781818.76
07-12-2025,POS RELIANCE PETROLEUM HYDERABA,802207522140,"3,800.45",,778018.31
08-12-2025,UPIP2M595983936900OlaCabsUPIPAYTM,199543744334,510.78,,777507.53
08-12-2025,UPIP2M784390502025SwiggyUPIICICI,375831019075,400.92,,777106.61
08-12-2025,POS RELIANCE PETROLEUM HYDERABA,105418995904,800.69,,776305.92
08-12-2025,UPIP2M639205974661JioRechargeUPIPAYTM,189137339612,229.00,,776076.92
09-12-2025,UPIP2A893423191919NehaDubeyUPIBDBL,626543002750,,"17,200.37",793277.29
10-12-2025,UPIP2M691167283137JioRechargeUPIPAYTM,267417976406,409.00,,792868.29
10-12-2025,UPIP2M587839718373MedPlusHealtUPIICICI,829004447039,480.96,,792387.33
10-12-2025,UPIP2M504502762677ZomatoUPIICICI,867659290051,"2,690.24",,789697.09
10-12-2025,UPIP2M718677540604SantoshRoyUPIBDBL,450556675462,"1,300.86",,788396.23
11-12-2025,POS SHELL FUEL STATION HYDERABA,472289088188,"2,800.23",,785596.00
12-12-2025,UPIP2A553464458996RekhaKhannaUPIFDRL,602421767627,,"15,750.74",801346.74
12-12-2025,NACH/MANDATE/SIP3619884/Axis Mutual Fund,026055058904,"5,500.00",,795846.74
13-12-2025,POS RELIANCE PETROLEUM HYDERABA,750192937638,"2,350.24",,793496.50
13-12-2025,POS PANTALOONS HYDERABAD,304861985429,"5,000.41",,788496.09
14-12-2025,UPIP2M263682814330CESCLimitedUPIUPIN,363052861769,"3,650.48",,784845.61
14-12-2025,IMPS/597713063835/Sushma Mehta/UCBA,452465195510,"1,500.02",,783345.59
14-12-2025,ATMCASHAXISZGI62906686HYDERA,552149274050,"8,000.00",,775345.59
16-12-2025,UPIP2M921651256890ZeptoUPIICICI,655696941822,"1,830.53",,773515.06
16-12-2025,POS V MART HYDERABAD,482628213602,"7,750.03",,765765.03
16-12-2025,UPIP2M298892882209RapidoUPIPAYTM,294019008308,750.99,,765014.04
18-12-2025,UPIP2M083401315343PhonePeMerchUPIICICI,932195430045,"2,120.82",,762893.22
19-12-2025,UPIP2M274706794804FlipkartUPIICICI,233851488620,"1,280.86",,761612.36
19-12-2025,UPIP2M194673335694IRCTCUPIICICI,721892664185,149.00,,761463.36
19-12-2025,POS MORE SUPER MARKET HYDERABAD,872203913880,"2,900.37",,758562.99
19-12-2025,UPIP2M745308309823AmazonPayUPIPAYTM,745524021869,"2,600.14",,755962.85
20-12-2025,UPIP2M764298675700JioRechargeUPIPAYTM,170927288565,889.00,,755073.85
20-12-2025,UPIP2M547176593206SantoshChattUPIUCBA,899184187310,"18,250.04",,736823.81
22-12-2025,UPIP2M407173867007JioRechargeUPIPAYTM,281545772889,669.00,,736154.81
22-12-2025,UPIP2M329725375475IndaneGasUPIICICI,499434984589,"1,450.10",,734704.71
23-12-2025,UPIP2A846228171378VivekKapoorUPISBIN,145997607927,,"17,250.70",751955.41
25-12-2025,UPIP2M377756292072IRCTCUPIICICI,919303533917,749.00,,751206.41
25-12-2025,UPIP2M455829235083OlaCabsUPIPAYTM,749326976076,700.06,,750506.35
26-12-2025,UPIP2M279604097797UberIndiaUPIICICI,382423347636,380.01,,750126.34
26-12-2025,INTEREST CREDIT,629857179732,,945.55,751071.89
26-12-2025,UPIP2M252934173002MyntraUPIPAYTM,092014908441,"1,250.74",,749821.15
27-12-2025,UPIP2M532784264532OlaCabsUPIICICI,891125489482,"2,100.73",,747720.42
28-12-2025,UPIP2M053137440688RapidoUPIPAYTM,397885841359,490.28,,747230.14
28-12-2025,POS SHOPPERS STOP HYDERABAD,384808786654,"6,450.57",,740779.57
28-12-2025,ATMCASHAXISFWR66718151HYDERA,613298235840,"3,500.00",,737279.57
28-12-2025,UPIP2A817338190693ArunMishraUPIPUNB,077677459338,,"15,400.41",752679.98
29-12-2025,UPIP2M328229645901SwiggyUPIICICI,730580182044,"1,690.67",,750989.31
30-12-2025,UPIP2M330726157675UshaKhannaUPIBKID,630976752459,"1,000.14",,749989.17
30-12-2025,UPIP2M339757178165SunitaMalhotUPIUTIB,666821990853,"15,700.40",,734288.77
31-12-2025,UPIP2M946584106549AmazonPayUPIICICI,218692405702,"1,550.09",,732738.68
01-01-2026,UPIP2M708495232105JioRechargeUPIICICI,437329310170,"1,500.30",,731238.38
01-01-2026,UPIP2M321836949261BrijeshKumarUPISBIN,301604518989,800.87,,730437.51
01-01-2026,UPIP2M819816597642ManojBanerjeUPIPUNB,411461346840,"10,600.15",,719837.36
02-01-2026,UPIP2M197201291291VijayMehtaUPIBDBL,316372211405,"21,150.49",,698686.87
02-01-2026,SALARY/S8559362457756/HDFC Life Insurance,318305537260,,"144,394.72",843081.59
03-01-2026,UPIP2M008773464105KrishnaJainUPIPUNB,460354140710,"5,300.54",,837781.05
03-01-2026,IMPS/774638685118/Usha Mukherjee/UCBA,682342683679,"15,800.02",,821981.03
03-01-2026,UPIP2M477040388884BlinkitUPIICICI,073011145349,730.89,,821250.14
04-01-2026,UPIP2M843069099118AnjaliChaudhUPIUTIB,478645542893,"16,900.28",,804349.86
06-01-2026,UPIP2A224979863705KrishnaMishrUPIFDRL,119070663110,,"18,550.11",822899.97
06-01-2026,ATMCASHAXISTGI57291295HYDERA,953479338342,"2,000.00",,820899.97
06-01-2026,UPIP2M502542982246PaytmMallUPIICICI,693762598558,"2,690.37",,818209.60
07-01-2026,NACH/MANDATE/RNT7395176/RENT MANDATE,934308378034,"22,000.00",,796209.60
07-01-2026,ATMCASHAXISYQB45417761HYDERA,771910872579,"2,500.00",,793709.60
08-01-2026,UPIP2A178283358507SumitRoyUPIFDRL,889215676692,,"9,700.50",803410.10
08-01-2026,UPIP2M585752267951OlaCabsUPIPAYTM,942953521705,90.49,,803319.61
08-01-2026,UPIP2M052317911775SwiggyUPIICICI,418931417415,"2,170.00",,801149.61
09-01-2026,UPIP2M654559652565BSNLBroadbanUPIRAZORPAY,356759755754,"1,199.00",,799950.61
09-01-2026,UPIP2A733996278046NehaSrivastaUPIPUNB,020825720268,,750.57,800701.18
09-01-2026,UPIP2M539167968540BSNLBroadbanUPIICICI,425925141522,"1,310.44",,799390.74
10-01-2026,UPIP2M567353449317SangitaRoyUPIBARB,631681938160,"6,000.84",,793389.90
10-01-2026,POS BIG BAZAAR HYDERABAD,338991737943,"7,350.75",,786039.15
11-01-2026,NACH/MANDATE/SIP6033637/Axis Mutual Fund,539534625055,"5,500.00",,780539.15
11-01-2026,POS INDIAN OIL HYDERABA,047501766051,"1,550.82",,778988.33
11-01-2026,UPIP2M168783807170JioRechargeUPIPAYTM,850000019895,369.00,,778619.33
12-01-2026,UPIP2M000278815330HDFCLifeInsuUPILICI,433389253166,"2,300.00",,776319.33
13-01-2026,UPIP2M487393562917MyntraUPIPAYTM,055316378450,"5,950.22",,770369.11
14-01-2026,UPIP2M492911067158BigBasketUPIICICI,739491226052,"1,890.91",,768478.20
15-01-2026,UPIP2M657701129490AmazonPayUPIICICI,009726989966,"2,500.30",,765977.90
15-01-2026,ATMCASHAXISYYS85646681HYDERA,220193145151,"3,500.00",,762477.90
16-01-2026,UPIP2M831728971053RaniAgarwalUPIFDRL,304737484382,"10,450.96",,752026.94
17-01-2026,UPIP2M856566341592JioRechargeUPIPAYTM,878976156042,209.00,,751817.94
17-01-2026,UPIP2M289471947694UberIndiaUPIPAYTM,388134582791,400.49,,751417.45
17-01-2026,UPIP2M384333017618JioRechargeUPIPAYTM,351189038933,779.00,,750638.45
18-01-2026,UPIP2M060187247179GopalSenUPIHDFC,775378311626,"15,050.76",,735587.69
18-01-2026,POS CENTRAL MALL HYDERABAD,330299000547,"4,600.89",,730986.80
18-01-2026,UPIP2M430067866096JioRechargeUPIPAYTM,121381836902,619.00,,730367.80
19-01-2026,UPIP2A039675771114SushmaSenUPIUCBA,012121195511,,950.58,731318.38
19-01-2026,POS BRAND FACTORY HYDERABAD,663221748682,"2,050.64",,729267.74
19-01-2026,UPIP2M403852944276NikhilJainUPIBARB,793914017946,"5,100.48",,724167.26
19-01-2026,UPIP2M131299742790RameshKhannaUPIFDRL,592195767010,"1,100.98",,723066.28
19-01-2026,UPIP2M583613899988IndaneGasUPIICICI,744670611243,"2,350.11",,720716.17
20-01-2026,POS D MART HYDERABAD,351897666239,"7,050.09",,713666.08
21-01-2026,UPIP2M986857984695JyotiChaudhaUPIBARB,947212460381,"10,600.60",,703065.48
21-01-2026,UPIP2M756097736984CESCLimitedUPIUPIN,808366017865,"2,700.83",,700364.65
21-01-2026,ATMCASHAXISAQQ30887522HYDERA,933446263748,"3,500.00",,696864.65
21-01-2026,POS MAX FASHION HYDERABAD,861377611247,"8,400.52",,688464.13
22-01-2026,UPIP2M134341010717MyntraUPIPAYTM,420146060011,"1,450.36",,687013.77
22-01-2026,UPIP2M491378277362FlipkartUPIPAYTM,636124415648,"6,000.45",,681013.32
22-01-2026,UPIP2M375099600978UberIndiaUPIPAYTM,304941416345,850.44,,680162.88
22-01-2026,UPIP2M798173516535JioRechargeUPIPAYTM,203282529886,359.00,,679803.88
24-01-2026,UPIP2M240422732435AmazonPayUPIICICI,901236105191,130.49,,679673.39
24-01-2026,UPIP2M239852156288RituRoyUPIUTIB,673920568882,"16,700.94",,662972.45
24-01-2026,ATMCASHAXISLBZ08209358HYDERA,126457779695,"9,000.00",,653972.45
25-01-2026,POS HP PETROL PUMP HYDERABA,483170368735,"2,850.65",,651121.80
26-01-2026,UPIP2M494964862949OlaCabsUPIPAYTM,882694082017,710.38,,650411.42
27-01-2026,UPIP2M203849018975JioRechargeUPIICICI,109488431678,"1,440.09",,648971.33
27-01-2026,UPIP2M741852180414BlinkitUPIICICI,719342882016,"2,760.26",,646211.07
28-01-2026,UPIP2M732589431088RapidoUPIPAYTM,879044584074,410.90,,645800.17
29-01-2026,POS SHELL FUEL STATION HYDERABA,301462012939,800.20,,644999.97
29-01-2026,UPIP2M852783743251OlaCabsUPIPAYTM,046592694082,190.07,,644809.90
29-01-2026,UPIP2M208207431110MakeMyTripUPIICICI,522936319992,849.00,,643960.90
30-01-2026,UPIP2M992670739842AnjaliAgarwaUPIKKBK,975502026851,"19,000.44",,624960.46
31-01-2026,POS MORE SUPER MARKET HYDERABAD,559438188074,"2,750.65",,622209.81
31-01-2026,UPIP2A982462620900SureshPandeyUPIUTIB,198804604704,,"3,100.04",625309.85
01-02-2026,POS V MART HYDERABAD,628246546798,"2,200.17",,623109.68
01-02-2026,UPIP2A351914283781NareshMalhotUPIBARB,039382401287,,"7,600.04",630709.72
01-02-2026,UPIP2M992315520159PrashantVermUPIUCBA,092539191957,"4,750.83",,625958.89
02-02-2026,UPIP2A654015709440MaheshSaxenaUPIKKBK,849173782069,,"9,800.24",635759.13
02-02-2026,UPIP2M842615252204BlinkitUPIICICI,424895566585,"1,990.86",,633768.27
02-02-2026,UPIP2M276394146556JioRechargeUPIPAYTM,016430304571,319.00,,633449.27
03-02-2026,SALARY/S5590362577567/HDFC Life Insurance,608808345525,,"141,636.72",775085.99
04-02-2026,POS BHARAT PETROLEUM HYDERABA,679983379486,"1,100.89",,773985.10
06-02-2026,UPIP2A421948182639ManishRoyUPIPUNB,979090350181,,"20,000.54",793985.64
06-02-2026,NACH/MANDATE/RNT6850322/RENT MANDATE,479010698139,"22,000.00",,771985.64
06-02-2026,POS HP PETROL PUMP HYDERABA,958823437127,"1,300.62",,770685.02
06-02-2026,UPIP2M921633629717KapilGhoshUPIPUNB,940576491921,"2,450.25",,768234.77
06-02-2026,UPIP2M201497932653BlinkitUPIICICI,741534768898,"2,670.16",,765564.61
07-02-2026,POS D MART HYDERABAD,759330786745,"3,450.50",,762114.11
07-02-2026,UPIP2M815531770099RapidoUPIPAYTM,594423835670,110.41,,762003.70
08-02-2026,UPIP2M293174920361GopalChatterUPISBIN,029488157202,"5,150.14",,756853.56
10-02-2026,UPIP2M385248163016DunzoUPIICICI,252828206946,"1,980.50",,754873.06
10-02-2026,UPIP2M833004059080HDFCLifeInsuUPILICI,466178333975,"2,300.00",,752573.06
11-02-2026,ATMCASHAXISVDT31360543HYDERA,572816760442,"1,500.00",,751073.06
11-02-2026,POS BHARAT PETROLEUM HYDERABA,497179235753,"3,200.60",,747872.46
12-02-2026,ATMCASHAXISPOZ95415141HYDERA,316041252338,"10,000.00",,737872.46
12-02-2026,UPIP2M064161733315FlipkartUPIICICI,564692553249,800.73,,737071.73
14-02-2026,UPIP2M363740717230UberIndiaUPIPAYTM,220625325375,650.15,,736421.58
14-02-2026,POS BHARAT PETROLEUM HYDERABA,636278297341,"1,400.03",,735021.55
15-02-2026,UPIP2M769828399072ShwetaJoshiUPIBARB,482389347636,950.04,,734071.51
15-02-2026,UPIP2M968320467222RapidoUPIPAYTM,612451824662,650.63,,733420.88
16-02-2026,UPIP2M515772704773JioRechargeUPIPAYTM,138047618076,669.00,,732751.88
16-02-2026,NACH/MANDATE/SIP7375753/Axis Mutual Fund,134717224664,"5,500.00",,727251.88
17-02-2026,UPIP2M614740105830AmazonPayUPIPAYTM,092494942140,"4,300.13",,722951.75
17-02-2026,UPIP2A733892939214SumitSaxenaUPIPUNB,166104223172,,"16,250.17",739201.92
17-02-2026,UPIP2A166232054169AjayKapoorUPIHDFC,192611268207,,"12,000.84",751202.76
17-02-2026,UPIP2M674397079603BSNLBroadbanUPIRAZORPAY,047975647430,549.00,,750653.76
18-02-2026,ATMCASHAXISISN24991030HYDERA,355958258777,"6,500.00",,744153.76
18-02-2026,UPIP2M125952768724ZeptoUPIICICI,089358385495,"1,260.49",,742893.27
18-02-2026,UPIP2M042574536349BSNLBroadbanUPIICICI,197098509708,"1,590.29",,741302.98
19-02-2026,UPIP2M817132627683IndaneGasUPIICICI,215241059550,"2,200.23",,739102.75
19-02-2026,UPIP2M215710192290RapidoUPIPAYTM,968695381529,540.42,,738562.33
20-02-2026,UPIP2M402768332026AmazonPayUPIPAYTM,741736366334,"2,150.22",,736412.11
21-02-2026,UPIP2M798430014627BigBasketUPIICICI,452901411980,"2,440.60",,733971.51
21-02-2026,POS BRAND FACTORY HYDERABAD,380353667624,"7,200.25",,726771.26
22-02-2026,POS BIG BAZAAR HYDERABAD,469497339012,"1,200.42",,725570.84
22-02-2026,UPIP2M203812557218OlaCabsUPIPAYTM,584573350329,780.71,,724790.13
22-02-2026,UPIP2M757933579125CESCLimitedUPIUPIN,330806019820,"2,400.97",,722389.16
22-02-2026,UPIP2A675566583827PankajKulkarUPIHDFC,422440916848,,"20,200.72",742589.88
23-02-2026,UPIP2M237359729014RapidoUPIPAYTM,500956678098,800.69,,741789.19
23-02-2026,UPIP2M089291437268FlipkartUPIICICI,105611564952,590.30,,741198.89
28-02-2026,UPIP2M089255801761VarshaSethiUPIBDBL,377353193290,"16,650.26",,724548.63
28-02-2026,UPIP2M725752200146OlaCabsUPIICICI,436356058986,"2,700.69",,721847.94
28-02-2026,UPIP2M073661130044NikhilChatteUPIBARB,426960679038,"21,100.26",,700747.68
28-02-2026,UPIP2M365277015191BigBasketUPIICICI,210850113100,"1,150.48",,699597.20
01-03-2026,POS STAR BAZAAR HYDERABAD,319076237993,"6,900.82",,692696.38
01-03-2026,UPIP2A948188308807ArjunDasUPIBARB,083924783751,,"11,550.19",704246.57
01-03-2026,UPIP2M005110425394SwiggyUPIICICI,854118944451,350.11,,703896.46
01-03-2026,UPIP2M561157005608NareshKumarUPIFDRL,527267372242,"5,550.15",,698346.31
01-03-2026,UPIP2A614614807358GirishSethiUPIUTIB,651469549485,,"17,400.64",715746.95
02-03-2026,UPIP2M518931044120UberIndiaUPIPAYTM,296099251512,140.92,,715606.03
03-03-2026,ATMCASHAXISZRG37027754HYDERA,209749749187,"7,500.00",,708106.03
03-03-2026,SALARY/S9227211846389/HDFC Life Insurance,850801340734,,"144,241.72",852347.75
04-03-2026,UPIP2M916412810007NikhilDasUPIFDRL,187645474724,"9,100.87",,843246.88
04-03-2026,ATMCASHAXISKGW14198692HYDERA,807813808987,"8,500.00",,834746.88
05-03-2026,NACH/MANDATE/RNT3026156/RENT MANDATE,517916531641,"22,000.00",,812746.88
05-03-2026,UPIP2M345491850865RapidoUPIPAYTM,773688679079,880.55,,811866.33
06-03-2026,UPIP2M996834309586JioRechargeUPIPAYTM,593646043308,799.00,,811067.33
06-03-2026,UPIP2A440869275045RohitAhujaUPIKKBK,053378639960,,"20,800.00",831867.33
07-03-2026,UPIP2M391075554563AmazonPayUPIICICI,956183864959,"2,070.68",,829796.65
08-03-2026,POS D MART HYDERABAD,363149423018,"1,900.84",,827895.81
08-03-2026,POS D MART HYDERABAD,628359038554,"1,550.41",,826345.40
08-03-2026,UPIP2A784606826510SangitaNaikUPISBIN,943648117160,,"4,800.96",831146.36
08-03-2026,UPIP2M029867591701JioRechargeUPIPAYTM,670444173427,409.00,,830737.36
08-03-2026,UPIP2A522500671237MohanSethiUPIPUNB,794506107073,,"2,800.74",833538.10
09-03-2026,POS RELIANCE PETROLEUM HYDERABA,509175078470,"1,100.19",,832437.91
09-03-2026,UPIP2M571682264351ApolloPharmaUPIICICI,932473375868,"1,770.22",,830667.69
10-03-2026,UPIP2M049243994745ZeptoUPIICICI,198919784318,"1,370.79",,829296.90
10-03-2026,UPIP2M546773057842CESCLimitedUPIUPIN,975882244029,"4,150.60",,825146.30
11-03-2026,NACH/MANDATE/SIP0875458/Axis Mutual Fund,511242258822,"5,500.00",,819646.30
11-03-2026,UPIP2M662488238790RapidoUPIPAYTM,672755638310,480.11,,819166.19
11-03-2026,UPIP2M761343574709HDFCLifeInsuUPILICI,266787959546,"2,300.00",,816866.19
12-03-2026,UPIP2A007918265166SunilRoyUPIHDFC,703024087509,,"2,950.18",819816.37
14-03-2026,UPIP2A488263101940MukeshChaudhUPIBARB,191053715239,,"14,300.32",834116.69
14-03-2026,UPIP2M208336922510ZomatoUPIICICI,036514229878,"1,060.97",,833055.72
14-03-2026,UPIP2M548338241736JioRechargeUPIICICI,759238667764,"1,550.07",,831505.65
14-03-2026,ATMCASHAXISMCU96855943HYDERA,488822775126,"3,500.00",,828005.65
14-03-2026,UPIP2M466047041436PaytmMallUPIICICI,418594484633,"1,820.24",,826185.41
15-03-2026,UPIP2A863823061833HarishRaoUPIKKBK,234501274923,,"5,550.01",831735.42
16-03-2026,UPIP2M489796218147AmazonPayUPIPAYTM,410812431929,"3,800.45",,827934.97
16-03-2026,UPIP2M768689303009IndaneGasUPIICICI,948886625118,"1,150.55",,826784.42
18-03-2026,UPIP2M941428159338AmazonPayUPIICICI,189587174388,"1,740.85",,825043.57
19-03-2026,UPIP2M070790136731SachinSinghUPIPUNB,645611564580,"6,150.55",,818893.02
20-03-2026,UPIP2A883940723505NehaSrivastaUPIPUNB,177125296161,,"6,800.06",825693.08
20-03-2026,POS INDIAN OIL HYDERABA,327579924208,"2,700.91",,822992.17
20-03-2026,UPIP2M831268298398SwiggyUPIICICI,653305145709,"2,430.23",,820561.94
21-03-2026,UPIP2M434670497177JioRechargeUPIPAYTM,369495797325,429.00,,820132.94
21-03-2026,UPIP2A317204405411PoonamDasUPIHDFC,079665111427,,"10,050.70",830183.64
21-03-2026,UPIP2A491726042401VikasNambiarUPIKKBK,172112781973,,"17,300.36",847484.00
21-03-2026,UPIP2M820197107460BlinkitUPIICICI,305912320471,940.20,,846543.80
21-03-2026,UPIP2M260119059188TarunMenonUPIFDRL,365315936741,"18,250.60",,828293.20
24-03-2026,ATMCASHAXISAZO46093746HYDERA,663722819072,"6,500.00",,821793.20
24-03-2026,UPIP2M633383588233SureshShuklaUPISBIN,464070040604,"12,250.77",,809542.43
25-03-2026,UPIP2M120998023928PhonePeMerchUPIICICI,659582678469,"2,740.51",,806801.92
25-03-2026,POS SHOPPERS STOP HYDERABAD,816754525213,600.00,,806201.92
26-03-2026,UPIP2M389948683098FlipkartUPIPAYTM,267400017776,"2,050.32",,804151.60
26-03-2026,POS MORE SUPER MARKET HYDERABAD,951187639555,950.60,,803201.00
27-03-2026,POS STAR BAZAAR HYDERABAD,377217472155,"2,550.88",,800650.12
27-03-2026,INTEREST CREDIT,828174104736,,185.52,800835.64
28-03-2026,UPIP2M038253931371OlaCabsUPIICICI,180382864838,320.16,,800515.48
28-03-2026,UPIP2M485011120124JioRechargeUPIICICI,176801348956,"1,730.37",,798785.11
28-03-2026,UPIP2A978443196220KrishnaReddyUPIBKID,519340188440,,"21,950.06",820735.17
28-03-2026,UPIP2M047505257545FlipkartUPIPAYTM,592650625416,"4,950.22",,815784.95
29-03-2026,UPIP2M314542108108ZomatoUPIICICI,415724373134,"2,730.03",,813054.92
29-03-2026,UPIP2M514825462618SachinChaudhUPIUTIB,356992837508,"17,300.14",,795754.78
29-03-2026,UPIP2M141244605101FlipkartUPIICICI,322954474579,390.78,,795364.00
29-03-2026,UPIP2M314530658774DunzoUPIICICI,506084255713,"1,640.73",,793723.27
30-03-2026,UPIP2M251823601410AmazonPayUPIICICI,945966120523,"1,970.41",,791752.86
30-03-2026,GST ON CHARGES,549478770094,27.00,,791725.86
30-03-2026,Monthly Service Chrgs,238405519366,150.00,,791575.86
31-03-2026,UPIP2M669869537163AmazonPayUPIICICI,030787253016,"1,240.32",,790335.54
31-03-2026,UPIP2M049726777816NareshDesaiUPISBIN,604564021961,"15,900.38",,774435.16
31-03-2026,UPIP2M808340182037BigBasketUPIICICI,917134855390,780.40,,773654.76
31-03-2026,POS SHELL FUEL STATION HYDERABA,125350107440,"4,000.02",,769654.74
01-04-2026,ATMCASHAXISQXW38628477HYDERA,414381437624,"9,000.00",,760654.74
01-04-2026,UPIP2M501192571219SunitaMishraUPIFDRL,052502998130,"11,450.87",,749203.87
02-04-2026,UPIP2A210169390615GeetaThaparUPIBDBL,216056227735,,"2,550.93",751754.80
03-04-2026,UPIP2M141500421595FlipkartUPIICICI,004660038163,780.54,,750974.26
04-04-2026,UPIP2M018607360858KavyaMukherjUPISBIN,029932877673,"8,700.54",,742273.72
04-04-2026,SALARY/S5645883746839/HDFC Life Insurance,987166093507,,"143,157.72",885431.44
05-04-2026,UPIP2A811595465888SwatiPatelUPIBDBL,155669775537,,"5,700.10",891131.54
06-04-2026,ATMCASHAXISFKE82526542HYDERA,902483783551,"4,500.00",,886631.54
07-04-2026,NACH/MANDATE/RNT2306318/RENT MANDATE,441869351029,"22,000.00",,864631.54
09-04-2026,UPIP2M170569934409NishaMenonUPIKKBK,096455957666,"19,300.13",,845331.41
10-04-2026,POS INDIAN OIL HYDERABA,867898613783,"2,050.46",,843280.95
10-04-2026,UPIP2M219702664428VijayKulkarnUPIBDBL,707592653912,"4,300.84",,838980.11
10-04-2026,POS RELIANCE PETROLEUM HYDERABA,422877652475,950.21,,838029.90
10-04-2026,UPIP2M431646273843HDFCLifeInsuUPILICI,990675947787,"2,300.00",,835729.90
11-04-2026,UPIP2M090415229399VishalDasUPIKKBK,108768879169,"16,800.86",,818929.04
11-04-2026,UPIP2M499716890775IndaneGasUPIICICI,076614682137,"1,950.00",,816979.04
12-04-2026,POS CENTRAL MALL HYDERABAD,888664372226,"1,000.38",,815978.66
12-04-2026,UPIP2M799585712252JioRechargeUPIPAYTM,557017476220,219.00,,815759.66
13-04-2026,UPIP2M697852715362JioRechargeUPIICICI,077484466626,510.88,,815248.78
13-04-2026,NACH/MANDATE/SIP8968960/Axis Mutual Fund,084483333087,"5,500.00",,809748.78
13-04-2026,POS LIFESTYLE STORES HYDERABAD,565301223191,"6,050.10",,803698.68
13-04-2026,UPIP2A936050747133KunalPillaiUPIUTIB,190710309951,,"19,600.63",823299.31
13-04-2026,UPIP2M431325954178OlaCabsUPIPAYTM,583535900522,550.04,,822749.27
14-04-2026,UPIP2M778968086606MyntraUPIPAYTM,748335849341,550.63,,822198.64
14-04-2026,POS STAR BAZAAR HYDERABAD,562478351326,"7,300.54",,814898.10
14-04-2026,UPIP2M867791513688RakeshDasUPIHDFC,705240211671,"16,050.98",,798847.12
15-04-2026,UPIP2M004542866862HarishKapoorUPIFDRL,710141088489,"14,950.26",,783896.86
15-04-2026,UPIP2M814527641979OlaCabsUPIPAYTM,624093900590,780.22,,783116.64
15-04-2026,UPIP2M880384657610FlipkartUPIICICI,118855599588,510.58,,782606.06
15-04-2026,UPIP2M955857261437OlaCabsUPIICICI,434582611604,"1,310.16",,781295.90
16-04-2026,POS SHOPPERS STOP HYDERABAD,403491569770,"7,000.46",,774295.44
16-04-2026,UPIP2M264890947404UberIndiaUPIPAYTM,356735098410,870.96,,773424.48
18-04-2026,UPIP2M814426372460MyntraUPIPAYTM,949048900093,"2,400.42",,771024.06
19-04-2026,UPIP2M580059191989JioRechargeUPIPAYTM,689017748266,619.00,,770405.06
20-04-2026,UPIP2M790025786456SnehaKumarUPIUTIB,400283281742,"13,100.17",,757304.89
21-04-2026,UPIP2M786055666709RapidoUPIPAYTM,588498944842,470.39,,756834.50
21-04-2026,UPIP2M151881150026CESCLimitedUPIUPIN,002535298473,"2,450.71",,754383.79
22-04-2026,UPIP2M700047066696RakeshBoseUPIUCBA,950938396866,"16,350.10",,738033.69
22-04-2026,UPIP2A906088743627ArjunPillaiUPIBDBL,720885233901,,"17,150.98",755184.67
23-04-2026,POS BIG BAZAAR HYDERABAD,557644607309,"4,400.38",,750784.29
23-04-2026,ATMCASHAXISTPD34157180HYDERA,718634995004,"4,000.00",,746784.29
25-04-2026,IMPS/846210992556/Divya Mehta/KKBK,390572658648,"10,700.08",,736084.21
25-04-2026,UPIP2A794442652503SunitaDuttaUPIHDFC,081034275147,,"3,450.23",739534.44
26-04-2026,UPIP2M147603177216BlinkitUPIICICI,966842285777,280.87,,739253.57
27-04-2026,UPIP2M138090979579BSNLBroadbanUPIRAZORPAY,603276863461,349.00,,738904.57
27-04-2026,POS BRAND FACTORY HYDERABAD,409646695866,"8,150.63",,730753.94
27-04-2026,UPIP2M529503072655JioRechargeUPIPAYTM,158355062097,729.00,,730024.94
27-04-2026,POS RELIANCE MART HYDERABAD,283015619540,"6,400.42",,723624.52
27-04-2026,POS LIFESTYLE STORES HYDERABAD,604931057529,"4,900.26",,718724.26
28-04-2026,UPIP2A626502528048TarunAgarwalUPIFDRL,194246876421,,"3,450.34",722174.60
28-04-2026,UPIP2A909450566817SangitaPatilUPIPUNB,256196838881,,"18,600.89",740775.49
28-04-2026,UPIP2M999475167846ZeptoUPIICICI,106134615430,"1,700.54",,739074.95
29-04-2026,UPIP2M053946237753MeeshoUPIPAYTM,438829722445,"3,100.83",,735974.12
29-04-2026,UPIP2M266046069459UberIndiaUPIPAYTM,625188629086,790.78,,735183.34
29-04-2026,UPIP2M164925097627SureshChaudhUPIBKID,223781984646,"4,900.39",,730282.95
30-04-2026,Monthly Service Chrgs,897197220334,290.00,,729992.95
30-04-2026,UPIP2M848731302046AnkitShahUPIBARB,110897132790,"21,450.39",,708542.56
30-04-2026,UPIP2M255340391486SwiggyUPIICICI,923368369419,"2,740.18",,705802.38
30-04-2026,ATMCASHAXISEWC63307637HYDERA,449617909686,"6,500.00",,699302.38
30-04-2026,UPIP2M394515818315DunzoUPIICICI,729975366587,210.61,,699091.77
30-04-2026,GST ON CHARGES,681978471148,52.20,,699039.57
30-04-2026,UPIP2M562325369051MohanJoshiUPIBKID,731547930030,"16,400.52",,682639.05
01-05-2026,POS SHOPPERS STOP HYDERABAD,831718701327,"4,100.98",,678538.07
01-05-2026,UPIP2A380572170014ManojJainUPIFDRL,055442917448,,"15,250.18",693788.25
01-05-2026,UPIP2A895853532471MohitJoshiUPIBARB,536583072977,,"5,450.04",699238.29
02-05-2026,UPIP2M713223461005MamtaBanerjeUPIUCBA,262794316699,"18,750.96",,680487.33
04-05-2026,SALARY/S3597861081736/HDFC Life Insurance,422468584562,,"141,995.72",822483.05
04-05-2026,UPIP2M141408489235MyntraUPIPAYTM,753062057478,"4,200.15",,818282.90
05-05-2026,UPIP2A610786981689KavyaKumarUPIUTIB,329784279958,,"16,900.86",835183.76
05-05-2026,IMPS/141283902497/Girish Pandey/BDBL,159337726653,"5,300.91",,829882.85
05-05-2026,UPIP2M940765718946UberIndiaUPIICICI,604026926244,"1,420.39",,828462.46
05-05-2026,ATMCASHAXISFTE81364891HYDERA,995227165398,"1,000.00",,827462.46
06-05-2026,UPIP2M367582987699HDFCLifeInsuUPILICI,991040598322,"2,300.00",,825162.46
06-05-2026,UPIP2M647669148243PrashantVermUPIUTIB,796225703393,"19,450.73",,805711.73
07-05-2026,UPIP2M882866686429VarunTiwariUPIBDBL,389134980832,"7,750.69",,797961.04
07-05-2026,UPIP2M453750624191OlaCabsUPIICICI,038924641191,"1,730.45",,796230.59
07-05-2026,UPIP2M854326009861RajeshAhujaUPIKKBK,181197631028,"19,200.03",,777030.56
08-05-2026,NACH/MANDATE/RNT2801634/RENT MANDATE,876579626954,"22,000.00",,755030.56
