Bank Name,KOTAK MAHINDRA BANK LTD
Account Number,5790161720
Account Holder Name,ARCHANA DUBEY
Branch,VIMAN NAGAR
IFSC Code,KKBK0654841
Statement Period,01-12-2024 To 09-05-2026

Date,Description,Ref/ChequeNo,Debit,Credit,Balance
01-12-2024,UPI/DR/547271673509/Uber/PAYTM/uber@paytm/UPI,505018008353,240.67,,390243.81
03-12-2024,UPI/DR/845305323333/Varun/BARB/varunthap65@pthdfc/UPI,574700070563,"11,900.23",,378343.58
03-12-2024,UPI/DR/481721262891/Rapido/PAYTM/rapido@icici/UPI,740530065586,810.57,,377533.01
04-12-2024,UPI/DR/256073052973/Bajaj/LICI/licindia@licindia/UPI,177619437340,"3,300.00",,374233.01
04-12-2024,UPI/DR/209610308338/Jio/PAYTM/vi@airtelaxis/UPI,006926936425,799.00,,373434.01
04-12-2024,UPI/DR/455793098606/BSNL/ICICI/bsnlbroadband@upi/UPI,375667321491,"1,840.99",,371593.02
05-12-2024,UPI/DR/133869217835/Nykaa/PAYTM/nykaa@razorpay/UPI,232477388542,"1,450.76",,370142.26
05-12-2024,SALARY CREDIT/S1286187131037/Lupin Limited,154010658948,,"134,567.81",504710.07
05-12-2024,UPI/DR/807180806953/BigBasket/ICICI/bigbasket@ybl/UPI,856241961200,"1,820.19",,502889.88
05-12-2024,ATM-CASH-WDL/WHP478998/NAGPUR,291863519434,"9,000.00",,493889.88
06-12-2024,POS V MART NAGPUR,237300826248,"7,950.69",,485939.19
07-12-2024,NACH/MANDATE/LN053359399723/Bajaj Finance Ltd,124029001721,"14,500.00",,471439.19
07-12-2024,POS RELIANCE MART NAGPUR,759805953231,"4,950.04",,466489.15
08-12-2024,UPI/DR/975259769246/Anjali/UTIB/anjali.mehta@kotak/UPI,809950759704,"8,850.92",,457638.23
08-12-2024,UPI/DR/845159253276/PhonePe/ICICI/phonepe@ybl/UPI,012036532041,"1,500.96",,456137.27
09-12-2024,UPI/DR/181456189285/Ola/PAYTM/olamoney@ola/UPI,868415041384,460.93,,455676.34
10-12-2024,UPI/CR/137625387697/Pallavi/HDFC/3097147948@ibl/UPI,388272032440,,"4,200.79",459877.13
10-12-2024,NACH/MANDATE/RNT8012375/RENT MANDATE,979619147121,"18,000.00",,441877.13
10-12-2024,UPI/DR/363620165909/Jio/PAYTM/vi@airtelaxis/UPI,864230517800,239.00,,441638.13
10-12-2024,UPI/DR/789533429619/Jio/ICICI/jio@paytm/UPI,397393041679,"2,090.06",,439548.07
10-12-2024,POS BHARAT PETROLEUM NAGPUR,360151188659,950.34,,438597.73
11-12-2024,UPI/CR/214452288795/Sapna/PUNB/sapna529@axl/UPI,795602578090,,"7,800.61",446398.34
11-12-2024,UPI/DR/799074837269/KSEB/UPIN/ksebpayment@upi/UPI,090227277562,"2,950.35",,443447.99
11-12-2024,ATM-CASH-WDL/JLX920209/NAGPUR,178801002718,"1,000.00",,442447.99
12-12-2024,UPI/DR/330036122081/Anjali/PUNB/2230059299@ptyes/UPI,302146086722,"5,650.20",,436797.79
12-12-2024,POS SHELL FUEL STATION NAGPUR,388814236272,900.66,,435897.13
12-12-2024,NACH/MANDATE/SIP7148422/Mirae Asset MF,840294640867,"13,500.00",,422397.13
13-12-2024,UPI/DR/582121068339/Hathway/RAZORPAY/broadband@paytm/UPI,558171316427,"1,099.00",,421298.13
13-12-2024,UPI/DR/917009496130/Myntra/PAYTM/myntra@ybl/UPI,731652807720,600.96,,420697.17
14-12-2024,UPI/DR/845519514648/Mamta/UCBA/mamtachop49@ptsbi/UPI,805364809413,"8,350.00",,412347.17
14-12-2024,UPI/DR/460846011689/Jio/PAYTM/vi@airtelaxis/UPI,440758589325,369.00,,411978.17
15-12-2024,ATM-CASH-WDL/JJH548895/NAGPUR,681731204906,"3,000.00",,408978.17
16-12-2024,UPI/DR/954581820727/Rapido/PAYTM/rapido@icici/UPI,069640977143,890.74,,408087.43
16-12-2024,UPI/CR/356482094878/Kunal/UTIB/kunal.thapar@pthdfc/UPI,371081477811,,"4,900.95",412988.38
17-12-2024,UPI/DR/158137244955/Ajay/SBIN/2164470595@ptaxis/UPI,347345035502,"19,500.14",,393488.24
17-12-2024,UPI/DR/433454014748/Ajay/PUNB/7017807094@paytm/UPI,840158272229,"5,050.05",,388438.19
17-12-2024,UPI/DR/486032563394/Indane/ICICI/indanegas@upi/UPI,482918961951,"1,400.99",,387037.20
20-12-2024,UPI/DR/225887823460/Jio/PAYTM/vi@airtelaxis/UPI,180895836034,789.00,,386248.20
20-12-2024,UPI/DR/704678677670/Blinkit/ICICI/blinkit@kotak/UPI,730770535801,"1,090.06",,385158.14
21-12-2024,UPI/CR/580555290902/Shweta/HDFC/2225558332@okaxis/UPI,692774067006,,"14,850.81",400008.95
21-12-2024,UPI/DR/001036161654/PhonePe/ICICI/phonepe@ybl/UPI,141576206957,"1,260.39",,398748.56
21-12-2024,UPI/DR/406356667203/Vivek/FDRL/3137164374@ybl/UPI,901369017658,"17,100.15",,381648.41
22-12-2024,ATM-CASH-WDL/NWY567853/NAGPUR,898304086527,"10,000.00",,371648.41
22-12-2024,ATM-CASH-WDL/VJN239769/NAGPUR,233785521419,"9,000.00",,362648.41
23-12-2024,UPI/DR/573260565672/Meena/BDBL/meena.chopra@ibl/UPI,909776105438,"16,050.36",,346598.05
23-12-2024,POS V MART NAGPUR,310276426486,"5,600.10",,340997.95
23-12-2024,UPI/DR/743833580825/Ola/ICICI/olamoney@ola/UPI,091620685240,"2,500.01",,338497.94
23-12-2024,UPI/DR/277459064986/Gaurav/FDRL/4262179201@ptaxis/UPI,679956697798,"18,250.15",,320247.79
25-12-2024,UPI/DR/058194702340/Shreya/UCBA/shreyapill60@aubank/UPI,686145708549,"16,850.86",,303396.93
25-12-2024,UPI/CR/139592340896/Renu/KKBK/1542778341@kotak/UPI,976759729744,,"11,950.86",315347.79
25-12-2024,UPI/CR/814060060213/Pooja/FDRL/pooja678@ptaxis/UPI,625934397052,,"15,250.92",330598.71
26-12-2024,IMPS-495727690059-Priya Desai,694569458679,"13,000.82",,317597.89
26-12-2024,UPI/DR/320927441569/MedPlus/ICICI/medplus@icici/UPI,626588731841,"1,090.03",,316507.86
27-12-2024,UPI/DR/397367119277/Swiggy/ICICI/swiggy@icici/UPI,814326120585,"2,570.79",,313937.07
27-12-2024,INTEREST CREDIT,465649081639,,295.31,314232.38
28-12-2024,UPI/DR/359609743464/Ola/PAYTM/olamoney@ola/UPI,218175627774,460.80,,313771.58
28-12-2024,UPI/CR/223365733002/Ashish/UCBA/5448091120@ybl/UPI,870921504049,,"14,400.36",328171.94
28-12-2024,UPI/DR/590593398862/Uber/PAYTM/uber@paytm/UPI,242354482953,690.66,,327481.28
29-12-2024,UPI/DR/066578998982/Meena/UCBA/meena.dubey@okhdfcbank/UPI,214734008646,"7,200.23",,320281.05
29-12-2024,UPI/DR/258408865693/Ashish/HDFC/ashishchat58@upi/UPI,856780165635,"4,400.44",,315880.61
30-12-2024,UPI/DR/420017977036/Ola/ICICI/olamoney@ola/UPI,611575329526,"2,620.00",,313260.61
30-12-2024,UPI/CR/120622479627/Swati/UCBA/swatidas26@paytm/UPI,430631846690,,"9,500.02",322760.63
01-01-2025,UPI/DR/262324186500/Gopal/KKBK/gopal836@okhdfcbank/UPI,285878668768,"14,200.48",,308560.15
01-01-2025,UPI/DR/327994170694/Swiggy/ICICI/swiggy@icici/UPI,026749535352,730.54,,307829.61
01-01-2025,UPI/DR/411870510150/Zepto/ICICI/zepto@apl/UPI,213671283772,"2,740.81",,305088.80
01-01-2025,UPI/DR/275756818608/Blinkit/ICICI/blinkit@kotak/UPI,619174267502,"1,380.46",,303708.34
01-01-2025,ATM-CASH-WDL/PHF666226/NAGPUR,260585994266,"5,500.00",,298208.34
01-01-2025,UPI/DR/336179094969/PhonePe/ICICI/phonepe@ybl/UPI,253306568949,"2,090.52",,296117.82
02-01-2025,UPI/DR/555352111733/Uber/PAYTM/uber@paytm/UPI,843129023243,680.74,,295437.08
02-01-2025,UPI/DR/417506625198/Mina/BKID/minaverm14@oksbi/UPI,962112158819,"3,400.32",,292036.76
02-01-2025,UPI/DR/021224398996/Dunzo/ICICI/dunzo@razorpay/UPI,896933443990,"2,060.94",,289975.82
03-01-2025,UPI/DR/662157865431/Hathway/RAZORPAY/broadband@paytm/UPI,778382107080,299.00,,289676.82
03-01-2025,UPI/CR/731013895246/Anjali/SBIN/anjalikapo59@kotak/UPI,513638603710,,"17,000.83",306677.65
05-01-2025,SALARY CREDIT/S4810155420806/Lupin Limited,447995916364,,"131,834.81",438512.46
06-01-2025,NACH/MANDATE/RNT3881114/RENT MANDATE,258227013303,"18,000.00",,420512.46
06-01-2025,UPI/CR/750230219355/Kavya/BDBL/0171526921@aubank/UPI,538507610021,,"12,550.86",433063.32
07-01-2025,NACH/MANDATE/LN053359399723/Bajaj Finance Ltd,376224763068,"14,500.00",,418563.32
08-01-2025,UPI/DR/477059977601/Harish/BARB/harish175@okhdfcbank/UPI,624567587412,"9,750.36",,408812.96
09-01-2025,UPI/DR/056872822908/Jio/PAYTM/vi@airtelaxis/UPI,278353495775,809.00,,408003.96
09-01-2025,UPI/DR/628319616041/Hotstar/ICICI/hotstar@hdfcbank/UPI,116914464359,699.00,,407304.96
11-01-2025,POS RELIANCE PETROLEUM NAGPUR,750150378895,"1,950.43",,405354.53
11-01-2025,UPI/DR/546331139344/Uber/PAYTM/uber@paytm/UPI,830665815822,880.85,,404473.68
12-01-2025,POS VISHAL MEGA MART NAGPUR,085468296922,"2,000.66",,402473.02
13-01-2025,UPI/DR/288771596397/KSEB/UPIN/ksebpayment@upi/UPI,589449306401,"1,900.04",,400572.98
13-01-2025,UPI/DR/656497150740/Ola/ICICI/olamoney@ola/UPI,068979658618,190.57,,400382.41
13-01-2025,UPI/DR/065513494157/Ashish/BDBL/ashish.chatterjee@ptaxis/UPI,944880252565,"1,350.54",,399031.87
13-01-2025,UPI/CR/527790040711/Nisha/FDRL/nisha.mukherjee@kotak/UPI,993250612647,,"16,650.48",415682.35
14-01-2025,UPI/DR/556130036143/BSNL/ICICI/bsnlbroadband@upi/UPI,496845029472,"1,750.91",,413931.44
15-01-2025,UPI/DR/434478515518/Jio/PAYTM/vi@airtelaxis/UPI,689723665558,249.00,,413682.44
16-01-2025,UPI/DR/601748363455/Dunzo/ICICI/dunzo@razorpay/UPI,135548061498,"2,780.22",,410902.22
16-01-2025,POS SHELL FUEL STATION NAGPUR,595323064415,"1,850.28",,409051.94
16-01-2025,UPI/DR/672342309483/Mina/BKID/mina.pandey@pthdfc/UPI,067294305371,"4,500.48",,404551.46
16-01-2025,UPI/DR/481678594688/Zomato/ICICI/zomato@axisbank/UPI,547191379428,850.35,,403701.11
17-01-2025,UPI/DR/805378637629/Flipkart/ICICI/flipkart@ybl/UPI,382334933352,"1,290.43",,402410.68
17-01-2025,POS RELIANCE PETROLEUM NAGPUR,762362196448,"3,800.23",,398610.45
17-01-2025,UPI/DR/331196033451/Indane/ICICI/indanegas@upi/UPI,917231997205,"2,500.35",,396110.10
18-01-2025,UPI/DR/400782791796/Jio/ICICI/jio@paytm/UPI,060305186869,340.83,,395769.27
18-01-2025,POS D MART NAGPUR,718721896350,"2,400.41",,393368.86
18-01-2025,NACH/MANDATE/SIP7170033/Mirae Asset MF,976953080612,"13,500.00",,379868.86
19-01-2025,UPI/DR/749111282778/Ola/ICICI/olamoney@ola/UPI,224443181947,"1,660.43",,378208.43
19-01-2025,UPI/DR/878301988739/Nykaa/PAYTM/nykaa@razorpay/UPI,767364585698,450.01,,377758.42
19-01-2025,UPI/CR/678895125552/Abhishek/PUNB/abhishek.das@aubank/UPI,213615796313,,"17,000.71",394759.13
19-01-2025,UPI/DR/896400672845/Netmeds/ICICI/netmeds@paytm/UPI,471324999205,870.94,,393888.19
19-01-2025,UPI/CR/475180729482/Pankaj/KKBK/8579324600@ptsbi/UPI,415150312421,,"17,400.18",411288.37
19-01-2025,UPI/DR/609487195532/Vandana/FDRL/5716534901@oksbi/UPI,496496434222,"13,150.55",,398137.82
19-01-2025,UPI/DR/789689281465/Myntra/PAYTM/myntra@ybl/UPI,599547025082,"2,500.50",,395637.32
20-01-2025,ATM-CASH-WDL/PFS721107/NAGPUR,499817898758,"3,500.00",,392137.32
20-01-2025,UPI/DR/253168672665/Uber/PAYTM/uber@paytm/UPI,099973919216,270.45,,391866.87
21-01-2025,UPI/DR/723112432786/Swiggy/ICICI/swiggy@icici/UPI,812992722981,"2,300.47",,389566.40
22-01-2025,POS BHARAT PETROLEUM NAGPUR,520784238441,"2,150.88",,387415.52
22-01-2025,ATM-CASH-WDL/VUJ921156/NAGPUR,646340043938,"6,000.00",,381415.52
23-01-2025,UPI/DR/401817462315/Jio/ICICI/jio@paytm/UPI,207945042015,"1,790.88",,379624.64
24-01-2025,UPI/DR/789582318606/Jio/ICICI/jio@paytm/UPI,135512124486,350.01,,379274.63
24-01-2025,UPI/DR/293030974982/Ola/ICICI/olamoney@ola/UPI,677513665086,"1,600.84",,377673.79
25-01-2025,UPI/DR/020303574616/Zepto/ICICI/zepto@apl/UPI,666753068866,"2,560.88",,375112.91
25-01-2025,UPI/DR/244447939076/Radha/BDBL/radha969@oksbi/UPI,029418094799,"15,100.61",,360012.30
29-01-2025,UPI/DR/149643998951/Flipkart/PAYTM/flipkart@ybl/UPI,305302086437,850.01,,359162.29
29-01-2025,UPI/DR/692924331485/Flipkart/ICICI/flipkart@ybl/UPI,806836971319,530.17,,358632.12
29-01-2025,UPI/DR/602923572516/Rapido/PAYTM/rapido@icici/UPI,071852167180,670.38,,357961.74
30-01-2025,POS MAX FASHION NAGPUR,321812690530,"7,150.29",,350811.45
01-02-2025,UPI/DR/185681903300/Shreya/KKBK/shreya.chopra@apl/UPI,134428990257,"19,800.48",,331010.97
01-02-2025,POS VISHAL MEGA MART NAGPUR,123113691347,"1,200.86",,329810.11
03-02-2025,POS PANTALOONS NAGPUR,502236758287,"2,050.16",,327759.95
05-02-2025,UPI/DR/147351259207/Jio/PAYTM/vi@airtelaxis/UPI,901975361340,869.00,,326890.95
05-02-2025,POS SHELL FUEL STATION NAGPUR,358119944180,"1,500.67",,325390.28
06-02-2025,UPI/DR/716708941801/Sangita/BDBL/5035159020@aubank/UPI,130726447171,"6,550.74",,318839.54
07-02-2025,UPI/DR/335012843509/Abhishek/FDRL/5875957830@pthdfc/UPI,468171073896,"17,950.05",,300889.49
07-02-2025,SALARY CREDIT/S9107195082278/Lupin Limited,240636106976,,"131,299.81",432189.30
08-02-2025,UPI/DR/632415458967/Meesho/PAYTM/meesho@ybl/UPI,122710360641,"4,100.26",,428089.04
08-02-2025,UPI/DR/747474472405/Jio/PAYTM/vi@airtelaxis/UPI,965760972669,809.00,,427280.04
09-02-2025,UPI/CR/478971708378/Kavita/HDFC/kavita410@oksbi/UPI,559595692551,,"1,550.98",428831.02
09-02-2025,UPI/DR/648369322657/Radha/SBIN/radha.sen@ptaxis/UPI,913098275825,"2,200.52",,426630.50
09-02-2025,ATM-CASH-WDL/IXZ522441/NAGPUR,436945043796,"1,500.00",,425130.50
09-02-2025,UPI/CR/074967375238/Sneha/BKID/sneha.banerjee@kotak/UPI,351245954118,,"15,400.11",440530.61
09-02-2025,NACH/MANDATE/RNT5556459/RENT MANDATE,167650435955,"18,000.00",,422530.61
10-02-2025,POS BHARAT PETROLEUM NAGPUR,883177704840,"4,300.00",,418230.61
10-02-2025,UPI/CR/520423074137/Pallavi/UTIB/pallaviiyer28@upi/UPI,127976235961,,"5,100.43",423331.04
10-02-2025,UPI/CR/054539426959/Harish/PUNB/harishmish48@oksbi/UPI,428200395039,,"12,000.33",435331.37
10-02-2025,UPI/DR/467564061915/Anita/PUNB/anita836@okicici/UPI,733061980673,"17,400.42",,417930.95
11-02-2025,NACH/MANDATE/SIP4548630/Mirae Asset MF,925640994086,"13,500.00",,404430.95
11-02-2025,UPI/DR/419135644628/Netmeds/ICICI/netmeds@paytm/UPI,970056641013,"1,500.82",,402930.13
12-02-2025,UPI/CR/441750568563/Shweta/SBIN/7066577839@paytm/UPI,043822951285,,"15,350.30",418280.43
12-02-2025,POS V MART NAGPUR,564979720500,"7,600.46",,410679.97
12-02-2025,UPI/DR/849567870581/KSEB/UPIN/ksebpayment@upi/UPI,679113543619,"2,350.92",,408329.05
12-02-2025,UPI/DR/233004720982/Krishna/HDFC/krishna.saxena@paytm/UPI,918898822234,"12,100.33",,396228.72
13-02-2025,NACH/MANDATE/LN053359399723/Bajaj Finance Ltd,783092239164,"14,500.00",,381728.72
13-02-2025,UPI/DR/532605356884/Flipkart/ICICI/flipkart@ybl/UPI,649356330651,610.70,,381118.02
13-02-2025,UPI/DR/773693614990/Amit/HDFC/amitpati13@apl/UPI,891344085552,"16,700.74",,364417.28
13-02-2025,ATM-CASH-WDL/LBK156804/NAGPUR,146610032467,"7,500.00",,356917.28
14-02-2025,ATM-CASH-WDL/TKB591375/NAGPUR,844528533413,"5,000.00",,351917.28
14-02-2025,UPI/DR/401668280346/Zomato/ICICI/zomato@axisbank/UPI,601240864707,730.86,,351186.42
15-02-2025,ATM-CASH-WDL/KOJ845492/NAGPUR,275701326847,"9,000.00",,342186.42
16-02-2025,UPI/DR/426501765922/Practo/ICICI/practo@paytm/UPI,020350930300,899.00,,341287.42
16-02-2025,UPI/DR/908174808074/Ola/PAYTM/olamoney@ola/UPI,884573200931,110.02,,341177.40
16-02-2025,POS INDIAN OIL NAGPUR,152990719958,"2,450.80",,338726.60
16-02-2025,UPI/DR/076752112420/Indane/ICICI/indanegas@upi/UPI,652740833515,"2,500.50",,336226.10
16-02-2025,UPI/DR/377152459523/Amazon/ICICI/amazon@apl/UPI,103643130499,"2,080.55",,334145.55
16-02-2025,IMPS-467641149483-Anjali Pillai,892653322657,"28,900.41",,305245.14
17-02-2025,UPI/DR/446560851729/Hathway/RAZORPAY/broadband@paytm/UPI,401844052038,649.00,,304596.14
19-02-2025,UPI/DR/311932313765/Ola/PAYTM/olamoney@ola/UPI,143023040595,230.14,,304366.00
20-02-2025,UPI/CR/325283039771/Ajay/UCBA/ajayjain41@ptsbi/UPI,367983059995,,"4,950.85",309316.85
20-02-2025,UPI/DR/988503231504/Jio/PAYTM/vi@airtelaxis/UPI,428265722775,529.00,,308787.85
20-02-2025,POS LIFESTYLE STORES NAGPUR,383013755145,"5,050.19",,303737.66
21-02-2025,UPI/DR/910521118626/Uber/ICICI/uber@paytm/UPI,175010875825,"1,150.75",,302586.91
21-02-2025,UPI/DR/854479104349/Uber/PAYTM/uber@paytm/UPI,804976120372,320.74,,302266.17
21-02-2025,UPI/DR/593583182299/Poonam/BKID/poonam870@axl/UPI,332789038981,"15,250.24",,287015.93
22-02-2025,POS D MART NAGPUR,603097093404,"4,250.37",,282765.56
22-02-2025,UPI/DR/472749068256/Naveen/HDFC/naveensen45@paytm/UPI,925350677142,"15,400.47",,267365.09
22-02-2025,UPI/CR/280539067482/Kamal/HDFC/kamal.joshi@kotak/UPI,820879334972,,"8,900.86",276265.95
23-02-2025,ATM-CASH-WDL/ACQ602841/NAGPUR,232174482924,"4,500.00",,271765.95
24-02-2025,IMPS-505772539698-Santosh Agarwal,101487464617,"21,900.08",,249865.87
24-02-2025,UPI/DR/036629024982/Zomato/ICICI/zomato@axisbank/UPI,460739324977,"2,680.22",,247185.65
25-02-2025,UPI/DR/888396725781/Nisha/UCBA/nisha.srivastava@axl/UPI,651678382207,"3,450.90",,243734.75
25-02-2025,UPI/DR/546933644618/Rapido/PAYTM/rapido@icici/UPI,112425296146,350.73,,243384.02
25-02-2025,UPI/DR/430013718261/Jio/PAYTM/vi@airtelaxis/UPI,147900875451,969.00,,242415.02
25-02-2025,UPI/DR/999460691503/Rohit/HDFC/4886037461@ptsbi/UPI,635536822345,"14,400.92",,228014.10
27-02-2025,UPI/DR/238644415666/Jio/PAYTM/vi@airtelaxis/UPI,906003646080,679.00,,227335.10
28-02-2025,POS BIG BAZAAR NAGPUR,730402557763,"6,750.27",,220584.83
01-03-2025,UPI/DR/500352475510/Blinkit/ICICI/blinkit@kotak/UPI,380959012759,"1,860.42",,218724.41
01-03-2025,UPI/DR/629660484638/Poonam/BDBL/5583122353@oksbi/UPI,668483142798,"10,000.07",,208724.34
01-03-2025,POS RELIANCE MART NAGPUR,963308053707,"6,050.03",,202674.31
01-03-2025,UPI/DR/552965428192/Nykaa/PAYTM/nykaa@razorpay/UPI,026530066030,"1,300.95",,201373.36
02-03-2025,UPI/DR/047741719231/BSNL/ICICI/bsnlbroadband@upi/UPI,338171338268,"1,110.85",,200262.51
02-03-2025,UPI/DR/602413402502/Rapido/PAYTM/rapido@icici/UPI,292378219933,340.99,,199921.52
02-03-2025,POS MAX FASHION NAGPUR,201713642840,"5,550.77",,194370.75
02-03-2025,ATM-CASH-WDL/NLW498127/NAGPUR,048224267156,"5,000.00",,189370.75
02-03-2025,UPI/DR/875767900474/Zomato/ICICI/zomato@axisbank/UPI,997670613496,"1,430.03",,187940.72
03-03-2025,UPI/DR/794242431788/PhonePe/ICICI/phonepe@ybl/UPI,246834535348,550.15,,187390.57
03-03-2025,UPI/DR/071323907543/Mohan/BARB/8004818466@okhdfcbank/UPI,888966863000,"21,500.45",,165890.12
03-03-2025,UPI/DR/102606731933/Amazon/ICICI/amazon@apl/UPI,236528671219,"2,070.13",,163819.99
03-03-2025,UPI/DR/584246342573/Dunzo/ICICI/dunzo@razorpay/UPI,944753789989,"2,220.40",,161599.59
04-03-2025,ATM-CASH-WDL/YKF188775/NAGPUR,249550242320,"1,000.00",,160599.59
04-03-2025,UPI/CR/504598888608/Kunal/UCBA/kunaldutt61@paytm/UPI,854703124301,,"8,050.45",168650.04
05-03-2025,POS MAX FASHION NAGPUR,768849711350,"1,050.05",,167599.99
05-03-2025,UPI/DR/021521023998/Blinkit/ICICI/blinkit@kotak/UPI,153980244847,"1,540.63",,166059.36
06-03-2025,SALARY CREDIT/S4093748763246/Lupin Limited,042547400369,,"134,573.81",300633.17
06-03-2025,UPI/DR/533537891578/1mg/ICICI/tatahealth@icici/UPI,396222534232,290.31,,300342.86
07-03-2025,POS MORE SUPER MARKET NAGPUR,094015284115,"4,450.28",,295892.58
07-03-2025,UPI/DR/212736923395/Jio/PAYTM/vi@airtelaxis/UPI,573282052308,189.00,,295703.58
08-03-2025,UPI/DR/809378535970/Hathway/RAZORPAY/broadband@paytm/UPI,189973202806,749.00,,294954.58
09-03-2025,ATM-CASH-WDL/GJV341461/NAGPUR,713568783239,"10,000.00",,284954.58
09-03-2025,UPI/CR/796046817049/Harish/HDFC/harishjain46@okicici/UPI,617830003928,,"17,600.51",302555.09
09-03-2025,UPI/DR/578165009966/Ola/ICICI/olamoney@ola/UPI,548255639843,560.21,,301994.88
10-03-2025,NACH/MANDATE/LN053359399723/Bajaj Finance Ltd,281429670101,"14,500.00",,287494.88
10-03-2025,POS RELIANCE PETROLEUM NAGPUR,951959614206,850.97,,286643.91
10-03-2025,NACH/MANDATE/RNT4640542/RENT MANDATE,552549823525,"18,000.00",,268643.91
10-03-2025,POS CENTRAL MALL NAGPUR,471583471070,"2,000.20",,266643.71
11-03-2025,UPI/DR/813474523142/Bajaj/LICI/licindia@licindia/UPI,462685261054,"3,300.00",,263343.71
11-03-2025,UPI/DR/708313130869/Rapido/PAYTM/rapido@icici/UPI,292424102184,470.39,,262873.32
11-03-2025,POS STAR BAZAAR NAGPUR,316407952288,"4,750.46",,258122.86
11-03-2025,POS BHARAT PETROLEUM NAGPUR,374603726815,"2,400.16",,255722.70
12-03-2025,NACH/MANDATE/SIP0538753/Mirae Asset MF,286697329382,"13,500.00",,242222.70
12-03-2025,UPI/DR/798907292577/KSEB/UPIN/ksebpayment@upi/UPI,768497361362,"1,750.96",,240471.74
13-03-2025,UPI/CR/522244987420/Kamal/UTIB/8111567606@apl/UPI,648150745800,,"12,250.39",252722.13
13-03-2025,UPI/DR/364996530768/Flipkart/ICICI/flipkart@ybl/UPI,454290428415,"2,490.56",,250231.57
14-03-2025,UPI/DR/944371901228/Indane/ICICI/indanegas@upi/UPI,534223546858,"1,150.25",,249081.32
14-03-2025,POS PANTALOONS NAGPUR,476768853293,"8,250.61",,240830.71
14-03-2025,UPI/DR/642083915271/Ola/PAYTM/olamoney@ola/UPI,176599678079,720.14,,240110.57
14-03-2025,POS RELIANCE PETROLEUM NAGPUR,315271755496,"1,100.86",,239009.71
15-03-2025,UPI/DR/069794846839/Flipkart/PAYTM/flipkart@ybl/UPI,556479175812,300.51,,238709.20
15-03-2025,UPI/DR/560775388133/Rakesh/UCBA/rakeshgupt44@ibl/UPI,010371821606,"4,600.91",,234108.29
15-03-2025,UPI/DR/552571166122/Zomato/ICICI/zomato@axisbank/UPI,092053690189,"2,510.49",,231597.80
15-03-2025,UPI/DR/602249521363/BigBasket/ICICI/bigbasket@ybl/UPI,415532452190,780.78,,230817.02
15-03-2025,UPI/DR/570407925068/Arjun/UTIB/arjun.naik@ybl/UPI,550748200765,"3,850.93",,226966.09
17-03-2025,POS D MART NAGPUR,819285276161,"6,100.55",,220865.54
18-03-2025,IMPS-389014174049-Nisha Pillai,983608409113,"41,200.71",,179664.83
18-03-2025,UPI/DR/864675348166/Mohit/UTIB/mohityada80@kotak/UPI,886247650334,"17,400.24",,162264.59
19-03-2025,POS LIFESTYLE STORES NAGPUR,905276325140,"6,500.41",,155764.18
19-03-2025,UPI/DR/622489020689/Sushma/SBIN/sushmabane12@ibl/UPI,709695337546,"18,950.74",,136813.44
20-03-2025,NEFT/N5819397634897/ICICI Lombard GIC,031210646591,,"26,000.36",162813.80
21-03-2025,UPI/DR/763740614884/Jio/PAYTM/vi@airtelaxis/UPI,329435879368,429.00,,162384.80
22-03-2025,UPI/DR/377554128287/Jio/PAYTM/vi@airtelaxis/UPI,776565461927,659.00,,161725.80
24-03-2025,UPI/CR/499476514385/Lata/HDFC/lata719@upi/UPI,972691059528,,"3,850.82",165576.62
24-03-2025,UPI/DR/853225359032/Varun/UTIB/varun266@apl/UPI,424694842285,"7,500.80",,158075.82
26-03-2025,UPI/DR/847760123801/Jio/PAYTM/vi@airtelaxis/UPI,001949819660,569.00,,157506.82
27-03-2025,UPI/DR/329392000797/Sushma/BKID/sushma449@okhdfcbank/UPI,488056282337,"21,000.90",,136505.92
28-03-2025,INTEREST CREDIT,712082596519,,75.12,136581.04
28-03-2025,UPI/DR/948615503773/Dunzo/ICICI/dunzo@razorpay/UPI,742595770601,"1,230.80",,135350.24
29-03-2025,UPI/DR/589888287980/Harish/SBIN/harishbaja60@ptyes/UPI,143094223745,"11,450.07",,123900.17
31-03-2025,UPI/DR/564160129443/Paytm/ICICI/paytm@paytm/UPI,278772551730,"1,690.52",,122209.65
31-03-2025,UPI/DR/427241316806/Paytm/ICICI/paytm@paytm/UPI,252089514546,900.11,,121309.54
02-04-2025,ATM-CASH-WDL/WRL048019/NAGPUR,130631085691,"8,500.00",,112809.54
02-04-2025,UPI/DR/514604040934/Swiggy/ICICI/swiggy@icici/UPI,145403371983,"2,360.02",,110449.52
02-04-2025,UPI/DR/364235777392/Ravi/BKID/ravi.banerjee@aubank/UPI,749448733975,550.99,,109898.53
02-04-2025,UPI/DR/552536423317/Ola/PAYTM/olamoney@ola/UPI,989081552962,340.78,,109557.75
02-04-2025,ATM-CASH-WDL/KZN718128/NAGPUR,369573007160,"5,000.00",,104557.75
03-04-2025,POS VISHAL MEGA MART NAGPUR,632529302654,"5,200.39",,99357.36
04-04-2025,POS SHOPPERS STOP NAGPUR,302735238026,"1,300.33",,98057.03
04-04-2025,POS BHARAT PETROLEUM NAGPUR,351371997165,"1,700.07",,96356.96
04-04-2025,UPI/DR/428593833389/Amazon/ICICI/amazon@apl/UPI,193730082924,"1,280.43",,95076.53
05-04-2025,UPI/CR/301932312898/Preeti/SBIN/preetibane31@pthdfc/UPI,148986967195,,"3,950.96",99027.49
05-04-2025,POS INDIAN OIL NAGPUR,132027098795,"2,850.38",,96177.11
05-04-2025,POS PANTALOONS NAGPUR,507821192183,"2,050.00",,94127.11
07-04-2025,SALARY CREDIT/S8133048202146/Lupin Limited,885107675032,,"130,872.81",224999.92
07-04-2025,POS CENTRAL MALL NAGPUR,756820390254,"3,350.06",,221649.86
08-04-2025,POS BRAND FACTORY NAGPUR,518543449915,"7,000.18",,214649.68
08-04-2025,UPI/DR/394500302842/Amazon/PAYTM/amazon@apl/UPI,836877626608,"5,100.49",,209549.19
09-04-2025,POS INDIAN OIL NAGPUR,459212710933,"1,350.85",,208198.34
09-04-2025,POS HP PETROL PUMP NAGPUR,098275139608,"2,100.11",,206098.23
09-04-2025,UPI/DR/527914916220/Jio/PAYTM/vi@airtelaxis/UPI,961878488333,549.00,,205549.23
10-04-2025,NEFT/N0904965603122/Cipla Limited,311398974727,,"50,500.72",256049.95
11-04-2025,UPI/DR/325356526879/Dunzo/ICICI/dunzo@razorpay/UPI,599919995457,960.33,,255089.62
11-04-2025,UPI/DR/033301565403/Anil/BARB/anilpill61@oksbi/UPI,172913977150,"20,600.38",,234489.24
11-04-2025,UPI/DR/078991404792/PhonePe/ICICI/phonepe@ybl/UPI,151065636282,"1,420.17",,233069.07
12-04-2025,NACH/MANDATE/RNT3732164/RENT MANDATE,615793080649,"18,000.00",,215069.07
12-04-2025,UPI/DR/627299672340/Sanjay/BDBL/sanjay453@paytm/UPI,556247501540,"16,400.50",,198668.57
12-04-2025,UPI/CR/388351045245/Naveen/PUNB/naveen292@aubank/UPI,381634120892,,"9,350.45",208019.02
12-04-2025,UPI/DR/316322184985/Maya/PUNB/maya.sharma@kotak/UPI,206989170165,"3,300.36",,204718.66
13-04-2025,UPI/CR/419996408404/Tarun/UTIB/2823289636@ptaxis/UPI,945886572614,,"7,850.60",212569.26
13-04-2025,UPI/DR/114100497389/Jio/PAYTM/vi@airtelaxis/UPI,011356600735,629.00,,211940.26
14-04-2025,NACH/MANDATE/LN053359399723/Bajaj Finance Ltd,469154241434,"14,500.00",,197440.26
15-04-2025,UPI/DR/505475692455/Hathway/RAZORPAY/broadband@paytm/UPI,879676155512,299.00,,197141.26
15-04-2025,UPI/CR/823603836525/Amit/UTIB/amit355@ibl/UPI,106515513601,,700.21,197841.47
15-04-2025,ATM-CASH-WDL/FSN978382/NAGPUR,279887250080,"10,000.00",,187841.47
17-04-2025,UPI/DR/108092778632/KSEB/UPIN/ksebpayment@upi/UPI,390974493820,850.33,,186991.14
17-04-2025,UPI/CR/935401860622/Sunil/PUNB/sunilagar32@pthdfc/UPI,221937730500,,"12,100.02",199091.16
17-04-2025,NACH/MANDATE/SIP5846693/Mirae Asset MF,129512811745,"13,500.00",,185591.16
18-04-2025,UPI/DR/076697246156/Amazon/ICICI/amazon@apl/UPI,861923183526,"1,960.09",,183631.07
18-04-2025,POS METRO CASH CARRY NAGPUR,968210906009,700.19,,182930.88
19-04-2025,UPI/DR/280496060703/Uber/PAYTM/uber@paytm/UPI,623157043287,240.43,,182690.45
21-04-2025,UPI/DR/167780184724/Amazon/PAYTM/amazon@apl/UPI,439152964096,"5,650.91",,177039.54
21-04-2025,UPI/DR/490750082449/Ola/ICICI/olamoney@ola/UPI,306123449980,"2,510.32",,174529.22
22-04-2025,UPI/DR/491008615400/Kapil/BKID/4643641162@paytm/UPI,201275811984,"13,400.69",,161128.53
23-04-2025,ATM-CASH-WDL/VCR878990/NAGPUR,654491510189,"1,000.00",,160128.53
23-04-2025,UPI/DR/751215575125/Jio/PAYTM/vi@airtelaxis/UPI,542008130303,569.00,,159559.53
23-04-2025,UPI/DR/912923044213/Ola/PAYTM/olamoney@ola/UPI,338341696337,620.81,,158938.72
23-04-2025,UPI/CR/512027053130/Siddharth/BKID/siddharth569@okhdfcbank/UPI,070626123874,,"3,250.98",162189.70
24-04-2025,UPI/DR/971494684241/Jio/PAYTM/vi@airtelaxis/UPI,764656938354,349.00,,161840.70
24-04-2025,UPI/DR/933143367753/Indane/ICICI/indanegas@upi/UPI,831339166077,"2,800.47",,159040.23
25-04-2025,UPI/DR/061273807690/Vikas/HDFC/vikasahuj64@axl/UPI,352727247203,"3,400.40",,155639.83
25-04-2025,UPI/DR/779268943282/Lata/PUNB/lata980@ptsbi/UPI,858950273663,"15,500.24",,140139.59
28-04-2025,UPI/DR/937619715928/Blinkit/ICICI/blinkit@kotak/UPI,667903758501,"1,110.80",,139028.79
28-04-2025,ATM-CASH-WDL/BDM947633/NAGPUR,388559233594,"1,000.00",,138028.79
28-04-2025,UPI/DR/843095067684/Paytm/ICICI/paytm@paytm/UPI,786682131272,760.32,,137268.47
29-04-2025,UPI/DR/811822662571/Rapido/PAYTM/rapido@icici/UPI,813580113920,490.12,,136778.35
29-04-2025,UPI/DR/291645193835/Jio/PAYTM/vi@airtelaxis/UPI,796819631099,269.00,,136509.35
29-04-2025,UPI/DR/395625652703/Flipkart/PAYTM/flipkart@ybl/UPI,840631303696,"1,100.47",,135408.88
30-04-2025,UPI/DR/410873579153/Girish/BDBL/0198710628@upi/UPI,813356440841,"18,350.08",,117058.80
01-05-2025,POS METRO CASH CARRY NAGPUR,561578567993,"4,600.94",,112457.86
01-05-2025,UPI/DR/146270243908/Zomato/ICICI/zomato@axisbank/UPI,132990295453,590.13,,111867.73
01-05-2025,UPI/CR/992402935125/Vikram/FDRL/7722537319@aubank/UPI,129814688743,,"16,250.56",128118.29
01-05-2025,UPI/DR/539106888137/Rapido/PAYTM/rapido@icici/UPI,658411237690,140.28,,127978.01
02-05-2025,UPI/DR/998800394592/BSNL/ICICI/bsnlbroadband@upi/UPI,404670523212,"2,800.48",,125177.53
02-05-2025,UPI/CR/251602755805/Radha/HDFC/radha.patil@okaxis/UPI,281457452593,,"18,050.16",143227.69
02-05-2025,UPI/DR/142161365848/Swiggy/ICICI/swiggy@icici/UPI,231627108234,"1,350.99",,141876.70
02-05-2025,POS D MART NAGPUR,115343280056,"3,800.60",,138076.10
03-05-2025,UPI/DR/842358902920/PhonePe/ICICI/phonepe@ybl/UPI,387624185568,570.53,,137505.57
03-05-2025,UPI/DR/069389354913/Jio/PAYTM/vi@airtelaxis/UPI,287682684285,989.00,,136516.57
03-05-2025,ATM-CASH-WDL/UAU599583/NAGPUR,095890160145,"6,500.00",,130016.57
03-05-2025,UPI/DR/343325950731/Rapido/PAYTM/rapido@icici/UPI,960258418288,530.76,,129485.81
03-05-2025,UPI/DR/113854767450/Jio/PAYTM/vi@airtelaxis/UPI,559563437829,829.00,,128656.81
03-05-2025,UPI/DR/516506695565/Sanjay/BARB/sanjaykapo52@aubank/UPI,698756578155,"10,000.95",,118655.86
05-05-2025,POS PANTALOONS NAGPUR,331908701080,"3,000.83",,115655.03
05-05-2025,POS VISHAL MEGA MART NAGPUR,047433009566,"7,150.53",,108504.50
06-05-2025,SALARY CREDIT/S6188252228032/Lupin Limited,036288517272,,"131,136.81",239641.31
06-05-2025,UPI/DR/559112435879/Jio/PAYTM/vi@airtelaxis/UPI,779694813545,779.00,,238862.31
07-05-2025,UPI/CR/840422746790/Sneha/BKID/4374748410@axl/UPI,865430610856,,"3,800.94",242663.25
07-05-2025,NACH/MANDATE/RNT7184057/RENT MANDATE,786329258082,"18,000.00",,224663.25
07-05-2025,UPI/DR/001641327582/Varun/UTIB/7912502886@pthdfc/UPI,610617179764,"13,300.66",,211362.59
10-05-2025,UPI/CR/293082769542/Sangita/KKBK/3465719133@okicici/UPI,441462560415,,"1,650.11",213012.70
10-05-2025,POS RELIANCE PETROLEUM NAGPUR,252043460184,"2,300.55",,210712.15
10-05-2025,UPI/DR/612729342690/Sangita/BARB/sangita128@ptaxis/UPI,890506756121,"17,100.09",,193612.06
12-05-2025,UPI/DR/025697549114/Paytm/ICICI/paytm@paytm/UPI,629952492974,710.90,,192901.16
12-05-2025,POS D MART NAGPUR,179326376681,"2,700.00",,190201.16
12-05-2025,UPI/DR/137142993363/Arjun/PUNB/6492498786@kotak/UPI,122580335218,600.50,,189600.66
12-05-2025,UPI/DR/631895626241/Kiran/BARB/7843859363@upi/UPI,517725407984,"20,050.34",,169550.32
13-05-2025,UPI/CR/442343456033/Preeti/UTIB/preeti.ghosh@okicici/UPI,744237912553,,"15,550.61",185100.93
13-05-2025,UPI/DR/139488716694/Indane/ICICI/indanegas@upi/UPI,414579992849,"2,500.92",,182600.01
14-05-2025,UPI/DR/842822452452/Rapido/PAYTM/rapido@icici/UPI,620817913617,660.08,,181939.93
14-05-2025,NACH/MANDATE/LN053359399723/Bajaj Finance Ltd,471389555867,"14,500.00",,167439.93
14-05-2025,ATM-CASH-WDL/DZG323943/NAGPUR,435806918832,"4,000.00",,163439.93
15-05-2025,NACH/MANDATE/SIP0493187/Mirae Asset MF,944311850609,"13,500.00",,149939.93
15-05-2025,UPI/CR/583355142948/Anita/BARB/anitasriv18@pthdfc/UPI,700141193582,,"17,850.16",167790.09
15-05-2025,POS BRAND FACTORY NAGPUR,485649062075,"7,100.15",,160689.94
16-05-2025,UPI/DR/281710130484/KSEB/UPIN/ksebpayment@upi/UPI,605397353241,"2,450.67",,158239.27
17-05-2025,POS STAR BAZAAR NAGPUR,757278282412,"5,850.35",,152388.92
18-05-2025,ATM-CASH-WDL/UYI604473/NAGPUR,968622526281,"2,000.00",,150388.92
20-05-2025,POS RELIANCE MART NAGPUR,132526823990,800.77,,149588.15
20-05-2025,UPI/DR/063256365121/Jio/PAYTM/vi@airtelaxis/UPI,115853514740,429.00,,149159.15
21-05-2025,UPI/DR/744492817570/Usha/FDRL/usha592@okicici/UPI,880812537104,300.59,,148858.56
21-05-2025,ATM-CASH-WDL/WNW954872/NAGPUR,139408899108,"3,000.00",,145858.56
21-05-2025,UPI/DR/827880661207/Zepto/ICICI/zepto@apl/UPI,169352121157,"1,350.06",,144508.50
22-05-2025,POS CENTRAL MALL NAGPUR,611850076998,"8,000.00",,136508.50
22-05-2025,UPI/DR/503001061345/Hathway/RAZORPAY/broadband@paytm/UPI,497490448238,649.00,,135859.50
22-05-2025,UPI/DR/126863134206/Maya/SBIN/maya.naik@ibl/UPI,221655320414,"12,200.97",,123658.53
22-05-2025,UPI/DR/438178196268/Jio/PAYTM/vi@airtelaxis/UPI,195084926195,289.00,,123369.53
22-05-2025,UPI/DR/503278539032/Uber/ICICI/uber@paytm/UPI,143458224970,"1,380.05",,121989.48
22-05-2025,UPI/DR/227982100228/Rapido/PAYTM/rapido@icici/UPI,773383673495,500.76,,121488.72
23-05-2025,ATM-CASH-WDL/CAD631391/NAGPUR,920428019103,"2,500.00",,118988.72
24-05-2025,UPI/DR/320917932349/Nykaa/PAYTM/nykaa@razorpay/UPI,780291637980,"5,250.30",,113738.42
24-05-2025,UPI/DR/547545690063/Kunal/PUNB/kunal.singh@ptyes/UPI,070863253566,"6,200.59",,107537.83
24-05-2025,ATM-CASH-WDL/HCB960864/NAGPUR,647167952955,"3,500.00",,104037.83
25-05-2025,UPI/DR/439880292919/Dunzo/ICICI/dunzo@razorpay/UPI,026459513165,"1,660.32",,102377.51
25-05-2025,UPI/CR/727548246749/Usha/FDRL/ushabose81@kotak/UPI,943158039664,,"10,650.85",113028.36
26-05-2025,UPI/DR/878132087996/Girish/PUNB/4331680680@okicici/UPI,919888152445,"5,950.28",,107078.08
26-05-2025,UPI/DR/242394461425/Amazon/ICICI/amazon@apl/UPI,188296226143,"1,680.89",,105397.19
27-05-2025,UPI/DR/989994996575/Geeta/KKBK/geeta.dubey@aubank/UPI,515266726199,"18,950.90",,86446.29
27-05-2025,UPI/DR/701829580310/Amazon/ICICI/amazon@apl/UPI,626254355016,920.83,,85525.46
27-05-2025,UPI/DR/099588982147/Ola/ICICI/olamoney@ola/UPI,080577128517,"2,500.36",,83025.10
28-05-2025,UPI/DR/838331818861/Lalit/BARB/lalitroy81@apl/UPI,910794496616,"7,450.74",,75574.36
28-05-2025,UPI/DR/673128320233/Ola/PAYTM/olamoney@ola/UPI,860361778029,770.49,,74803.87
28-05-2025,UPI/DR/750706702852/Paytm/ICICI/paytm@paytm/UPI,705648093631,"1,720.78",,73083.09
29-05-2025,POS RELIANCE PETROLEUM NAGPUR,741058976966,"3,200.30",,69882.79
31-05-2025,UPI/DR/127393164083/PhonePe/ICICI/phonepe@ybl/UPI,893729093611,"1,390.57",,68492.22
01-06-2025,UPI/DR/711251891968/Divya/UCBA/divya.mehta@ibl/UPI,808244801059,"16,500.38",,51991.84
02-06-2025,UPI/CR/517177783267/Deepak/PUNB/6608872900@pthdfc/UPI,521677982327,,"19,400.09",71391.93
03-06-2025,UPI/DR/962692062199/Jio/PAYTM/vi@airtelaxis/UPI,006689931354,659.00,,70732.93
03-06-2025,UPI/DR/618320539201/Pallavi/KKBK/pallavikulk90@upi/UPI,366835788513,"13,450.79",,57282.14
03-06-2025,UPI/DR/076756318654/Ola/ICICI/olamoney@ola/UPI,153499584348,560.07,,56722.07
04-06-2025,UPI/DR/684606036314/Jio/PAYTM/vi@airtelaxis/UPI,633204270087,489.00,,56233.07
05-06-2025,SALARY CREDIT/S3554033350648/Lupin Limited,994198588915,,"132,671.81",188904.88
07-06-2025,POS BHARAT PETROLEUM NAGPUR,866433441429,"3,250.39",,185654.49
07-06-2025,UPI/DR/830788784028/BSNL/ICICI/bsnlbroadband@upi/UPI,026705792027,"1,400.73",,184253.76
07-06-2025,NACH/MANDATE/RNT9078560/RENT MANDATE,054369094386,"18,000.00",,166253.76
07-06-2025,NEFT/N6726479050630/Fortis Healthcare Lt,649910046049,,"48,500.05",214753.81
08-06-2025,UPI/CR/350908038413/Anita/UCBA/anitadube75@okaxis/UPI,257983285444,,"10,650.56",225404.37
08-06-2025,UPI/DR/762798944525/Jio/PAYTM/vi@airtelaxis/UPI,704613268286,729.00,,224675.37
10-06-2025,UPI/DR/319380692089/BigBasket/ICICI/bigbasket@ybl/UPI,068064425570,150.11,,224525.26
10-06-2025,UPI/DR/212306586838/Rapido/PAYTM/rapido@icici/UPI,706243271631,690.77,,223834.49
10-06-2025,POS MAX FASHION NAGPUR,400792413599,"7,150.35",,216684.14
10-06-2025,UPI/CR/929608210751/Sanjay/BKID/sanjaysriv95@ybl/UPI,527737229819,,"13,400.80",230084.94
11-06-2025,UPI/DR/401261377753/Bajaj/LICI/licindia@licindia/UPI,288901630107,"3,300.00",,226784.94
11-06-2025,UPI/DR/240063125655/Sanjay/UTIB/5464644531@aubank/UPI,178427596306,"21,300.30",,205484.64
12-06-2025,UPI/DR/906259213750/Ola/ICICI/olamoney@ola/UPI,849972297780,"1,540.68",,203943.96
12-06-2025,UPI/DR/842628266646/KSEB/UPIN/ksebpayment@upi/UPI,104706438373,"1,600.94",,202343.02
12-06-2025,ATM-CASH-WDL/FUO459441/NAGPUR,645860744540,"3,500.00",,198843.02
13-06-2025,NACH/MANDATE/SIP6469493/Mirae Asset MF,219421936956,"13,500.00",,185343.02
13-06-2025,UPI/DR/459330919423/Ola/PAYTM/olamoney@ola/UPI,819796947126,140.73,,185202.29
13-06-2025,NACH/MANDATE/LN053359399723/Bajaj Finance Ltd,134775563237,"14,500.00",,170702.29
13-06-2025,UPI/DR/580335871397/Ashish/BDBL/ashish.sen@okhdfcbank/UPI,900537088070,"13,100.66",,157601.63
14-06-2025,UPI/CR/918847434680/Kamal/UTIB/2714332519@axl/UPI,013959586923,,"13,300.38",170902.01
14-06-2025,UPI/CR/819513768124/Babita/HDFC/babita.saxena@aubank/UPI,869044920380,,"9,900.75",180802.76
15-06-2025,UPI/DR/728315488961/Hotstar/ICICI/hotstar@hdfcbank/UPI,207132357961,349.00,,180453.76
16-06-2025,ATM-CASH-WDL/RIV287567/NAGPUR,663843682911,"7,000.00",,173453.76
16-06-2025,UPI/CR/379881690151/Shivam/HDFC/shivam.jain@oksbi/UPI,144557273813,,"6,800.72",180254.48
17-06-2025,UPI/DR/725440765414/Blinkit/ICICI/blinkit@kotak/UPI,980681932925,"1,780.36",,178474.12
17-06-2025,POS PANTALOONS NAGPUR,235924134938,"3,700.25",,174773.87
18-06-2025,UPI/DR/540979613119/Zomato/ICICI/zomato@axisbank/UPI,451567468791,300.29,,174473.58
18-06-2025,UPI/DR/724338350587/Sachin/BDBL/sachinchat28@ptaxis/UPI,037835351361,"15,400.98",,159072.60
18-06-2025,POS HP PETROL PUMP NAGPUR,323153639720,"4,400.51",,154672.09
19-06-2025,UPI/DR/177918613811/Indane/ICICI/indanegas@upi/UPI,515764758804,"2,000.36",,152671.73
19-06-2025,ATM-CASH-WDL/MYC102767/NAGPUR,941148580915,"3,000.00",,149671.73
20-06-2025,UPI/DR/000298166520/Ola/PAYTM/olamoney@ola/UPI,697371018445,330.09,,149341.64
20-06-2025,POS V MART NAGPUR,542966334041,850.77,,148490.87
20-06-2025,UPI/DR/360661234613/Flipkart/PAYTM/flipkart@ybl/UPI,318915204048,"2,250.76",,146240.11
20-06-2025,POS METRO CASH CARRY NAGPUR,940543718915,"5,850.33",,140389.78
22-06-2025,UPI/DR/259166807766/Uber/PAYTM/uber@paytm/UPI,225738452666,270.84,,140118.94
22-06-2025,UPI/DR/146029067772/BSNL/ICICI/bsnlbroadband@upi/UPI,085959816577,"1,830.15",,138288.79
22-06-2025,UPI/DR/120111107281/Kapil/BARB/6858865525@kotak/UPI,998160634949,"9,900.44",,128388.35
24-06-2025,UPI/DR/570833121269/Zomato/ICICI/zomato@axisbank/UPI,124686693421,"2,030.02",,126358.33
24-06-2025,POS HP PETROL PUMP NAGPUR,613885960922,"3,900.09",,122458.24
25-06-2025,UPI/DR/139323502153/Sushma/BARB/sushmayada89@paytm/UPI,949507124460,"18,150.83",,104307.41
26-06-2025,UPI/CR/309746098970/Sarita/SBIN/7447078662@ptaxis/UPI,164291103413,,850.91,105158.32
27-06-2025,INTEREST CREDIT,549454197139,,"1,145.85",106304.17
27-06-2025,POS V MART NAGPUR,545482186967,"3,900.06",,102404.11
27-06-2025,UPI/CR/736311813622/Vijay/SBIN/vijay829@ptaxis/UPI,226155537519,,"15,750.86",118154.97
27-06-2025,UPI/DR/799565280886/MedPlus/ICICI/medplus@icici/UPI,536194273973,"2,370.00",,115784.97
28-06-2025,UPI/CR/708152997409/Preeti/SBIN/preeti156@pthdfc/UPI,568717538012,,"18,250.51",134035.48
28-06-2025,GST ON CHARGES,907580250461,16.20,,134019.28
28-06-2025,POS HP PETROL PUMP NAGPUR,606017269649,"2,650.07",,131369.21
28-06-2025,UPI/DR/238414639125/Ola/ICICI/olamoney@ola/UPI,155726628738,"1,570.17",,129799.04
28-06-2025,UPI/DR/827290046006/Amazon/PAYTM/amazon@apl/UPI,344132513498,"5,150.74",,124648.30
28-06-2025,ACCOUNT MAINTENANCE CHARGES,127514619744,90.00,,124558.30
28-06-2025,UPI/DR/273058854432/Amazon/PAYTM/amazon@apl/UPI,342107225774,"4,900.88",,119657.42
29-06-2025,UPI/DR/007725006073/Ola/PAYTM/olamoney@ola/UPI,789397562649,880.42,,118777.00
30-06-2025,UPI/DR/194968030313/Ankit/UTIB/ankit275@okaxis/UPI,245218558181,"14,400.75",,104376.25
01-07-2025,UPI/DR/756708082357/BigBasket/ICICI/bigbasket@ybl/UPI,133037589861,660.54,,103715.71
01-07-2025,POS PANTALOONS NAGPUR,289357783052,"1,900.30",,101815.41
01-07-2025,UPI/DR/352858648636/Tarun/FDRL/tarun.yadav@oksbi/UPI,887872425996,"5,600.36",,96215.05
02-07-2025,POS BRAND FACTORY NAGPUR,086372220306,"2,900.69",,93314.36
03-07-2025,POS MORE SUPER MARKET NAGPUR,840155488457,"2,200.38",,91113.98
03-07-2025,UPI/DR/618103026462/Jio/PAYTM/vi@airtelaxis/UPI,711085908228,999.00,,90114.98
04-07-2025,UPI/DR/234569229370/PhonePe/ICICI/phonepe@ybl/UPI,045376689158,710.52,,89404.46
04-07-2025,UPI/CR/135782671462/Sangita/HDFC/6311096773@pthdfc/UPI,149733845166,,"18,250.58",107655.04
04-07-2025,UPI/DR/072362890496/Amazon/ICICI/amazon@apl/UPI,611205757008,"1,140.92",,106514.12
05-07-2025,UPI/DR/958074699791/Ola/PAYTM/olamoney@ola/UPI,192146595961,510.11,,106004.01
05-07-2025,UPI/DR/813068245119/Ola/PAYTM/olamoney@ola/UPI,667096196947,890.87,,105113.14
06-07-2025,UPI/DR/165444675857/Sunil/SBIN/sunilbose46@ptsbi/UPI,199619550845,"3,650.11",,101463.03
06-07-2025,UPI/CR/274011407782/Mohan/PUNB/mohansriv58@okhdfcbank/UPI,031748516604,,"21,100.25",122563.28
06-07-2025,SALARY CREDIT/S3882723359896/Lupin Limited,571837865778,,"129,718.81",252282.09
06-07-2025,UPI/DR/510873222158/Hotstar/ICICI/hotstar@hdfcbank/UPI,551676031571,599.00,,251683.09
07-07-2025,UPI/CR/632869546888/Renu/PUNB/renu.desai@ptsbi/UPI,646181474715,,"21,400.26",273083.35
07-07-2025,POS BIG BAZAAR NAGPUR,833618075787,"3,950.90",,269132.45
08-07-2025,UPI/DR/331306746908/PhonePe/ICICI/phonepe@ybl/UPI,683446946708,920.35,,268212.10
08-07-2025,IMPS-223954475572-Rohit Dubey,965491174002,"27,700.94",,240511.16
09-07-2025,NACH/MANDATE/RNT0420333/RENT MANDATE,748820451349,"18,000.00",,222511.16
09-07-2025,ATM-CASH-WDL/KVW950980/NAGPUR,855553006149,"1,000.00",,221511.16
10-07-2025,UPI/CR/657676708289/Vivek/FDRL/vivek.rao@okhdfcbank/UPI,522390409885,,"12,600.39",234111.55
10-07-2025,NACH/MANDATE/LN053359399723/Bajaj Finance Ltd,014481550705,"14,500.00",,219611.55
10-07-2025,UPI/DR/080445677881/Jio/PAYTM/vi@airtelaxis/UPI,725335345626,569.00,,219042.55
11-07-2025,NACH/MANDATE/SIP4052434/Mirae Asset MF,962797606285,"13,500.00",,205542.55
12-07-2025,UPI/DR/498655452298/Ola/ICICI/olamoney@ola/UPI,773834790665,"2,200.01",,203342.54
13-07-2025,UPI/CR/405495617625/Rajan/BDBL/rajan152@okhdfcbank/UPI,107329293225,,"11,150.56",214493.10
14-07-2025,UPI/CR/904755477876/Deepa/PUNB/2708408195@ptsbi/UPI,858786474942,,"18,450.54",232943.64
14-07-2025,POS RELIANCE PETROLEUM NAGPUR,685542338567,"1,000.75",,231942.89
14-07-2025,UPI/DR/158923918181/Jio/ICICI/jio@paytm/UPI,666002400891,620.31,,231322.58
15-07-2025,UPI/DR/594509992151/Paytm/ICICI/paytm@paytm/UPI,825523919788,"2,330.95",,228991.63
16-07-2025,UPI/DR/116339964725/Poonam/PUNB/poonamjain16@oksbi/UPI,693206807796,"4,350.95",,224640.68
16-07-2025,UPI/DR/204102743975/Priya/FDRL/priya661@okhdfcbank/UPI,802653166687,"14,950.78",,209689.90
16-07-2025,UPI/CR/657632082689/Amit/UTIB/1893124064@aubank/UPI,982407678976,,"3,250.23",212940.13
20-07-2025,UPI/DR/685780287596/Tarun/FDRL/7407948290@ptyes/UPI,679324952080,"19,750.39",,193189.74
20-07-2025,UPI/DR/318355656604/Zomato/ICICI/zomato@axisbank/UPI,315267806568,"2,540.03",,190649.71
20-07-2025,UPI/DR/529679968839/BigBasket/ICICI/bigbasket@ybl/UPI,268348199524,"2,050.71",,188599.00
22-07-2025,UPI/DR/581181835568/Ola/ICICI/olamoney@ola/UPI,923079318848,"2,140.68",,186458.32
22-07-2025,UPI/DR/218389406569/Jio/PAYTM/vi@airtelaxis/UPI,229794354236,729.00,,185729.32
22-07-2025,UPI/DR/079208532831/Myntra/PAYTM/myntra@ybl/UPI,770505261292,"6,000.05",,179729.27
22-07-2025,UPI/DR/939559718098/Indane/ICICI/indanegas@upi/UPI,755712876840,950.08,,178779.19
23-07-2025,UPI/CR/390493675457/Ashish/SBIN/9899815021@okicici/UPI,401237725209,,"20,150.05",198929.24
23-07-2025,UPI/DR/800843653106/KSEB/UPIN/ksebpayment@upi/UPI,855868710305,"3,700.03",,195229.21
23-07-2025,UPI/DR/936722840069/Rapido/PAYTM/rapido@icici/UPI,345951198348,720.70,,194508.51
25-07-2025,POS METRO CASH CARRY NAGPUR,643318791469,"6,750.86",,187757.65
25-07-2025,POS BRAND FACTORY NAGPUR,331904107720,"6,500.91",,181256.74
25-07-2025,UPI/DR/412517105328/PhonePe/ICICI/phonepe@ybl/UPI,232394918369,660.71,,180596.03
26-07-2025,POS LIFESTYLE STORES NAGPUR,348590017682,"4,500.85",,176095.18
26-07-2025,ATM-CASH-WDL/EHC153535/NAGPUR,026312391697,"5,000.00",,171095.18
26-07-2025,POS RELIANCE PETROLEUM NAGPUR,367998121176,"1,350.29",,169744.89
27-07-2025,ACCOUNT MAINTENANCE CHARGES,794027729059,340.00,,169404.89
27-07-2025,GST ON CHARGES,195053741586,61.20,,169343.69
27-07-2025,UPI/DR/171696290601/Jio/PAYTM/vi@airtelaxis/UPI,351097940751,479.00,,168864.69
28-07-2025,POS BIG BAZAAR NAGPUR,409582678602,"7,850.79",,161013.90
29-07-2025,UPI/DR/710741499849/Sushma/SBIN/sushmamalh97@apl/UPI,634704390233,"9,800.45",,151213.45
29-07-2025,UPI/DR/822616228232/Rapido/PAYTM/rapido@icici/UPI,770765815355,480.49,,150732.96
30-07-2025,POS SHOPPERS STOP NAGPUR,464222074022,400.58,,150332.38
31-07-2025,UPI/DR/215808163003/Naresh/KKBK/nareshkapo24@kotak/UPI,904977690838,"2,500.09",,147832.29
01-08-2025,UPI/DR/041786401847/Sunita/HDFC/sunitaverm30@axl/UPI,948788346543,"15,350.55",,132481.74
01-08-2025,UPI/CR/332037495330/Shivam/BDBL/shivam197@oksbi/UPI,157180893254,,"4,300.67",136782.41
01-08-2025,UPI/DR/351039076378/Zepto/ICICI/zepto@apl/UPI,532782524596,"2,320.64",,134461.77
01-08-2025,UPI/DR/039361526327/Blinkit/ICICI/blinkit@kotak/UPI,587469787123,330.10,,134131.67
02-08-2025,UPI/CR/496395311230/Rani/BDBL/9771096734@ptsbi/UPI,975509498729,,"15,250.90",149382.57
02-08-2025,UPI/DR/469288187137/Ola/ICICI/olamoney@ola/UPI,988608618636,"2,030.33",,147352.24
02-08-2025,UPI/DR/171884790268/BSNL/ICICI/bsnlbroadband@upi/UPI,168199543830,360.46,,146991.78
03-08-2025,POS RELIANCE PETROLEUM NAGPUR,990708163826,"2,300.73",,144691.05
03-08-2025,UPI/DR/553075115167/Hathway/RAZORPAY/broadband@paytm/UPI,125767643954,549.00,,144142.05
04-08-2025,UPI/DR/479802461029/Jio/PAYTM/vi@airtelaxis/UPI,054217895678,709.00,,143433.05
05-08-2025,UPI/DR/628929718719/Deepak/PUNB/deepaksriv42@okicici/UPI,487468183945,"11,100.03",,132333.02
05-08-2025,UPI/DR/353733678713/Dunzo/ICICI/dunzo@razorpay/UPI,704730614014,"1,230.81",,131102.21
06-08-2025,UPI/DR/344639555717/Paytm/ICICI/paytm@paytm/UPI,138912745228,440.18,,130662.03
06-08-2025,UPI/CR/951463750340/Amit/HDFC/amit.malhotra@ptsbi/UPI,081030660658,,200.58,130862.61
06-08-2025,UPI/DR/360618994325/Jio/PAYTM/vi@airtelaxis/UPI,519664295214,599.00,,130263.61
06-08-2025,UPI/DR/412149801292/Jio/PAYTM/vi@airtelaxis/UPI,033705245698,649.00,,129614.61
06-08-2025,UPI/DR/714539673300/Swiggy/ICICI/swiggy@icici/UPI,270727997490,"2,750.25",,126864.36
06-08-2025,UPI/DR/757413239498/BigBasket/ICICI/bigbasket@ybl/UPI,732483659014,"1,160.31",,125704.05
07-08-2025,SALARY CREDIT/S9920440650775/Lupin Limited,987827264993,,"134,122.81",259826.86
07-08-2025,UPI/DR/563332196029/Hotstar/ICICI/hotstar@hdfcbank/UPI,663663261989,599.00,,259227.86
08-08-2025,UPI/DR/095035125281/PhonePe/ICICI/phonepe@ybl/UPI,668622130531,820.19,,258407.67
09-08-2025,POS STAR BAZAAR NAGPUR,158054345090,"5,450.82",,252956.85
09-08-2025,ATM-CASH-WDL/YFF834424/NAGPUR,478240776237,"8,500.00",,244456.85
10-08-2025,NACH/MANDATE/LN053359399723/Bajaj Finance Ltd,245143723578,"14,500.00",,229956.85
10-08-2025,POS HP PETROL PUMP NAGPUR,655818839091,"2,300.89",,227655.96
10-08-2025,IMPS-163136005601-Poonam Iyer,100149844659,"15,000.40",,212655.56
10-08-2025,UPI/DR/875753735311/Swiggy/ICICI/swiggy@icici/UPI,234727087034,120.93,,212534.63
11-08-2025,NACH/MANDATE/SIP4435963/Mirae Asset MF,738159363104,"13,500.00",,199034.63
11-08-2025,UPI/CR/573520817801/Sunita/UTIB/sunita701@aubank/UPI,955819839060,,"21,150.57",220185.20
11-08-2025,ATM-CASH-WDL/RSC193928/NAGPUR,142858258237,"6,500.00",,213685.20
11-08-2025,UPI/CR/125155165813/Vivek/BKID/vivekroy31@oksbi/UPI,687276454711,,"12,600.35",226285.55
11-08-2025,UPI/DR/128975194879/BigBasket/ICICI/bigbasket@ybl/UPI,567736617192,210.19,,226075.36
12-08-2025,NACH/MANDATE/RNT5653292/RENT MANDATE,656697587675,"18,000.00",,208075.36
13-08-2025,UPI/DR/225409531153/Uber/PAYTM/uber@paytm/UPI,559488628669,600.07,,207475.29
14-08-2025,UPI/DR/008887376584/Nykaa/PAYTM/nykaa@razorpay/UPI,769347329868,"5,250.82",,202224.47
15-08-2025,UPI/DR/756362257093/Paytm/ICICI/paytm@paytm/UPI,244872075926,"2,600.70",,199623.77
16-08-2025,UPI/CR/727674322583/Radha/UTIB/radha439@okicici/UPI,120616654690,,"19,750.87",219374.64
16-08-2025,POS SHOPPERS STOP NAGPUR,498426691431,"2,750.32",,216624.32
16-08-2025,UPI/DR/263092278583/Flipkart/ICICI/flipkart@ybl/UPI,032729606111,"2,550.06",,214074.26
17-08-2025,UPI/DR/031408365363/BSNL/ICICI/bsnlbroadband@upi/UPI,548352271261,"1,300.31",,212773.95
19-08-2025,UPI/CR/054198965919/Sonia/PUNB/sonia660@kotak/UPI,557161276963,,"5,850.25",218624.20
19-08-2025,ATM-CASH-WDL/VQH569225/NAGPUR,823931521589,"2,500.00",,216124.20
21-08-2025,UPI/DR/235002249997/Ola/PAYTM/olamoney@ola/UPI,330223716533,280.59,,215843.61
21-08-2025,UPI/DR/900255846962/Mahesh/FDRL/maheshchat63@oksbi/UPI,873533311003,"17,250.25",,198593.36
21-08-2025,UPI/DR/233700185614/Divya/PUNB/1716269327@okhdfcbank/UPI,951868970261,"13,550.90",,185042.46
21-08-2025,UPI/CR/787761776377/Mukesh/FDRL/mukeshpand14@okaxis/UPI,565457219311,,"1,050.30",186092.76
23-08-2025,UPI/DR/200501514963/KSEB/UPIN/ksebpayment@upi/UPI,112355617231,"2,900.69",,183192.07
23-08-2025,UPI/CR/689190398054/Yogesh/BDBL/yogesh.pandey@kotak/UPI,253353729501,,"1,350.54",184542.61
26-08-2025,UPI/DR/314709775493/Indane/ICICI/indanegas@upi/UPI,846264844583,"1,250.44",,183292.17
26-08-2025,UPI/DR/636007716884/Vishal/PUNB/vishalkapo93@kotak/UPI,947500806745,"13,150.96",,170141.21
27-08-2025,UPI/DR/284339804549/Amazon/PAYTM/amazon@apl/UPI,711153994253,"2,050.38",,168090.83
27-08-2025,UPI/DR/157210352875/Amazon/ICICI/amazon@apl/UPI,568388445102,"1,160.94",,166929.89
28-08-2025,UPI/DR/492701820070/Renu/HDFC/renurao59@axl/UPI,113185985110,"7,800.10",,159129.79
28-08-2025,UPI/DR/500413760490/Uber/PAYTM/uber@paytm/UPI,274410900126,230.30,,158899.49
28-08-2025,UPI/CR/923485291222/Rajesh/SBIN/rajesh.kumar@okaxis/UPI,772445805773,,"18,050.51",176950.00
29-08-2025,GST ON CHARGES,847732980900,70.20,,176879.80
29-08-2025,ACCOUNT MAINTENANCE CHARGES,335075041114,390.00,,176489.80
29-08-2025,UPI/CR/051997475706/Mamta/UTIB/mamta.bajaj@apl/UPI,637348522190,,"21,500.36",197990.16
29-08-2025,UPI/DR/201539671278/Saurabh/KKBK/saurabhdutt67@kotak/UPI,200128463223,"9,950.95",,188039.21
29-08-2025,UPI/DR/449906047469/Akash/KKBK/akash.srivastava@okaxis/UPI,300095088782,"4,200.53",,183838.68
29-08-2025,UPI/DR/633054649481/BSNL/ICICI/bsnlbroadband@upi/UPI,798579518587,"1,850.23",,181988.45
30-08-2025,UPI/DR/437977835852/Divya/BARB/divya.chopra@ptyes/UPI,581686314272,"19,600.13",,162388.32
31-08-2025,POS CENTRAL MALL NAGPUR,366507428252,"4,250.72",,158137.60
01-09-2025,UPI/CR/949538502705/Kapil/BARB/kapil669@pthdfc/UPI,307126967699,,"16,750.45",174888.05
01-09-2025,UPI/DR/993766585651/Nisha/UCBA/nishamukh69@upi/UPI,346569072938,700.60,,174187.45
01-09-2025,POS SHELL FUEL STATION NAGPUR,050205602937,"2,400.13",,171787.32
02-09-2025,POS HP PETROL PUMP NAGPUR,918402151974,"4,450.46",,167336.86
02-09-2025,UPI/DR/792797976672/Ashish/BKID/ashish684@ptaxis/UPI,456666311834,"11,500.56",,155836.30
03-09-2025,POS RELIANCE PETROLEUM NAGPUR,651911243371,"2,400.85",,153435.45
05-09-2025,UPI/DR/885190478100/BSNL/ICICI/bsnlbroadband@upi/UPI,061363870745,"1,640.27",,151795.18
05-09-2025,SALARY CREDIT/S5432172869726/Lupin Limited,143306791298,,"132,335.81",284130.99
06-09-2025,UPI/CR/870596522346/Anil/BARB/7972581292@ptsbi/UPI,854046738807,,"15,800.82",299931.81
06-09-2025,UPI/DR/553985824444/Paytm/ICICI/paytm@paytm/UPI,451799157862,"2,730.89",,297200.92
07-09-2025,UPI/DR/076345891841/Usha/SBIN/usha.sen@aubank/UPI,238312373852,"21,750.79",,275450.13
08-09-2025,NACH/MANDATE/RNT2849602/RENT MANDATE,106534960224,"18,000.00",,257450.13
08-09-2025,NEFT/N5020319637175/Hero MotoCorp Ltd,333685192161,,"28,500.97",285951.10
09-09-2025,UPI/DR/862554728087/Zomato/ICICI/zomato@axisbank/UPI,074845290123,"2,450.85",,283500.25
09-09-2025,UPI/DR/508875842481/Myntra/ICICI/myntra@ybl/UPI,086473533269,199.00,,283301.25
09-09-2025,UPI/DR/365584657990/Swiggy/ICICI/swiggy@icici/UPI,730931430565,870.60,,282430.65
10-09-2025,UPI/DR/210098712482/Bajaj/LICI/licindia@licindia/UPI,234653107176,"3,300.00",,279130.65
11-09-2025,POS BHARAT PETROLEUM NAGPUR,465741643967,"3,650.78",,275479.87
11-09-2025,UPI/CR/929102618148/Ramesh/SBIN/ramesh.kapoor@okaxis/UPI,367859200358,,"4,550.41",280030.28
11-09-2025,UPI/DR/268666696511/Paytm/ICICI/paytm@paytm/UPI,329991974033,730.28,,279300.00
11-09-2025,UPI/DR/701122686043/Uber/PAYTM/uber@paytm/UPI,174192754108,410.31,,278889.69
11-09-2025,UPI/DR/093340325512/Jio/PAYTM/vi@airtelaxis/UPI,515628433612,419.00,,278470.69
12-09-2025,UPI/DR/571381121623/Jio/PAYTM/vi@airtelaxis/UPI,312622372858,179.00,,278291.69
12-09-2025,ATM-CASH-WDL/LGN376013/NAGPUR,720267986057,"10,000.00",,268291.69
12-09-2025,UPI/DR/898315820984/Arjun/FDRL/arjunmish90@pthdfc/UPI,823688470682,"10,200.09",,258091.60
12-09-2025,NACH/MANDATE/LN053359399723/Bajaj Finance Ltd,846028052188,"14,500.00",,243591.60
13-09-2025,POS V MART NAGPUR,163945474578,"2,450.86",,241140.74
13-09-2025,UPI/DR/141442211924/Hathway/RAZORPAY/broadband@paytm/UPI,256280531373,349.00,,240791.74
13-09-2025,UPI/DR/626103948833/Zomato/ICICI/zomato@axisbank/UPI,068852833484,"2,430.94",,238360.80
13-09-2025,IMPS-370888194511-Mohan Srivastava,545555468354,"19,200.16",,219160.64
14-09-2025,UPI/DR/571570408728/Deepak/UTIB/deepak331@kotak/UPI,306593856362,"10,350.45",,208810.19
15-09-2025,UPI/CR/212567245800/Kiran/UCBA/kiran427@ibl/UPI,520744589142,,"14,900.56",223710.75
15-09-2025,UPI/DR/389483842807/KSEB/UPIN/ksebpayment@upi/UPI,837292206333,"3,000.60",,220710.15
15-09-2025,NACH/MANDATE/SIP6966031/Mirae Asset MF,770566815791,"13,500.00",,207210.15
15-09-2025,UPI/DR/077638603849/Zomato/ICICI/zomato@axisbank/UPI,820384400238,"1,280.20",,205929.95
15-09-2025,UPI/CR/438501758279/Lata/UTIB/lata.dubey@okaxis/UPI,607640673599,,800.91,206730.86
16-09-2025,UPI/DR/336336035183/Flipkart/PAYTM/flipkart@ybl/UPI,640282670983,"3,550.79",,203180.07
17-09-2025,UPI/CR/405105824377/Meena/PUNB/meena925@ibl/UPI,835258122866,,"6,050.06",209230.13
17-09-2025,UPI/DR/783702949498/Indane/ICICI/indanegas@upi/UPI,285700954825,"1,800.82",,207429.31
19-09-2025,UPI/DR/320906327275/Jio/PAYTM/vi@airtelaxis/UPI,224112302676,999.00,,206430.31
20-09-2025,UPI/DR/748178789611/Jio/ICICI/jio@paytm/UPI,088143838043,870.92,,205559.39
20-09-2025,UPI/DR/339194213181/Uber/PAYTM/uber@paytm/UPI,115758576721,400.15,,205159.24
21-09-2025,UPI/DR/016687682061/Manish/HDFC/manishshar89@ptaxis/UPI,174492556345,"2,150.41",,203008.83
21-09-2025,UPI/DR/579433955712/Harish/UTIB/harishkhan42@paytm/UPI,580832392711,"9,100.55",,193908.28
21-09-2025,POS BIG BAZAAR NAGPUR,298329248850,"2,600.13",,191308.15
21-09-2025,UPI/DR/032538758641/Amazon/PAYTM/amazon@apl/UPI,262140345272,"4,750.64",,186557.51
22-09-2025,UPI/DR/392968194354/BigBasket/ICICI/bigbasket@ybl/UPI,585427717727,550.42,,186007.09
22-09-2025,UPI/DR/897671087060/BigBasket/ICICI/bigbasket@ybl/UPI,394712619335,"2,060.81",,183946.28
22-09-2025,ATM-CASH-WDL/VQT086501/NAGPUR,772465282845,"5,500.00",,178446.28
23-09-2025,POS STAR BAZAAR NAGPUR,008602403170,500.24,,177946.04
23-09-2025,UPI/DR/402398506638/Swiggy/ICICI/swiggy@icici/UPI,918673025206,"1,630.03",,176316.01
24-09-2025,UPI/DR/840935055666/Myntra/PAYTM/myntra@ybl/UPI,365669210268,"4,450.80",,171865.21
24-09-2025,UPI/CR/086548033577/Deepak/SBIN/1482833014@ptaxis/UPI,996474190372,,"18,000.05",189865.26
24-09-2025,UPI/DR/299947365443/BSNL/ICICI/bsnlbroadband@upi/UPI,843924988403,"2,710.00",,187155.26
24-09-2025,UPI/CR/774673174579/Varun/BARB/varunseth77@aubank/UPI,451524541622,,"14,700.98",201856.24
24-09-2025,UPI/DR/009131798159/Priya/BKID/2837339643@kotak/UPI,931959426137,"9,800.03",,192056.21
25-09-2025,UPI/DR/739921774201/Mohan/KKBK/4013968678@okhdfcbank/UPI,100704672373,"13,700.80",,178355.41
25-09-2025,UPI/DR/310491908699/Zepto/ICICI/zepto@apl/UPI,863247129095,"1,540.88",,176814.53
26-09-2025,UPI/CR/805529560076/Girish/UTIB/3863852337@apl/UPI,937248638800,,"20,550.50",197365.03
27-09-2025,INTEREST CREDIT,791073476738,,280.04,197645.07
28-09-2025,UPI/DR/632752376735/Sanjay/KKBK/sanjay290@axl/UPI,603535558343,"4,600.01",,193045.06
28-09-2025,UPI/DR/214051481978/Rapido/PAYTM/rapido@icici/UPI,114744543663,620.47,,192424.59
30-09-2025,UPI/DR/874475476889/Ola/ICICI/olamoney@ola/UPI,737223098760,"2,410.47",,190014.12
30-09-2025,UPI/DR/471165723175/Lata/BARB/lata.bose@axl/UPI,595956241331,"2,550.65",,187463.47
30-09-2025,UPI/CR/981997617048/Babita/SBIN/babita.sethi@okaxis/UPI,319694834305,,"5,450.92",192914.39
01-10-2025,POS SHOPPERS STOP NAGPUR,022860964351,500.42,,192413.97
01-10-2025,UPI/DR/667918569643/Amit/HDFC/5956755838@ptaxis/UPI,625252796568,"2,700.45",,189713.52
01-10-2025,POS SHOPPERS STOP NAGPUR,661952203128,"3,300.31",,186413.21
02-10-2025,UPI/CR/203277919545/Himanshu/FDRL/himanshu636@ptaxis/UPI,034790221524,,"1,800.41",188213.62
02-10-2025,UPI/CR/273666449485/Yogesh/BARB/7235675805@upi/UPI,561813996878,,"1,500.31",189713.93
02-10-2025,ATM-CASH-WDL/KWQ021218/NAGPUR,484784864823,"4,000.00",,185713.93
02-10-2025,UPI/DR/977681948147/MakeMyTrip/ICICI/makemytrip@axisbank/UPI,047573858273,549.00,,185164.93
02-10-2025,UPI/CR/853275538613/Shivam/PUNB/shivam822@ybl/UPI,625381544797,,"22,000.85",207165.78
03-10-2025,UPI/DR/984939048396/Jio/PAYTM/vi@airtelaxis/UPI,670182911002,799.00,,206366.78
03-10-2025,UPI/CR/960904928266/Deepa/PUNB/9576620810@ybl/UPI,689680879542,,"14,700.36",221067.14
03-10-2025,UPI/DR/412970628663/Zepto/ICICI/zepto@apl/UPI,589307160988,"2,770.52",,218296.62
05-10-2025,UPI/DR/409873409341/Uber/PAYTM/uber@paytm/UPI,917640933999,900.38,,217396.24
05-10-2025,POS METRO CASH CARRY NAGPUR,869325760034,"5,850.48",,211545.76
05-10-2025,UPI/CR/591967255413/Amit/BKID/9005734924@apl/UPI,736031517514,,"14,100.72",225646.48
05-10-2025,UPI/DR/986388817298/Zomato/ICICI/zomato@axisbank/UPI,743398533232,"1,580.46",,224066.02
05-10-2025,UPI/CR/119250214654/Mina/SBIN/mina165@okaxis/UPI,278351607214,,"17,350.26",241416.28
06-10-2025,SALARY CREDIT/S7568906691691/Lupin Limited,599514735437,,"131,308.81",372725.09
07-10-2025,UPI/DR/883057838544/Anita/HDFC/anita.thapar@ptsbi/UPI,408606018368,"6,900.71",,365824.38
07-10-2025,UPI/DR/197614423142/Dunzo/ICICI/dunzo@razorpay/UPI,908144315240,"2,160.68",,363663.70
07-10-2025,UPI/DR/664288645615/BSNL/ICICI/bsnlbroadband@upi/UPI,602999652629,570.17,,363093.53
08-10-2025,UPI/CR/220133428523/Deepa/SBIN/0759272326@ptyes/UPI,533080218905,,"21,400.75",384494.28
08-10-2025,UPI/DR/377655908691/Uber/PAYTM/uber@paytm/UPI,910988359767,400.46,,384093.82
08-10-2025,UPI/DR/865302250009/Uber/PAYTM/uber@paytm/UPI,423466217610,190.84,,383902.98
10-10-2025,UPI/DR/160453695561/Naresh/SBIN/naresh.chatterjee@ybl/UPI,572666105227,"1,100.58",,382802.40
10-10-2025,NACH/MANDATE/LN053359399723/Bajaj Finance Ltd,270099462637,"14,500.00",,368302.40
10-10-2025,POS SHOPPERS STOP NAGPUR,272329916364,300.96,,368001.44
11-10-2025,UPI/DR/999233615752/KSEB/UPIN/ksebpayment@upi/UPI,012701553638,"3,950.77",,364050.67
11-10-2025,UPI/DR/639126290527/Swiggy/ICICI/swiggy@icici/UPI,076677281113,840.66,,363210.01
11-10-2025,NACH/MANDATE/RNT4867158/RENT MANDATE,664050024426,"18,000.00",,345210.01
12-10-2025,NACH/MANDATE/SIP7393771/Mirae Asset MF,454255405351,"13,500.00",,331710.01
12-10-2025,UPI/DR/072214796866/Swiggy/ICICI/swiggy@icici/UPI,052326222920,"2,000.94",,329709.07
13-10-2025,POS INDIAN OIL NAGPUR,252249510830,"1,100.17",,328608.90
14-10-2025,UPI/CR/452749215622/Deepa/FDRL/deepaseth11@ptyes/UPI,165766613390,,"22,000.00",350608.90
14-10-2025,UPI/DR/880297973764/Anjali/KKBK/anjaliredd69@okhdfcbank/UPI,733359496007,"14,300.37",,336308.53
15-10-2025,UPI/DR/090728237702/Sushma/PUNB/2638396633@oksbi/UPI,861183292825,"10,550.99",,325757.54
15-10-2025,POS CENTRAL MALL NAGPUR,616534583892,"7,300.32",,318457.22
15-10-2025,UPI/DR/794471938891/Amazon/PAYTM/amazon@apl/UPI,057449152731,"2,650.00",,315807.22
16-10-2025,UPI/DR/324166536602/Rahul/UTIB/rahul.singh@pthdfc/UPI,551348013919,"3,800.09",,312007.13
17-10-2025,ATM-CASH-WDL/JOS310862/NAGPUR,021088584531,"9,500.00",,302507.13
17-10-2025,UPI/DR/503075773283/PhonePe/ICICI/phonepe@ybl/UPI,902121317559,"2,010.63",,300496.50
17-10-2025,UPI/DR/397017490583/Hathway/RAZORPAY/broadband@paytm/UPI,682269770424,299.00,,300197.50
18-10-2025,UPI/DR/100124999041/PhonePe/ICICI/phonepe@ybl/UPI,130377611692,"2,200.19",,297997.31
18-10-2025,UPI/DR/600024672455/Renu/BKID/renu.malhotra@okhdfcbank/UPI,102437659568,"9,100.95",,288896.36
19-10-2025,UPI/CR/988293536600/Anil/BKID/7490453948@ptyes/UPI,107427384097,,"12,100.31",300996.67
19-10-2025,UPI/DR/684298493446/Swiggy/ICICI/swiggy@icici/UPI,128461523510,180.17,,300816.50
21-10-2025,POS RELIANCE MART NAGPUR,324568382764,"6,200.29",,294616.21
22-10-2025,ATM-CASH-WDL/YVO157055/NAGPUR,143917288081,"1,000.00",,293616.21
23-10-2025,UPI/DR/684464254870/Zomato/ICICI/zomato@axisbank/UPI,087746941851,490.04,,293126.17
23-10-2025,UPI/DR/612022239561/Indane/ICICI/indanegas@upi/UPI,055786107972,"1,500.89",,291625.28
23-10-2025,UPI/DR/601304891556/Ola/ICICI/olamoney@ola/UPI,910674369882,650.75,,290974.53
24-10-2025,ATM-CASH-WDL/UJY310648/NAGPUR,560491944142,"9,000.00",,281974.53
24-10-2025,UPI/DR/323345848695/IRCTC/ICICI/irctc@upi/UPI,826248524208,199.00,,281775.53
24-10-2025,UPI/DR/959840595159/Uber/ICICI/uber@paytm/UPI,115462267149,"1,160.85",,280614.68
24-10-2025,UPI/DR/888001473921/Zomato/ICICI/zomato@axisbank/UPI,187785043563,"1,580.67",,279034.01
25-10-2025,UPI/DR/225845998676/Jio/PAYTM/vi@airtelaxis/UPI,267717525662,979.00,,278055.01
26-10-2025,UPI/DR/876200328384/Ola/ICICI/olamoney@ola/UPI,790835388706,"1,270.04",,276784.97
26-10-2025,POS PANTALOONS NAGPUR,210730950081,"5,600.85",,271184.12
27-10-2025,POS INDIAN OIL NAGPUR,428883129721,"3,850.99",,267333.13
27-10-2025,UPI/CR/381147839672/Varsha/HDFC/varshamukh29@upi/UPI,805946844176,,"2,100.95",269434.08
27-10-2025,UPI/DR/103076533438/Dinesh/BARB/dinesh.shah@ptaxis/UPI,671128849139,600.78,,268833.30
27-10-2025,POS CENTRAL MALL NAGPUR,548940480005,"8,450.85",,260382.45
28-10-2025,UPI/DR/302796464835/Kapil/BDBL/kapil318@okicici/UPI,868212681503,"1,850.36",,258532.09
28-10-2025,UPI/CR/025072032569/Shweta/UTIB/shwetanair98@ibl/UPI,401160061184,,"22,000.89",280532.98
29-10-2025,UPI/DR/525083900942/BigBasket/ICICI/bigbasket@ybl/UPI,059523141052,"1,090.88",,279442.10
29-10-2025,UPI/DR/589148115212/Ola/ICICI/olamoney@ola/UPI,017098991497,950.96,,278491.14
30-10-2025,UPI/DR/293613041228/Zomato/ICICI/zomato@axisbank/UPI,679962366607,360.62,,278130.52
31-10-2025,UPI/DR/147684395336/Nisha/SBIN/nishanair80@ptaxis/UPI,350981321622,"9,750.38",,268380.14
01-11-2025,UPI/DR/221311894543/Meesho/PAYTM/meesho@ybl/UPI,084495660913,"4,800.39",,263579.75
02-11-2025,UPI/DR/522502205793/Zomato/ICICI/zomato@axisbank/UPI,625941627114,"2,600.44",,260979.31
02-11-2025,UPI/DR/852680162078/Arjun/SBIN/arjun827@upi/UPI,432581036803,"15,500.28",,245479.03
02-11-2025,UPI/DR/788185097025/Dunzo/ICICI/dunzo@razorpay/UPI,961459805544,"1,410.61",,244068.42
03-11-2025,POS SHELL FUEL STATION NAGPUR,835529376282,"3,250.84",,240817.58
04-11-2025,UPI/CR/782965781567/Preeti/FDRL/preeti.agarwal@axl/UPI,886302827047,,"7,800.46",248618.04
05-11-2025,UPI/DR/559456661386/BigBasket/ICICI/bigbasket@ybl/UPI,633796959785,"1,070.26",,247547.78
05-11-2025,UPI/DR/085567433560/Jio/PAYTM/vi@airtelaxis/UPI,035434785764,629.00,,246918.78
06-11-2025,UPI/DR/620202703872/Rajan/SBIN/rajanghos95@ptyes/UPI,006093376520,"18,750.88",,228167.90
06-11-2025,SALARY CREDIT/S1798135855828/Lupin Limited,434175295155,,"129,540.81",357708.71
06-11-2025,UPI/DR/128990345889/Myntra/PAYTM/myntra@ybl/UPI,637820042645,"1,100.07",,356608.64
06-11-2025,UPI/CR/040461445609/Girish/FDRL/girish.shukla@okhdfcbank/UPI,701962718754,,"3,900.75",360509.39
07-11-2025,IMPS-752167262028-Sachin Das,886635941427,"9,800.76",,350708.63
07-11-2025,UPI/DR/386198264986/Sushma/HDFC/sushma.das@paytm/UPI,690169962397,"11,200.21",,339508.42
08-11-2025,NACH/MANDATE/RNT7936760/RENT MANDATE,406245934324,"18,000.00",,321508.42
08-11-2025,UPI/DR/214943270130/Jio/PAYTM/vi@airtelaxis/UPI,167838599410,629.00,,320879.42
08-11-2025,POS MAX FASHION NAGPUR,867975644044,"5,200.86",,315678.56
08-11-2025,UPI/DR/936566464106/Blinkit/ICICI/blinkit@kotak/UPI,292618938159,"1,900.07",,313778.49
09-11-2025,UPI/DR/130773970492/Uber/PAYTM/uber@paytm/UPI,169742208976,740.86,,313037.63
09-11-2025,POS HP PETROL PUMP NAGPUR,735484256808,"2,500.44",,310537.19
09-11-2025,UPI/CR/271864887909/Deepak/HDFC/deepakdas54@kotak/UPI,002762434469,,"21,150.12",331687.31
10-11-2025,NACH/MANDATE/LN053359399723/Bajaj Finance Ltd,163706927218,"14,500.00",,317187.31
13-11-2025,POS RELIANCE MART NAGPUR,082251416017,"1,750.07",,315437.24
13-11-2025,UPI/DR/709660311119/Ashish/KKBK/ashish.reddy@okaxis/UPI,291164723786,"7,150.35",,308286.89
13-11-2025,UPI/DR/919600355812/Indane/ICICI/indanegas@upi/UPI,401675837988,"1,000.58",,307286.31
15-11-2025,NACH/MANDATE/SIP2441782/Mirae Asset MF,455216229652,"13,500.00",,293786.31
15-11-2025,UPI/DR/208255051573/Radha/PUNB/radha.dubey@apl/UPI,698354557871,"18,200.13",,275586.18
16-11-2025,POS BIG BAZAAR NAGPUR,993939099837,"1,750.22",,273835.96
17-11-2025,UPI/DR/204081101448/Jio/PAYTM/vi@airtelaxis/UPI,418812888125,729.00,,273106.96
17-11-2025,UPI/DR/080389913688/Pooja/PUNB/pooja499@ptyes/UPI,915721425944,"6,800.73",,266306.23
18-11-2025,POS STAR BAZAAR NAGPUR,716394607958,"1,000.63",,265305.60
19-11-2025,UPI/DR/447307839950/Amazon/ICICI/amazon@apl/UPI,263212889230,410.89,,264894.71
19-11-2025,UPI/DR/349008052309/Myntra/PAYTM/myntra@ybl/UPI,149182263209,950.60,,263944.11
20-11-2025,UPI/DR/710896456372/KSEB/UPIN/ksebpayment@upi/UPI,940495222264,650.61,,263293.50
21-11-2025,UPI/CR/873816016594/Jyoti/PUNB/6343603054@oksbi/UPI,361024314010,,"18,600.20",281893.70
21-11-2025,UPI/DR/543586257409/Amazon/ICICI/amazon@apl/UPI,233746918452,360.65,,281533.05
21-11-2025,POS HP PETROL PUMP NAGPUR,599223223283,"2,100.10",,279432.95
22-11-2025,UPI/DR/539205386652/Hathway/RAZORPAY/broadband@paytm/UPI,073303148653,899.00,,278533.95
22-11-2025,UPI/CR/523498650937/Meena/UTIB/meena151@oksbi/UPI,182529613840,,"10,350.01",288883.96
23-11-2025,UPI/DR/364922485299/Rapido/PAYTM/rapido@icici/UPI,743283782149,270.34,,288613.62
23-11-2025,UPI/DR/387856159704/Meena/BDBL/meenaseth67@aubank/UPI,620612446315,"1,300.57",,287313.05
24-11-2025,UPI/DR/133858538496/Dunzo/ICICI/dunzo@razorpay/UPI,475221885069,"2,450.69",,284862.36
24-11-2025,POS V MART NAGPUR,094003327941,"2,050.55",,282811.81
25-11-2025,ATM-CASH-WDL/RBP188174/NAGPUR,548447445178,"9,000.00",,273811.81
25-11-2025,UPI/DR/848089420312/Ola/PAYTM/olamoney@ola/UPI,448515499697,140.41,,273671.40
25-11-2025,UPI/DR/054729576194/Jio/ICICI/jio@paytm/UPI,645809609883,"1,550.00",,272121.40
26-11-2025,UPI/DR/396528294412/Flipkart/ICICI/flipkart@ybl/UPI,868130839068,"2,570.22",,269551.18
27-11-2025,UPI/DR/289233315359/Jio/ICICI/jio@paytm/UPI,679163044276,"1,970.50",,267580.68
27-11-2025,UPI/DR/346014997975/Manish/BDBL/manish582@ybl/UPI,624767043394,"13,700.21",,253880.47
27-11-2025,UPI/DR/100751020670/Blinkit/ICICI/blinkit@kotak/UPI,178374844264,"1,680.45",,252200.02
27-11-2025,UPI/DR/454423443722/Uber/PAYTM/uber@paytm/UPI,612340028924,210.68,,251989.34
28-11-2025,POS RELIANCE PETROLEUM NAGPUR,534863971165,"2,800.25",,249189.09
28-11-2025,UPI/DR/411734189349/Rapido/PAYTM/rapido@icici/UPI,781944381301,670.50,,248518.59
29-11-2025,UPI/DR/687596812767/Jio/PAYTM/vi@airtelaxis/UPI,057210497436,749.00,,247769.59
29-11-2025,GST ON CHARGES,469295796339,72.00,,247697.59
29-11-2025,ACCOUNT MAINTENANCE CHARGES,534995570759,400.00,,247297.59
29-11-2025,ATM-CASH-WDL/UVN423252/NAGPUR,473519495990,"4,000.00",,243297.59
29-11-2025,ATM-CASH-WDL/UGF601156/NAGPUR,445198879417,"9,000.00",,234297.59
30-11-2025,POS RELIANCE MART NAGPUR,729800926346,"5,050.03",,229247.56
01-12-2025,POS METRO CASH CARRY NAGPUR,004249646285,950.34,,228297.22
01-12-2025,UPI/DR/321534664164/Lalit/UTIB/lalit.sen@paytm/UPI,435626328983,"7,250.70",,221046.52
02-12-2025,UPI/DR/187884413119/Swiggy/ICICI/swiggy@icici/UPI,364954042419,890.05,,220156.47
02-12-2025,UPI/DR/598205713817/BigBasket/ICICI/bigbasket@ybl/UPI,530308401931,"1,060.89",,219095.58
03-12-2025,UPI/DR/336621500489/Rapido/PAYTM/rapido@icici/UPI,880726924649,730.36,,218365.22
03-12-2025,UPI/CR/494045522000/Kunal/PUNB/kunalmalh43@ptaxis/UPI,699218152515,,"9,250.87",227616.09
03-12-2025,UPI/DR/368310619555/Amazon/PAYTM/amazon@apl/UPI,141613841373,"5,800.13",,221815.96
04-12-2025,UPI/CR/385403583648/Sapna/KKBK/sapnaseth81@axl/UPI,738790171599,,"18,900.52",240716.48
04-12-2025,POS V MART NAGPUR,605009719890,450.78,,240265.70
04-12-2025,UPI/DR/490468761800/Jio/ICICI/jio@paytm/UPI,445472680944,"1,060.31",,239205.39
04-12-2025,UPI/DR/526819031226/Sumit/KKBK/sumit.jain@pthdfc/UPI,054189914228,"16,350.23",,222855.16
04-12-2025,UPI/CR/701468151806/Manoj/KKBK/1587634560@ptsbi/UPI,939186509994,,"4,250.12",227105.28
05-12-2025,IMPS-483977704684-Arun Chatterjee,610675405851,"41,300.99",,185804.29
05-12-2025,UPI/CR/947770783541/Sachin/FDRL/sachinnamb37@paytm/UPI,767440400062,,"13,400.15",199204.44
06-12-2025,UPI/DR/262142713126/Jio/PAYTM/vi@airtelaxis/UPI,182742655977,549.00,,198655.44
07-12-2025,SALARY CREDIT/S5545938247424/Lupin Limited,412806930154,,"134,438.81",333094.25
07-12-2025,UPI/DR/133268776324/BigBasket/ICICI/bigbasket@ybl/UPI,364964798322,"1,810.35",,331283.90
07-12-2025,UPI/DR/625814643744/Bajaj/LICI/licindia@licindia/UPI,738142967994,"3,300.00",,327983.90
07-12-2025,IMPS-553677538343-Radha Naik,415213329267,"4,300.65",,323683.25
08-12-2025,UPI/DR/965530030198/Spotify/ICICI/spotify@icici/UPI,739520825083,399.00,,323284.25
08-12-2025,UPI/CR/648134949320/Mohit/BDBL/mohit682@okicici/UPI,372201605658,,"7,150.92",330435.17
10-12-2025,NACH/MANDATE/RNT8461310/RENT MANDATE,544842033847,"18,000.00",,312435.17
10-12-2025,ATM-CASH-WDL/ILD342209/NAGPUR,617511637183,"3,000.00",,309435.17
12-12-2025,UPI/DR/636524921032/Kavya/UCBA/kavya499@axl/UPI,001568524043,"3,800.74",,305634.43
12-12-2025,UPI/DR/391461706874/BSNL/ICICI/bsnlbroadband@upi/UPI,034270289176,"1,340.97",,304293.46
12-12-2025,UPI/DR/069756829643/KSEB/UPIN/ksebpayment@upi/UPI,867177093989,"2,150.90",,302142.56
12-12-2025,UPI/CR/953956188384/Archana/UTIB/1504121251@okicici/UPI,043910177494,,"5,300.75",307443.31
13-12-2025,UPI/DR/204708442863/Myntra/PAYTM/myntra@ybl/UPI,052162325931,"4,150.67",,303292.64
14-12-2025,UPI/DR/063373088350/PhonePe/ICICI/phonepe@ybl/UPI,404685100773,"2,800.78",,300491.86
14-12-2025,UPI/DR/949893164875/Ola/PAYTM/olamoney@ola/UPI,565328575673,630.12,,299861.74
14-12-2025,UPI/DR/379667802252/Jio/PAYTM/vi@airtelaxis/UPI,671216677919,759.00,,299102.74
15-12-2025,UPI/DR/437535031807/Hathway/RAZORPAY/broadband@paytm/UPI,693226717094,849.00,,298253.74
15-12-2025,NACH/MANDATE/LN053359399723/Bajaj Finance Ltd,495181283003,"14,500.00",,283753.74
15-12-2025,UPI/DR/343190028391/Swiggy/ICICI/swiggy@icici/UPI,958751331858,"2,580.28",,281173.46
16-12-2025,UPI/DR/346073628337/Meesho/PAYTM/meesho@ybl/UPI,842127354371,"4,950.15",,276223.31
16-12-2025,UPI/CR/381295409848/Lata/BKID/latagupt45@axl/UPI,653730342524,,"20,750.20",296973.51
17-12-2025,ATM-CASH-WDL/SCX989870/NAGPUR,728725528685,"8,500.00",,288473.51
18-12-2025,UPI/DR/618640347853/Sachin/BKID/sachin.bose@oksbi/UPI,194367169876,"3,350.24",,285123.27
18-12-2025,UPI/DR/980535164442/Flipkart/ICICI/flipkart@ybl/UPI,567342669603,"1,220.22",,283903.05
18-12-2025,UPI/CR/186205781175/Rahul/BKID/1140021271@ybl/UPI,769695497249,,"12,950.14",296853.19
19-12-2025,NACH/MANDATE/SIP7515368/Mirae Asset MF,964141540840,"13,500.00",,283353.19
19-12-2025,UPI/DR/066753105988/Indane/ICICI/indanegas@upi/UPI,527307962014,"1,050.76",,282302.43
21-12-2025,UPI/DR/673738236029/BigBasket/ICICI/bigbasket@ybl/UPI,755274725268,560.02,,281742.41
21-12-2025,POS RELIANCE MART NAGPUR,141832906153,"4,950.97",,276791.44
21-12-2025,UPI/DR/028160057564/PhonePe/ICICI/phonepe@ybl/UPI,028975919153,"1,950.35",,274841.09
22-12-2025,UPI/DR/164523063427/Jio/PAYTM/vi@airtelaxis/UPI,793840974653,839.00,,274002.09
23-12-2025,POS SHELL FUEL STATION NAGPUR,351032266334,"4,350.87",,269651.22
24-12-2025,UPI/CR/239769153263/Rohit/UCBA/rohit.chopra@apl/UPI,667506342632,,500.34,270151.56
25-12-2025,UPI/DR/741685581784/Ola/ICICI/olamoney@ola/UPI,054278882212,"1,480.45",,268671.11
26-12-2025,UPI/DR/420277179226/Flipkart/ICICI/flipkart@ybl/UPI,708615149061,"1,480.74",,267190.37
27-12-2025,UPI/DR/027089023033/Rapido/PAYTM/rapido@icici/UPI,811565086967,680.48,,266509.89
28-12-2025,UPI/DR/465741093252/Blinkit/ICICI/blinkit@kotak/UPI,146673011958,"1,950.59",,264559.30
28-12-2025,INTEREST CREDIT,002561925890,,495.97,265055.27
28-12-2025,POS HP PETROL PUMP NAGPUR,106111324274,"2,050.26",,263005.01
29-12-2025,UPI/DR/931520348038/Gaurav/FDRL/gaurav746@oksbi/UPI,809557040994,"2,450.59",,260554.42
31-12-2025,POS METRO CASH CARRY NAGPUR,378471410539,"3,600.61",,256953.81
31-12-2025,ACCOUNT MAINTENANCE CHARGES,593347965894,580.00,,256373.81
31-12-2025,GST ON CHARGES,976681848235,104.40,,256269.41
31-12-2025,UPI/CR/923068594452/Pallavi/FDRL/pallavi512@oksbi/UPI,291426459420,,"12,650.15",268919.56
31-12-2025,POS V MART NAGPUR,961857554658,"3,850.06",,265069.50
01-01-2026,UPI/CR/432532243170/Varun/UTIB/varun.singh@kotak/UPI,410929759609,,"16,150.54",281220.04
01-01-2026,UPI/DR/781897816141/Rapido/PAYTM/rapido@icici/UPI,206400469347,680.02,,280540.02
02-01-2026,UPI/DR/581157085180/Pankaj/UCBA/pankajpate97@pthdfc/UPI,918825616932,350.18,,280189.84
02-01-2026,UPI/DR/997132698077/Ola/PAYTM/olamoney@ola/UPI,993123643786,880.19,,279309.65
02-01-2026,UPI/DR/834662432494/Ola/PAYTM/olamoney@ola/UPI,031663134135,360.48,,278949.17
02-01-2026,ATM-CASH-WDL/AOA388487/NAGPUR,301006500507,"5,000.00",,273949.17
03-01-2026,UPI/DR/229300902081/Paytm/ICICI/paytm@paytm/UPI,146200729544,550.25,,273398.92
04-01-2026,UPI/CR/539353146233/Vikas/PUNB/vikasseth72@axl/UPI,025805535890,,"17,750.46",291149.38
05-01-2026,SALARY CREDIT/S1161612617722/Lupin Limited,587849998174,,"134,508.81",425658.19
05-01-2026,ATM-CASH-WDL/YZJ989267/NAGPUR,128965210545,"4,000.00",,421658.19
06-01-2026,UPI/DR/677490267180/Apollo/ICICI/apollopharmacy@ybl/UPI,794589337051,"2,980.41",,418677.78
06-01-2026,NACH/MANDATE/RNT3742034/RENT MANDATE,476093606996,"18,000.00",,400677.78
07-01-2026,UPI/DR/982435082383/Jio/PAYTM/vi@airtelaxis/UPI,974248568008,399.00,,400278.78
07-01-2026,UPI/DR/064128577606/Zepto/ICICI/zepto@apl/UPI,498382317336,"1,160.59",,399118.19
08-01-2026,UPI/DR/476694324540/BSNL/ICICI/bsnlbroadband@upi/UPI,355320707778,"2,770.21",,396347.98
09-01-2026,UPI/CR/655292276033/Babita/UCBA/babita.shah@aubank/UPI,939041683139,,"8,650.07",404998.05
10-01-2026,UPI/DR/224262921909/Amazon/ICICI/amazon@apl/UPI,243463906386,910.66,,404087.39
10-01-2026,UPI/DR/287229816878/Jio/PAYTM/vi@airtelaxis/UPI,309673160934,249.00,,403838.39
10-01-2026,UPI/CR/080868741039/Mina/HDFC/mina366@ptsbi/UPI,682385121245,,"18,400.82",422239.21
10-01-2026,POS BHARAT PETROLEUM NAGPUR,369729691551,"2,750.07",,419489.14
10-01-2026,UPI/DR/267127043942/BSNL/ICICI/bsnlbroadband@upi/UPI,675064142581,"1,070.41",,418418.73
10-01-2026,NACH/MANDATE/LN053359399723/Bajaj Finance Ltd,627613804463,"14,500.00",,403918.73
11-01-2026,ATM-CASH-WDL/RET873605/NAGPUR,259165692862,"9,500.00",,394418.73
11-01-2026,UPI/DR/860215787399/Jio/PAYTM/vi@airtelaxis/UPI,256376886552,539.00,,393879.73
11-01-2026,UPI/DR/472833690528/Saurabh/KKBK/3869841265@upi/UPI,540246990599,"2,050.93",,391828.80
12-01-2026,POS RELIANCE MART NAGPUR,594674368346,"5,350.33",,386478.47
12-01-2026,UPI/DR/888526343205/Nykaa/PAYTM/nykaa@razorpay/UPI,398470296374,"2,400.02",,384078.45
12-01-2026,UPI/DR/136433311321/Apollo/ICICI/apollopharmacy@ybl/UPI,898763380082,249.00,,383829.45
12-01-2026,POS BRAND FACTORY NAGPUR,385404215645,"3,050.68",,380778.77
13-01-2026,UPI/DR/277897636131/Vikram/HDFC/vikrampate92@axl/UPI,948444643990,"21,850.01",,358928.76
13-01-2026,NACH/MANDATE/SIP6095637/Mirae Asset MF,377427789976,"13,500.00",,345428.76
15-01-2026,UPI/DR/060356214570/Rajesh/BARB/rajesh.thapar@aubank/UPI,566674680710,"20,400.24",,325028.52
15-01-2026,UPI/DR/469337238694/Jio/ICICI/jio@paytm/UPI,746859013626,"2,700.05",,322328.47
15-01-2026,UPI/DR/570838863238/Paytm/ICICI/paytm@paytm/UPI,748999929826,"1,050.78",,321277.69
16-01-2026,UPI/DR/435941366036/Rohit/BDBL/8410352586@ptyes/UPI,769322630354,"4,650.26",,316627.43
16-01-2026,UPI/DR/330404027781/Anil/UCBA/4014693608@upi/UPI,542482230834,"21,900.27",,294727.16
16-01-2026,POS SHOPPERS STOP NAGPUR,455036242824,"6,250.41",,288476.75
17-01-2026,UPI/DR/295891008536/PhonePe/ICICI/phonepe@ybl/UPI,487249342755,"1,040.37",,287436.38
17-01-2026,ATM-CASH-WDL/ROV333531/NAGPUR,837473898154,"6,500.00",,280936.38
17-01-2026,UPI/DR/325521374106/Shweta/FDRL/shwetachau83@ptsbi/UPI,314959469967,"12,650.68",,268285.70
17-01-2026,UPI/DR/539247068177/Ola/PAYTM/olamoney@ola/UPI,279416887360,790.29,,267495.41
19-01-2026,UPI/CR/976167524462/Vivek/FDRL/6274494601@ibl/UPI,033323099848,,"19,950.42",287445.83
19-01-2026,UPI/DR/677144657626/KSEB/UPIN/ksebpayment@upi/UPI,467265267172,"2,350.14",,285095.69
20-01-2026,UPI/DR/511850174148/Uber/ICICI/uber@paytm/UPI,610416826393,"1,330.47",,283765.22
21-01-2026,UPI/DR/882188192942/Yogesh/PUNB/yogeshmeht37@kotak/UPI,400155390852,"18,750.61",,265014.61
21-01-2026,UPI/DR/197024581225/Myntra/PAYTM/myntra@ybl/UPI,031399760733,"3,150.26",,261864.35
21-01-2026,POS D MART NAGPUR,162911308763,"7,000.81",,254863.54
22-01-2026,UPI/DR/404319311023/Zomato/ICICI/zomato@axisbank/UPI,260545239405,"2,180.90",,252682.64
22-01-2026,UPI/DR/439356204747/Varsha/UTIB/varsha.iyer@okaxis/UPI,977013700567,"17,450.62",,235232.02
23-01-2026,UPI/DR/661863045431/Maya/HDFC/maya.singh@ptaxis/UPI,739760244139,"15,000.18",,220231.84
23-01-2026,UPI/DR/835672990506/Indane/ICICI/indanegas@upi/UPI,243077457197,"1,950.69",,218281.15
24-01-2026,UPI/DR/648406878864/Tarun/BARB/tarunnair45@ptaxis/UPI,935731357710,"6,300.72",,211980.43
24-01-2026,UPI/DR/521246013065/Sneha/HDFC/sneha.gupta@paytm/UPI,349313088149,"3,600.98",,208379.45
25-01-2026,POS BIG BAZAAR NAGPUR,261201822560,"2,550.82",,205828.63
27-01-2026,UPI/DR/246022346250/Amazon/ICICI/amazon@apl/UPI,708885021970,930.92,,204897.71
27-01-2026,UPI/DR/463711293127/BigBasket/ICICI/bigbasket@ybl/UPI,624722845844,"1,740.56",,203157.15
27-01-2026,UPI/DR/408507556176/Paytm/ICICI/paytm@paytm/UPI,727760218040,"2,330.73",,200826.42
27-01-2026,UPI/DR/800373319596/IRCTC/ICICI/irctc@upi/UPI,543794904741,299.00,,200527.42
29-01-2026,UPI/DR/599925650172/Rapido/PAYTM/rapido@icici/UPI,167433380533,120.29,,200407.13
29-01-2026,UPI/DR/958857686048/BigBasket/ICICI/bigbasket@ybl/UPI,971464775782,640.35,,199766.78
29-01-2026,UPI/DR/526835771831/Isha/HDFC/9015160343@ptaxis/UPI,063643030565,"20,600.75",,179166.03
29-01-2026,UPI/DR/474762045753/Blinkit/ICICI/blinkit@kotak/UPI,204428162074,"1,670.25",,177495.78
30-01-2026,UPI/DR/322350537931/Uber/ICICI/uber@paytm/UPI,238905617100,610.08,,176885.70
30-01-2026,POS HP PETROL PUMP NAGPUR,705161774194,"2,250.46",,174635.24
31-01-2026,POS BHARAT PETROLEUM NAGPUR,213801755922,"3,450.34",,171184.90
31-01-2026,UPI/DR/386919918663/Poonam/SBIN/poonam.mukherjee@paytm/UPI,894604551475,"5,900.95",,165283.95
02-02-2026,UPI/CR/616610672699/Vivek/BARB/vivekdas98@ybl/UPI,008565361771,,"6,700.89",171984.84
02-02-2026,UPI/DR/064487423621/Rapido/PAYTM/rapido@icici/UPI,984957951576,650.73,,171334.11
03-02-2026,UPI/DR/179792253704/Divya/SBIN/divyasriv75@pthdfc/UPI,529192070283,"19,550.39",,151783.72
03-02-2026,UPI/DR/251741682723/Sunil/FDRL/sunil.das@ptyes/UPI,781797536842,"14,750.69",,137033.03
03-02-2026,UPI/DR/073746242265/Practo/ICICI/practo@paytm/UPI,813597250934,999.00,,136034.03
03-02-2026,UPI/DR/772638281217/Amazon/PAYTM/amazon@apl/UPI,287631222165,"5,250.76",,130783.27
04-02-2026,POS SHELL FUEL STATION NAGPUR,959483233133,"1,100.00",,129683.27
05-02-2026,UPI/CR/546194310206/Shweta/BKID/shweta249@okhdfcbank/UPI,326634201890,,"13,250.02",142933.29
05-02-2026,POS BHARAT PETROLEUM NAGPUR,094105462767,"4,100.43",,138832.86
05-02-2026,UPI/DR/590866297443/Nisha/PUNB/0482528284@ptaxis/UPI,693659143836,"16,550.42",,122282.44
05-02-2026,UPI/DR/890627577319/Anita/SBIN/anita723@okhdfcbank/UPI,887509737481,"14,750.58",,107531.86
06-02-2026,SALARY CREDIT/S2352249841222/Lupin Limited,372552493081,,"130,360.81",237892.67
07-02-2026,UPI/DR/464360543033/Meesho/PAYTM/meesho@ybl/UPI,766944501399,"2,850.20",,235042.47
07-02-2026,UPI/DR/937166310899/Jio/PAYTM/vi@airtelaxis/UPI,741647518639,909.00,,234133.47
07-02-2026,UPI/DR/662717242446/Mamta/BKID/5600460077@ptyes/UPI,496987513038,"5,200.70",,228932.77
08-02-2026,UPI/CR/239044719743/Yogesh/SBIN/yogeshshah78@apl/UPI,524337874101,,"4,350.61",233283.38
08-02-2026,ATM-CASH-WDL/ZYD277772/NAGPUR,148253467825,"3,000.00",,230283.38
09-02-2026,NACH/MANDATE/RNT2088199/RENT MANDATE,788902597515,"18,000.00",,212283.38
09-02-2026,UPI/DR/064109550824/Blinkit/ICICI/blinkit@kotak/UPI,152572670064,540.33,,211743.05
10-02-2026,ATM-CASH-WDL/LHP488294/NAGPUR,863259186205,"9,000.00",,202743.05
10-02-2026,NACH/MANDATE/LN053359399723/Bajaj Finance Ltd,845084915608,"14,500.00",,188243.05
11-02-2026,UPI/CR/949440263478/Kamal/BARB/kamal704@apl/UPI,383109524371,,"3,750.31",191993.36
11-02-2026,UPI/DR/304893448859/Hathway/RAZORPAY/broadband@paytm/UPI,319323967670,599.00,,191394.36
12-02-2026,UPI/DR/991663884758/Rapido/PAYTM/rapido@icici/UPI,612652847481,260.11,,191134.25
13-02-2026,UPI/DR/262138611603/Ola/PAYTM/olamoney@ola/UPI,597069581025,140.21,,190994.04
13-02-2026,UPI/CR/161073243810/Arun/HDFC/arun169@upi/UPI,531144365672,,"14,200.74",205194.78
13-02-2026,UPI/DR/583653176455/Uber/ICICI/uber@paytm/UPI,597376552468,270.73,,204924.05
13-02-2026,UPI/DR/018395543379/Sunil/HDFC/sunil.tiwari@aubank/UPI,853424882469,"6,050.89",,198873.16
14-02-2026,UPI/DR/426805368985/Swiggy/ICICI/swiggy@icici/UPI,393832972430,"1,950.76",,196922.40
14-02-2026,UPI/DR/959784363034/Mamta/PUNB/mamta757@ptyes/UPI,417850424384,"13,050.03",,183872.37
15-02-2026,UPI/DR/597382511345/Myntra/PAYTM/myntra@ybl/UPI,242158076530,950.00,,182922.37
15-02-2026,UPI/DR/371603443449/Swiggy/ICICI/swiggy@icici/UPI,482554096260,"1,400.49",,181521.88
15-02-2026,POS V MART NAGPUR,489357574200,"4,800.49",,176721.39
16-02-2026,UPI/DR/856746013767/Indane/ICICI/indanegas@upi/UPI,701729910697,"1,600.67",,175120.72
17-02-2026,NACH/MANDATE/SIP8469786/Mirae Asset MF,542434010459,"13,500.00",,161620.72
18-02-2026,UPI/CR/821082582264/Suresh/UCBA/sureshjain26@axl/UPI,563929738758,,"1,150.62",162771.34
18-02-2026,UPI/DR/662765748689/Uber/ICICI/uber@paytm/UPI,484648094881,400.31,,162371.03
18-02-2026,UPI/CR/000770043298/Pallavi/FDRL/5484234691@ybl/UPI,418133393142,,"18,100.02",180471.05
19-02-2026,UPI/CR/207811450935/Kamal/KKBK/kamal.chopra@okhdfcbank/UPI,183399513365,,"5,250.54",185721.59
20-02-2026,UPI/DR/452568711342/Zepto/ICICI/zepto@apl/UPI,941116188078,520.52,,185201.07
21-02-2026,POS RELIANCE PETROLEUM NAGPUR,421718898355,"3,950.55",,181250.52
21-02-2026,UPI/DR/913298345043/KSEB/UPIN/ksebpayment@upi/UPI,767373305025,900.02,,180350.50
23-02-2026,UPI/DR/829066823482/Jio/PAYTM/vi@airtelaxis/UPI,223261537982,549.00,,179801.50
23-02-2026,POS MORE SUPER MARKET NAGPUR,931265537283,"2,150.42",,177651.08
24-02-2026,POS RELIANCE PETROLEUM NAGPUR,933694725000,"3,000.77",,174650.31
24-02-2026,UPI/DR/583385177392/Jio/ICICI/jio@paytm/UPI,148077846249,"1,690.30",,172960.01
24-02-2026,UPI/CR/332616251816/Shivam/PUNB/shivampati32@ptaxis/UPI,012858837442,,"13,400.65",186360.66
24-02-2026,UPI/DR/797031797278/Mukesh/KKBK/mukesh968@ptaxis/UPI,586934462221,"9,450.47",,176910.19
26-02-2026,POS RELIANCE MART NAGPUR,325647939027,"2,250.15",,174660.04
26-02-2026,UPI/CR/810562378504/Vivek/BKID/vivek.ghosh@okaxis/UPI,991972586170,,"19,650.36",194310.40
27-02-2026,UPI/CR/037038051335/Sachin/HDFC/8096850187@ptaxis/UPI,707619402576,,"2,550.76",196861.16
27-02-2026,UPI/DR/165897971244/BSNL/ICICI/bsnlbroadband@upi/UPI,040167269968,"2,630.82",,194230.34
27-02-2026,UPI/DR/686072912168/PhonePe/ICICI/phonepe@ybl/UPI,521552541025,"2,690.79",,191539.55
27-02-2026,UPI/DR/680688474929/1mg/ICICI/tatahealth@icici/UPI,405554109940,"1,730.01",,189809.54
01-03-2026,ATM-CASH-WDL/AFM086554/NAGPUR,796101965260,"7,000.00",,182809.54
01-03-2026,UPI/DR/558268898151/PhonePe/ICICI/phonepe@ybl/UPI,581647826334,"1,770.25",,181039.29
01-03-2026,UPI/DR/595089048999/Maya/UTIB/mayasing10@pthdfc/UPI,851537139038,400.50,,180638.79
01-03-2026,UPI/DR/711212142635/Ola/PAYTM/olamoney@ola/UPI,597738575860,830.43,,179808.36
01-03-2026,POS D MART NAGPUR,826882392370,"4,200.82",,175607.54
02-03-2026,UPI/CR/578315438562/Vijay/FDRL/vijay524@ptyes/UPI,618901011618,,"10,250.17",185857.71
02-03-2026,UPI/DR/620165188773/Santosh/BDBL/9703894943@oksbi/UPI,479389700586,"8,600.75",,177256.96
04-03-2026,UPI/DR/386510732131/Ashish/FDRL/1589636911@aubank/UPI,570275864248,"16,950.63",,160306.33
04-03-2026,UPI/DR/829259037841/Practo/ICICI/practo@paytm/UPI,062652983084,549.00,,159757.33
04-03-2026,UPI/DR/558669148459/Ola/PAYTM/olamoney@ola/UPI,552947138862,870.66,,158886.67
05-03-2026,POS INDIAN OIL NAGPUR,627989426913,"3,200.62",,155686.05
05-03-2026,SALARY CREDIT/S0793444075400/Lupin Limited,582686883531,,"132,855.81",288541.86
06-03-2026,UPI/CR/620760943006/Radha/SBIN/radha.chaudhary@paytm/UPI,714407469115,,"18,450.94",306992.80
07-03-2026,UPI/DR/748300064932/Sarita/SBIN/saritaverm94@paytm/UPI,257272477540,"20,550.60",,286442.20
07-03-2026,UPI/DR/421821411534/Jio/PAYTM/vi@airtelaxis/UPI,469595891301,849.00,,285593.20
07-03-2026,UPI/DR/127870740603/Ola/ICICI/olamoney@ola/UPI,294821347534,"1,780.32",,283812.88
07-03-2026,UPI/DR/381616780169/PhonePe/ICICI/phonepe@ybl/UPI,813659391543,"1,620.48",,282192.40
07-03-2026,UPI/DR/691017588931/Zomato/ICICI/zomato@axisbank/UPI,202597356468,200.61,,281991.79
08-03-2026,NACH/MANDATE/RNT9327783/RENT MANDATE,639177033416,"18,000.00",,263991.79
08-03-2026,UPI/DR/303089494331/Ola/PAYTM/olamoney@ola/UPI,401887826856,400.66,,263591.13
09-03-2026,NACH/MANDATE/LN053359399723/Bajaj Finance Ltd,117984637198,"14,500.00",,249091.13
09-03-2026,UPI/DR/327029149581/Ola/PAYTM/olamoney@ola/UPI,358951544142,880.57,,248210.56
10-03-2026,UPI/DR/290462838726/Bajaj/LICI/licindia@licindia/UPI,847651040491,"3,300.00",,244910.56
12-03-2026,POS MAX FASHION NAGPUR,666621194832,"6,350.44",,238560.12
12-03-2026,UPI/DR/163029277073/Dunzo/ICICI/dunzo@razorpay/UPI,429802507604,"2,320.63",,236239.49
13-03-2026,POS BHARAT PETROLEUM NAGPUR,855594040733,"1,000.90",,235238.59
14-03-2026,UPI/DR/471576350073/Lata/BDBL/lataverm79@oksbi/UPI,710181614242,"8,000.00",,227238.59
15-03-2026,UPI/DR/481720500763/Krishna/UTIB/2580047157@ptsbi/UPI,563674522969,100.98,,227137.61
15-03-2026,UPI/DR/757601315500/BSNL/ICICI/bsnlbroadband@upi/UPI,896054352580,460.27,,226677.34
15-03-2026,POS MORE SUPER MARKET NAGPUR,267123083564,"2,500.05",,224177.29
15-03-2026,POS RELIANCE PETROLEUM NAGPUR,731296322783,"2,500.51",,221676.78
15-03-2026,IMPS-902585353879-Vikas Chatterjee,583543342445,"4,000.52",,217676.26
16-03-2026,UPI/DR/426624485993/Zomato/ICICI/zomato@axisbank/UPI,721473225643,"1,850.25",,215826.01
16-03-2026,UPI/DR/104274984363/Ola/ICICI/olamoney@ola/UPI,395825539983,320.38,,215505.63
16-03-2026,UPI/DR/712544250245/KSEB/UPIN/ksebpayment@upi/UPI,796468847901,"2,650.80",,212854.83
17-03-2026,UPI/DR/684554881596/Ola/ICICI/olamoney@ola/UPI,436378111313,640.10,,212214.73
18-03-2026,NACH/MANDATE/SIP1925163/Mirae Asset MF,644728926709,"13,500.00",,198714.73
19-03-2026,POS LIFESTYLE STORES NAGPUR,231043969014,800.00,,197914.73
19-03-2026,UPI/DR/809760554143/Rapido/PAYTM/rapido@icici/UPI,937485249324,210.99,,197703.74
19-03-2026,ATM-CASH-WDL/LWC927583/NAGPUR,547024444583,"8,000.00",,189703.74
19-03-2026,UPI/CR/981058456850/Gopal/SBIN/gopalghos20@pthdfc/UPI,497229364330,,"15,600.17",205303.91
20-03-2026,UPI/CR/573002634675/Naresh/BARB/nareshsriv66@okhdfcbank/UPI,444922949772,,"4,950.25",210254.16
21-03-2026,POS PANTALOONS NAGPUR,510644203381,"1,900.90",,208353.26
22-03-2026,POS BHARAT PETROLEUM NAGPUR,545260779278,"4,000.34",,204352.92
23-03-2026,UPI/DR/550607660792/Flipkart/ICICI/flipkart@ybl/UPI,475806999440,"1,540.94",,202811.98
24-03-2026,UPI/DR/877351417204/Ola/ICICI/olamoney@ola/UPI,242133459905,"1,920.17",,200891.81
24-03-2026,UPI/DR/588761219487/Ola/PAYTM/olamoney@ola/UPI,897575017656,460.02,,200431.79
24-03-2026,UPI/DR/813034937246/Indane/ICICI/indanegas@upi/UPI,521862409363,"1,950.68",,198481.11
24-03-2026,UPI/DR/413469482856/Jio/PAYTM/vi@airtelaxis/UPI,421914075920,919.00,,197562.11
25-03-2026,UPI/DR/763599265954/Babita/KKBK/babita401@aubank/UPI,322457828885,"13,300.35",,184261.76
26-03-2026,UPI/DR/447119782475/Jio/PAYTM/vi@airtelaxis/UPI,356417188802,419.00,,183842.76
26-03-2026,UPI/DR/988956048375/BigBasket/ICICI/bigbasket@ybl/UPI,219433302808,650.81,,183191.95
26-03-2026,ATM-CASH-WDL/TZU847580/NAGPUR,125368706072,"8,500.00",,174691.95
28-03-2026,UPI/DR/201301211385/BigBasket/ICICI/bigbasket@ybl/UPI,817907741418,630.30,,174061.65
28-03-2026,UPI/DR/228388986455/Rahul/UTIB/rahul.ahuja@oksbi/UPI,993787720033,500.62,,173561.03
28-03-2026,INTEREST CREDIT,737655371415,,445.31,174006.34
28-03-2026,UPI/DR/466305004513/Ola/ICICI/olamoney@ola/UPI,309444171970,"1,370.37",,172635.97
29-03-2026,UPI/DR/235291162961/Nykaa/PAYTM/nykaa@razorpay/UPI,366085772863,"2,450.03",,170185.94
29-03-2026,UPI/CR/588215385145/Preeti/BKID/preeti.ghosh@apl/UPI,058953586079,,"13,350.83",183536.77
30-03-2026,UPI/DR/300876180422/BSNL/ICICI/bsnlbroadband@upi/UPI,458675920398,190.15,,183346.62
02-04-2026,UPI/DR/641413939383/Myntra/PAYTM/myntra@ybl/UPI,969789928463,"6,000.16",,177346.46
02-04-2026,UPI/DR/091559406177/Uber/PAYTM/uber@paytm/UPI,247987484849,270.67,,177075.79
05-04-2026,UPI/DR/215572804779/Amazon/ICICI/amazon@apl/UPI,119652150262,890.08,,176185.71
06-04-2026,UPI/DR/442183484993/Jio/PAYTM/vi@airtelaxis/UPI,687134755519,979.00,,175206.71
06-04-2026,SALARY CREDIT/S0476800995723/Lupin Limited,943828371698,,"134,128.81",309335.52
07-04-2026,UPI/DR/546172605405/Sneha/SBIN/snehashuk80@kotak/UPI,457890417242,"8,200.74",,301134.78
07-04-2026,POS BRAND FACTORY NAGPUR,842244943028,"4,150.08",,296984.70
07-04-2026,UPI/DR/261855771991/Jio/ICICI/jio@paytm/UPI,106721925695,490.17,,296494.53
07-04-2026,UPI/DR/439164856224/Rani/PUNB/rani.ahuja@ptsbi/UPI,887660280906,"16,300.71",,280193.82
08-04-2026,ATM-CASH-WDL/ZHB284763/NAGPUR,138362309737,"3,500.00",,276693.82
08-04-2026,UPI/DR/751630828077/Harish/UTIB/2095568045@ybl/UPI,396485870208,"21,700.97",,254992.85
09-04-2026,NACH/MANDATE/LN053359399723/Bajaj Finance Ltd,403187046832,"14,500.00",,240492.85
10-04-2026,POS SHELL FUEL STATION NAGPUR,714526361295,"3,800.95",,236691.90
10-04-2026,ATM-CASH-WDL/HMZ714746/NAGPUR,160127246280,"10,000.00",,226691.90
10-04-2026,UPI/DR/538960162289/Practo/ICICI/practo@paytm/UPI,148256300015,549.00,,226142.90
11-04-2026,ATM-CASH-WDL/LSW696019/NAGPUR,761515405729,"8,000.00",,218142.90
11-04-2026,NACH/MANDATE/RNT2899521/RENT MANDATE,422184451782,"18,000.00",,200142.90
12-04-2026,POS SHOPPERS STOP NAGPUR,778105136554,"8,150.32",,191992.58
12-04-2026,UPI/DR/773970330647/KSEB/UPIN/ksebpayment@upi/UPI,531807883161,"4,200.20",,187792.38
12-04-2026,UPI/DR/571161447887/Paytm/ICICI/paytm@paytm/UPI,660085059480,450.34,,187342.04
12-04-2026,UPI/DR/969241435859/Paytm/ICICI/paytm@paytm/UPI,725313379599,770.95,,186571.09
13-04-2026,UPI/DR/190124943329/Ola/PAYTM/olamoney@ola/UPI,849376007034,430.25,,186140.84
14-04-2026,UPI/DR/019245595256/Kapil/HDFC/1395400017@ptyes/UPI,428178915143,"8,500.11",,177640.73
14-04-2026,UPI/CR/605223095064/Sumit/BKID/sumit482@pthdfc/UPI,099215636453,,"19,950.64",197591.37
15-04-2026,POS D MART NAGPUR,777654214262,"3,450.64",,194140.73
15-04-2026,UPI/DR/338751763204/Indane/ICICI/indanegas@upi/UPI,611750436859,"1,500.32",,192640.41
16-04-2026,UPI/DR/472415540869/Jio/PAYTM/vi@airtelaxis/UPI,907723023227,359.00,,192281.41
17-04-2026,UPI/DR/863610566217/Tarun/BARB/tarun637@upi/UPI,738459439586,"18,850.52",,173430.89
17-04-2026,UPI/DR/178862996086/Hathway/RAZORPAY/broadband@paytm/UPI,974608029338,"1,249.00",,172181.89
18-04-2026,UPI/DR/858214442004/Manoj/BARB/manoj.jain@oksbi/UPI,348413592045,"2,850.36",,169331.53
18-04-2026,NACH/MANDATE/SIP9959574/Mirae Asset MF,694160705307,"13,500.00",,155831.53
18-04-2026,UPI/DR/980924952723/Rapido/PAYTM/rapido@icici/UPI,510006664600,230.96,,155600.57
18-04-2026,UPI/DR/822903187586/Flipkart/PAYTM/flipkart@ybl/UPI,667283326633,"2,200.50",,153400.07
18-04-2026,ATM-CASH-WDL/XJW334952/NAGPUR,317077173787,"5,000.00",,148400.07
19-04-2026,UPI/DR/916850106514/Rapido/PAYTM/rapido@icici/UPI,014167443959,620.29,,147779.78
19-04-2026,POS BHARAT PETROLEUM NAGPUR,763742088485,"1,650.67",,146129.11
21-04-2026,UPI/DR/117878239718/Flipkart/ICICI/flipkart@ybl/UPI,729544488834,580.22,,145548.89
21-04-2026,UPI/DR/802613600273/Amazon/ICICI/amazon@apl/UPI,125534693402,"2,290.53",,143258.36
21-04-2026,UPI/CR/415860342503/Shreya/BARB/shreyasriv15@ptyes/UPI,383695970463,,"16,150.89",159409.25
21-04-2026,UPI/DR/926587333822/BSNL/ICICI/bsnlbroadband@upi/UPI,318277821549,280.29,,159128.96
21-04-2026,UPI/DR/949054936186/BigBasket/ICICI/bigbasket@ybl/UPI,234930720122,550.73,,158578.23
21-04-2026,UPI/DR/306142509755/Blinkit/ICICI/blinkit@kotak/UPI,964161663268,"1,650.41",,156927.82
22-04-2026,UPI/DR/222176126658/Jio/ICICI/jio@paytm/UPI,953435406036,"1,800.73",,155127.09
23-04-2026,ATM-CASH-WDL/SRS783046/NAGPUR,766142079858,"6,000.00",,149127.09
24-04-2026,POS CENTRAL MALL NAGPUR,444124958910,650.42,,148476.67
24-04-2026,POS SHELL FUEL STATION NAGPUR,724466432932,"1,800.33",,146676.34
25-04-2026,UPI/DR/300827854226/Shreya/UCBA/shreya507@aubank/UPI,917307072624,"20,750.35",,125925.99
26-04-2026,POS MORE SUPER MARKET NAGPUR,073371538332,"4,850.36",,121075.63
27-04-2026,UPI/DR/021500398113/Preeti/HDFC/0297470555@okhdfcbank/UPI,920320333195,"15,500.03",,105575.60
28-04-2026,UPI/DR/332432367414/Manish/HDFC/manish472@ibl/UPI,635951373218,"16,300.22",,89275.38
28-04-2026,POS INDIAN OIL NAGPUR,656138314405,"3,350.18",,85925.20
29-04-2026,UPI/DR/678175259740/Dunzo/ICICI/dunzo@razorpay/UPI,778198068662,"2,130.94",,83794.26
29-04-2026,POS CENTRAL MALL NAGPUR,998145766092,"3,750.99",,80043.27
29-04-2026,UPI/DR/346374315541/Zepto/ICICI/zepto@apl/UPI,249316232632,890.51,,79152.76
30-04-2026,ACCOUNT MAINTENANCE CHARGES,899313138192,260.00,,78892.76
30-04-2026,GST ON CHARGES,014299233942,46.80,,78845.96
30-04-2026,POS STAR BAZAAR NAGPUR,255660784765,"3,350.90",,75495.06
30-04-2026,ATM-CASH-WDL/IRI364977/NAGPUR,748384198678,"8,000.00",,67495.06
01-05-2026,UPI/DR/923190657957/Girish/SBIN/girish.bajaj@ibl/UPI,568950798101,"5,350.06",,62145.00
01-05-2026,POS VISHAL MEGA MART NAGPUR,456908640751,"5,500.82",,56644.18
02-05-2026,UPI/DR/564289325907/Rapido/PAYTM/rapido@icici/UPI,452691481019,480.41,,56163.77
02-05-2026,UPI/DR/834317892042/BigBasket/ICICI/bigbasket@ybl/UPI,404809729831,830.69,,55333.08
03-05-2026,ATM-CASH-WDL/SPE505687/NAGPUR,001246408542,"4,500.00",,50833.08
03-05-2026,POS BHARAT PETROLEUM NAGPUR,332988289776,"3,400.43",,47432.65
04-05-2026,UPI/DR/594293632916/Apollo/ICICI/apollopharmacy@ybl/UPI,873648806213,"1,270.79",,46161.86
04-05-2026,POS D MART NAGPUR,050730079293,"5,200.95",,40960.91
05-05-2026,POS PANTALOONS NAGPUR,693829445997,"1,950.50",,39010.41
05-05-2026,UPI/CR/341240411592/Pankaj/SBIN/pankajgupt38@okhdfcbank/UPI,952701651200,,"4,300.50",43310.91
05-05-2026,IMPS-614116017556-Gaurav Gupta,660142552925,"6,600.80",,36710.11
05-05-2026,UPI/DR/222215244620/Dunzo/ICICI/dunzo@razorpay/UPI,701808692859,"2,310.96",,34399.15
05-05-2026,UPI/CR/277075237516/Sunita/FDRL/sunita.pillai@okicici/UPI,167886889026,,"9,100.28",43499.43
05-05-2026,ATM-CASH-WDL/YFK455215/NAGPUR,772958142524,"8,500.00",,34999.43
06-05-2026,UPI/DR/201384562867/Blinkit/ICICI/blinkit@kotak/UPI,528874736396,"1,400.13",,33599.30
06-05-2026,UPI/DR/388783804987/IRCTC/ICICI/irctc@upi/UPI,287278958979,699.00,,32900.30
07-05-2026,SALARY CREDIT/S6213797413712/Lupin Limited,906556154170,,"129,902.81",162803.11
07-05-2026,UPI/DR/901491211220/Paytm/ICICI/paytm@paytm/UPI,649953234751,260.54,,162542.57
07-05-2026,POS V MART NAGPUR,507264149647,"5,550.50",,156992.07
08-05-2026,UPI/CR/682214033125/Neha/FDRL/nehamukh77@oksbi/UPI,648750333610,,"13,150.90",170142.97
08-05-2026,UPI/DR/932491165135/Yogesh/BDBL/yogesh.mukherjee@okhdfcbank/UPI,728103659322,"13,800.87",,156342.10
09-05-2026,UPI/CR/093965693488/Archana/FDRL/archana.nair@ptsbi/UPI,130445148439,,"2,850.54",159192.64
09-05-2026,UPI/DR/916176393925/PhonePe/ICICI/phonepe@ybl/UPI,725629290254,"1,350.01",,157842.63
09-05-2026,UPI/DR/497455460084/Zomato/ICICI/zomato@axisbank/UPI,986569825396,"1,860.87",,155981.76
09-05-2026,UPI/DR/122217231817/Paytm/ICICI/paytm@paytm/UPI,016326094490,"1,070.91",,154910.85
