Bank Name,BANK OF INDIA
Account Number,6082267802022370
Account Holder Name,POONAM NAIR
Branch,ADYAR
IFSC Code,BKID0903005
Statement Period,01-12-2024 To 08-05-2026

Date,Description,Ref/ChequeNo,Debit,Credit,Balance
01-12-2024,UPI/DR/780683477117/Amazon/ICICI/amazon@apl/UPI,470254413403,370.25,,1993177.47
02-12-2024,UPI/DR/747074280401/Ola/ICICI/olamoney@ola/UPI,495977746237,"1,460.71",,1991716.76
03-12-2024,UPI/DR/407987733337/Paytm/ICICI/paytm@paytm/UPI,962327495366,"1,500.53",,1990216.23
03-12-2024,SALARY CREDIT/S0655392944609/Madura Garments Pvt Ltd,167534863556,,"49,072.94",2039289.17
05-12-2024,UPI/DR/159435354253/Ola/PAYTM/olamoney@ola/UPI,239672485288,580.11,,2038709.06
05-12-2024,UPI/DR/435322814322/Rapido/PAYTM/rapido@icici/UPI,453393511143,840.44,,2037868.62
06-12-2024,UPI/DR/383293874724/Zomato/ICICI/zomato@axisbank/UPI,175808593299,220.98,,2037647.64
06-12-2024,UPI/CR/664097691785/Kamal/UCBA/kamal.shah@apl/UPI,818006908021,,"9,050.88",2046698.52
07-12-2024,POS RELIANCE MART PATNA,430628466114,"6,600.27",,2040098.25
07-12-2024,UPI/CR/329042553127/Amit/UTIB/amitiyer45@ptsbi/UPI,176020135100,,"14,000.00",2054098.25
07-12-2024,UPI/DR/980735858184/Flipkart/ICICI/flipkart@ybl/UPI,321536743287,"2,620.35",,2051477.90
07-12-2024,NACH/MANDATE/RNT6742267/RENT MANDATE,957281462400,"18,500.00",,2032977.90
07-12-2024,UPI/DR/633042788108/BigBasket/ICICI/bigbasket@ybl/UPI,360952866089,260.42,,2032717.48
07-12-2024,UPI/DR/254500432168/Airtel/PAYTM/vi@airtelaxis/UPI,732260143022,849.00,,2031868.48
08-12-2024,UPI/DR/016991396057/Suresh/PUNB/suresh.jain@ptaxis/UPI,886417725871,850.73,,2031017.75
09-12-2024,UPI/DR/122465565961/Ola/PAYTM/olamoney@ola/UPI,612693072479,230.03,,2030787.72
10-12-2024,UPI/DR/230949219784/Lalit/HDFC/1542251781@ptyes/UPI,663769725365,"15,700.86",,2015086.86
11-12-2024,POS INDIAN OIL PATNA,270730221194,"2,400.92",,2012685.94
11-12-2024,UPI/DR/651939103619/Kapil/SBIN/kapilsriv96@kotak/UPI,821110009698,"3,550.25",,2009135.69
11-12-2024,UPI/DR/025564186333/Hathway/RAZORPAY/broadband@paytm/UPI,726645944892,999.00,,2008136.69
11-12-2024,NACH/MANDATE/LN725233715527/ICICI Bank Home Loan,349134072221,"10,500.00",,1997636.69
11-12-2024,UPI/DR/437165954428/Swiggy/ICICI/swiggy@icici/UPI,695906391439,360.53,,1997276.16
12-12-2024,UPI/DR/073668468802/Ola/ICICI/olamoney@ola/UPI,864805509602,"2,640.42",,1994635.74
12-12-2024,UPI/DR/578317498014/MSEDCL/UPIN/msedclpayment@upi/UPI,534334608614,"3,050.68",,1991585.06
13-12-2024,UPI/DR/745061593142/Max/LICI/licindia@licindia/UPI,033138609306,"3,300.00",,1988285.06
13-12-2024,ATM CASH WITHDRAWAL/47450/PATNA,877663448138,"9,000.00",,1979285.06
14-12-2024,UPI/DR/814921325088/Netmeds/ICICI/netmeds@paytm/UPI,018587282281,"2,010.31",,1977274.75
14-12-2024,UPI/DR/523801067796/Dunzo/ICICI/dunzo@razorpay/UPI,808362892434,"1,140.97",,1976133.78
15-12-2024,POS SHOPPERS STOP PATNA,192510132379,"5,700.90",,1970432.88
15-12-2024,POS RELIANCE MART PATNA,554647088319,"6,050.80",,1964382.08
15-12-2024,NEFT/N6340902815233/Dr Reddys Laboratori,485727272414,,"47,000.78",2011382.86
16-12-2024,POS MORE SUPER MARKET PATNA,956433806327,"7,450.08",,2003932.78
16-12-2024,UPI/DR/901208020029/Flipkart/PAYTM/flipkart@ybl/UPI,472517261723,"4,150.45",,1999782.33
16-12-2024,UPI/CR/731915258701/Babita/SBIN/4983525042@ptsbi/UPI,505038348154,,"10,300.81",2010083.14
17-12-2024,POS D MART PATNA,234825562265,"7,000.86",,2003082.28
17-12-2024,NACH/MANDATE/SIP6802421/Axis Mutual Fund,770348448443,"9,500.00",,1993582.28
17-12-2024,UPI/CR/149639267798/Anil/UTIB/anil.sen@paytm/UPI,235708980189,,"19,550.90",2013133.18
18-12-2024,POS VISHAL MEGA MART PATNA,596162213051,"7,800.32",,2005332.86
18-12-2024,UPI/CR/229117987572/Naresh/BDBL/naresh576@upi/UPI,247249111805,,"1,400.45",2006733.31
19-12-2024,ATM CASH WITHDRAWAL/34717/PATNA,405526409154,"7,500.00",,1999233.31
19-12-2024,UPI/DR/191903162687/Airtel/PAYTM/vi@airtelaxis/UPI,851899664797,719.00,,1998514.31
20-12-2024,UPI/DR/259041127993/Zepto/ICICI/zepto@apl/UPI,249565566304,"1,340.20",,1997174.11
21-12-2024,UPI/DR/607076522164/Airtel/PAYTM/vi@airtelaxis/UPI,562949761383,609.00,,1996565.11
21-12-2024,ATM CASH WITHDRAWAL/83299/PATNA,876316493469,"9,000.00",,1987565.11
22-12-2024,POS INDIAN OIL PATNA,535776891188,"2,100.19",,1985464.92
22-12-2024,POS MAX FASHION PATNA,893226281831,"2,300.98",,1983163.94
23-12-2024,UPI/DR/016407127448/Amazon/ICICI/amazon@apl/UPI,639715409354,"2,220.91",,1980943.03
24-12-2024,POS V MART PATNA,752817509018,"4,700.91",,1976242.12
24-12-2024,UPI/CR/921127210623/Sonia/SBIN/sonia809@ptyes/UPI,300607463313,,"11,700.03",1987942.15
24-12-2024,UPI/DR/890849629641/Santosh/SBIN/santosh.banerjee@axl/UPI,837234794035,"21,500.51",,1966441.64
25-12-2024,UPI/CR/424256376460/Ajay/PUNB/3874269468@ybl/UPI,746399995838,,"5,150.27",1971591.91
26-12-2024,UPI/DR/400969812402/Indane/ICICI/indanegas@upi/UPI,220792770333,"2,600.89",,1968991.02
27-12-2024,INTEREST CREDIT,201345517043,,710.09,1969701.11
27-12-2024,UPI/DR/676830184074/PhonePe/ICICI/phonepe@ybl/UPI,445775693212,990.42,,1968710.69
28-12-2024,UPI/DR/280677710269/Airtel/PAYTM/vi@airtelaxis/UPI,473613545193,949.00,,1967761.69
28-12-2024,UPI/DR/819340621010/Paytm/ICICI/paytm@paytm/UPI,678772929082,"2,320.96",,1965440.73
28-12-2024,POS HP PETROL PUMP PATNA,320479284867,"1,450.86",,1963989.87
28-12-2024,SERVICE CHARGES,669275870553,370.00,,1963619.87
28-12-2024,GST ON CHARGES,844628966352,66.60,,1963553.27
29-12-2024,UPI/DR/234630334526/Kavita/SBIN/kavita.das@axl/UPI,892733471530,"12,350.76",,1951202.51
30-12-2024,UPI/DR/872612775052/PhonePe/ICICI/phonepe@ybl/UPI,681000709274,"2,410.42",,1948792.09
01-01-2025,UPI/DR/171130516751/Flipkart/ICICI/flipkart@ybl/UPI,380943259574,"1,740.81",,1947051.28
01-01-2025,POS BHARAT PETROLEUM PATNA,253183419477,"1,200.57",,1945850.71
02-01-2025,UPI/DR/108586394937/Rapido/PAYTM/rapido@icici/UPI,784275488161,690.22,,1945160.49
02-01-2025,POS MORE SUPER MARKET PATNA,341105229068,650.10,,1944510.39
03-01-2025,UPI/DR/388994000881/Airtel/PAYTM/vi@airtelaxis/UPI,047590797442,549.00,,1943961.39
04-01-2025,UPI/DR/939631741010/Flipkart/ICICI/flipkart@ybl/UPI,885299455869,"2,500.02",,1941461.37
04-01-2025,UPI/DR/664733469699/Amazon/PAYTM/amazon@apl/UPI,327517703572,"1,250.08",,1940211.29
04-01-2025,UPI/DR/378579787414/Nisha/BARB/3778511183@upi/UPI,201839725508,"8,750.28",,1931461.01
05-01-2025,SALARY CREDIT/S3109442663087/Madura Garments Pvt Ltd,815091484510,,"52,208.94",1983669.95
05-01-2025,UPI/DR/968582786201/Sarita/PUNB/sarita766@apl/UPI,117142206105,"13,000.07",,1970669.88
05-01-2025,UPI/DR/269139576695/IRCTC/ICICI/irctc@upi/UPI,545201018016,199.00,,1970470.88
07-01-2025,UPI/DR/215807513192/Zepto/ICICI/zepto@apl/UPI,029496639921,610.35,,1969860.53
07-01-2025,UPI/DR/696379370274/Jio/ICICI/jio@paytm/UPI,849714607598,"1,170.30",,1968690.23
07-01-2025,UPI/DR/460571905432/Mukesh/SBIN/mukesh.thapar@okhdfcbank/UPI,139688729096,"4,600.30",,1964089.93
07-01-2025,POS VISHAL MEGA MART PATNA,059909183160,"8,100.66",,1955989.27
08-01-2025,UPI/DR/827601241321/Geeta/BKID/geeta517@ptyes/UPI,943485028373,"7,000.29",,1948988.98
08-01-2025,UPI/DR/235079420611/Paytm/ICICI/paytm@paytm/UPI,505186713890,640.73,,1948348.25
08-01-2025,UPI/DR/479568572836/BSNL/ICICI/bsnlbroadband@upi/UPI,154493866543,"2,190.03",,1946158.22
08-01-2025,POS BHARAT PETROLEUM PATNA,081765765924,"1,200.76",,1944957.46
09-01-2025,POS D MART PATNA,668869306905,"2,200.18",,1942757.28
10-01-2025,NACH/MANDATE/RNT4264049/RENT MANDATE,398068302319,"18,500.00",,1924257.28
10-01-2025,NACH/MANDATE/LN725233715527/ICICI Bank Home Loan,273280129791,"10,500.00",,1913757.28
10-01-2025,UPI/DR/953243138136/Pallavi/FDRL/pallavi838@oksbi/UPI,083134184173,"8,550.43",,1905206.85
10-01-2025,UPI/CR/668022827309/Sangita/BDBL/5235823536@okhdfcbank/UPI,895892470025,,"5,800.17",1911007.02
11-01-2025,UPI/DR/699352177466/Uber/ICICI/uber@paytm/UPI,347581143416,"2,520.19",,1908486.83
11-01-2025,POS CENTRAL MALL PATNA,016401023989,"4,600.47",,1903886.36
13-01-2025,UPI/DR/561478218998/PhonePe/ICICI/phonepe@ybl/UPI,592204566868,"1,680.15",,1902206.21
13-01-2025,UPI/DR/231145869365/Zepto/ICICI/zepto@apl/UPI,594713410818,"2,350.17",,1899856.04
13-01-2025,UPI/DR/454357664976/Blinkit/ICICI/blinkit@kotak/UPI,414434607771,"2,250.32",,1897605.72
13-01-2025,UPI/DR/765900229885/MSEDCL/UPIN/msedclpayment@upi/UPI,534529113349,"4,000.97",,1893604.75
13-01-2025,IMPS-065955399346-Nisha Joshi,402224063157,"24,600.99",,1869003.76
14-01-2025,UPI/DR/851112526063/Pallavi/BARB/pallavimish10@oksbi/UPI,592257096211,"3,250.81",,1865752.95
15-01-2025,UPI/DR/752862979777/Meesho/PAYTM/meesho@ybl/UPI,615725964240,"1,050.86",,1864702.09
16-01-2025,UPI/DR/745927071491/Ola/PAYTM/olamoney@ola/UPI,715829791023,160.28,,1864541.81
16-01-2025,UPI/DR/588168349445/Zepto/ICICI/zepto@apl/UPI,391998750638,"1,740.58",,1862801.23
16-01-2025,POS BHARAT PETROLEUM PATNA,776081915021,"2,250.36",,1860550.87
18-01-2025,UPI/DR/985728720873/PhonePe/ICICI/phonepe@ybl/UPI,896040447406,"2,220.46",,1858330.41
18-01-2025,NEFT/N4908719421464/Bajaj Finserv Ltd,179199055592,,"40,500.66",1898831.07
18-01-2025,UPI/DR/750434124286/Indane/ICICI/indanegas@upi/UPI,615121404163,"1,650.93",,1897180.14
18-01-2025,NACH/MANDATE/SIP0179030/Axis Mutual Fund,818532325796,"9,500.00",,1887680.14
19-01-2025,UPI/DR/980498620689/Spotify/ICICI/spotify@icici/UPI,168588795401,199.00,,1887481.14
20-01-2025,POS METRO CASH CARRY PATNA,348552143144,"3,800.10",,1883681.04
20-01-2025,UPI/DR/667639745864/Krishna/SBIN/krishnadube65@kotak/UPI,483758882396,"21,300.19",,1862380.85
22-01-2025,UPI/CR/613906472037/Pooja/PUNB/pooja.sen@ybl/UPI,970866445695,,"14,100.63",1876481.48
23-01-2025,UPI/DR/543791285401/Airtel/PAYTM/vi@airtelaxis/UPI,329127550166,819.00,,1875662.48
25-01-2025,ATM CASH WITHDRAWAL/43055/PATNA,279707511395,"4,500.00",,1871162.48
25-01-2025,UPI/DR/734990687866/Anita/FDRL/anita.roy@aubank/UPI,753274885997,"12,800.74",,1858361.74
25-01-2025,POS SHOPPERS STOP PATNA,024855444093,"1,600.70",,1856761.04
25-01-2025,UPI/DR/669394675893/Airtel/PAYTM/vi@airtelaxis/UPI,392067068477,629.00,,1856132.04
26-01-2025,ATM CASH WITHDRAWAL/32198/PATNA,505899673663,"1,500.00",,1854632.04
26-01-2025,UPI/DR/237037401803/Mina/PUNB/minamukh47@pthdfc/UPI,738164615961,"5,700.99",,1848931.05
28-01-2025,UPI/DR/354181190627/Meesho/PAYTM/meesho@ybl/UPI,897068634991,"3,600.31",,1845330.74
28-01-2025,UPI/DR/750211775103/Paytm/ICICI/paytm@paytm/UPI,768757711426,200.82,,1845129.92
29-01-2025,POS MAX FASHION PATNA,004712191961,"5,950.61",,1839179.31
29-01-2025,UPI/DR/406326102315/Uber/PAYTM/uber@paytm/UPI,622066021664,770.10,,1838409.21
30-01-2025,UPI/CR/275056418610/Swati/BKID/swati.gupta@okhdfcbank/UPI,103296093205,,"11,250.94",1849660.15
30-01-2025,POS PANTALOONS PATNA,634207695281,950.49,,1848709.66
31-01-2025,UPI/DR/223026297669/Kapil/KKBK/kapil.gupta@ibl/UPI,495289295453,"16,750.88",,1831958.78
31-01-2025,UPI/CR/446576845370/Sunita/BKID/sunitaahuj77@ptyes/UPI,610263074895,,"18,900.47",1850859.25
02-02-2025,UPI/DR/238269001904/Flipkart/ICICI/flipkart@ybl/UPI,877576723063,"2,410.42",,1848448.83
04-02-2025,UPI/DR/856010365244/Dunzo/ICICI/dunzo@razorpay/UPI,119089812638,"2,640.25",,1845808.58
04-02-2025,POS METRO CASH CARRY PATNA,993260220150,"7,450.90",,1838357.68
04-02-2025,POS STAR BAZAAR PATNA,333634489127,700.91,,1837656.77
04-02-2025,UPI/CR/498493351018/Ashish/BKID/7257860486@okicici/UPI,899068851979,,"11,350.96",1849007.73
05-02-2025,UPI/CR/915032803042/Isha/FDRL/ishasen34@pthdfc/UPI,413814181257,,"17,850.02",1866857.75
05-02-2025,POS MORE SUPER MARKET PATNA,876225956949,"1,800.72",,1865057.03
05-02-2025,SALARY CREDIT/S3732539979745/Madura Garments Pvt Ltd,387973084651,,"50,496.94",1915553.97
06-02-2025,UPI/DR/840736493756/Zomato/ICICI/zomato@axisbank/UPI,452371080227,"1,190.93",,1914363.04
06-02-2025,UPI/DR/550985415535/PhonePe/ICICI/phonepe@ybl/UPI,591780937408,140.65,,1914222.39
07-02-2025,UPI/DR/254412691525/MedPlus/ICICI/medplus@icici/UPI,345558597906,930.90,,1913291.49
07-02-2025,ATM CASH WITHDRAWAL/89954/PATNA,877074507633,"2,500.00",,1910791.49
07-02-2025,UPI/DR/433156482136/Rani/PUNB/rani870@okhdfcbank/UPI,425787065088,"10,000.19",,1900791.30
08-02-2025,UPI/CR/266149756404/Sachin/BKID/sachin.iyer@apl/UPI,059660179035,,"1,800.90",1902592.20
09-02-2025,UPI/DR/135637019974/Airtel/PAYTM/vi@airtelaxis/UPI,248987425744,259.00,,1902333.20
10-02-2025,UPI/CR/099326157953/Abhishek/UCBA/abhishek852@aubank/UPI,827938006863,,"20,550.49",1922883.69
10-02-2025,NACH/MANDATE/LN725233715527/ICICI Bank Home Loan,688929823812,"10,500.00",,1912383.69
10-02-2025,UPI/DR/579771462634/Swiggy/ICICI/swiggy@icici/UPI,442880749265,"2,190.35",,1910193.34
10-02-2025,NACH/MANDATE/RNT0930600/RENT MANDATE,367162165702,"18,500.00",,1891693.34
11-02-2025,UPI/DR/988256640482/Myntra/PAYTM/myntra@ybl/UPI,187066204716,"3,500.98",,1888192.36
11-02-2025,UPI/CR/811841636734/Seema/HDFC/seema.srivastava@oksbi/UPI,156732066166,,"5,300.29",1893492.65
11-02-2025,ATM CASH WITHDRAWAL/33472/PATNA,534233218738,"8,500.00",,1884992.65
11-02-2025,POS MAX FASHION PATNA,957184982441,"3,750.88",,1881241.77
11-02-2025,POS HP PETROL PUMP PATNA,437893787439,"3,050.50",,1878191.27
11-02-2025,UPI/DR/811964988348/Uber/PAYTM/uber@paytm/UPI,113491342158,180.70,,1878010.57
12-02-2025,UPI/DR/673267338000/Rakesh/FDRL/rakeshmalh30@axl/UPI,308365696112,"4,700.01",,1873310.56
12-02-2025,IMPS-187784454428-Shivam Dutta,326873982098,"38,000.44",,1835310.12
12-02-2025,UPI/CR/184177461382/Renu/SBIN/2037048588@ybl/UPI,848054966889,,"6,000.41",1841310.53
12-02-2025,UPI/DR/774687128729/Usha/SBIN/usha663@ptyes/UPI,766778083402,"10,150.00",,1831160.53
13-02-2025,UPI/CR/547513504185/Girish/HDFC/girish.bajaj@ptsbi/UPI,602087051332,,"2,150.68",1833311.21
13-02-2025,UPI/DR/285809922664/IRCTC/ICICI/irctc@upi/UPI,276515606711,149.00,,1833162.21
14-02-2025,UPI/DR/331112763714/MSEDCL/UPIN/msedclpayment@upi/UPI,554591228490,700.71,,1832461.50
14-02-2025,UPI/CR/495370956294/Isha/KKBK/isha717@aubank/UPI,459187455876,,"4,800.43",1837261.93
14-02-2025,UPI/DR/403787159459/Arjun/FDRL/arjun.jain@aubank/UPI,342337827758,"14,800.17",,1822461.76
14-02-2025,UPI/DR/788738110135/Dinesh/UTIB/dinesh.mishra@okhdfcbank/UPI,055998316176,"9,550.86",,1812910.90
16-02-2025,UPI/DR/750335464943/BigBasket/ICICI/bigbasket@ybl/UPI,463807097389,"1,890.48",,1811020.42
16-02-2025,UPI/DR/279899473855/Rapido/PAYTM/rapido@icici/UPI,182743890535,720.80,,1810299.62
17-02-2025,NACH/MANDATE/SIP0419189/Axis Mutual Fund,208498040517,"9,500.00",,1800799.62
18-02-2025,UPI/DR/282783017108/BSNL/ICICI/bsnlbroadband@upi/UPI,663851303940,"1,080.68",,1799718.94
18-02-2025,UPI/DR/720296408599/Kavya/HDFC/kavya.chatterjee@ibl/UPI,291309029409,"13,000.40",,1786718.54
19-02-2025,POS BHARAT PETROLEUM PATNA,575117261121,"1,750.77",,1784967.77
19-02-2025,UPI/DR/651373258649/Zomato/ICICI/zomato@axisbank/UPI,828764610566,640.16,,1784327.61
19-02-2025,UPI/DR/508426411598/Airtel/PAYTM/vi@airtelaxis/UPI,692527388539,229.00,,1784098.61
20-02-2025,NEFT/N4031066809345/ICICI Lombard GIC,960098986450,,"9,000.19",1793098.80
20-02-2025,UPI/DR/422815252464/Zepto/ICICI/zepto@apl/UPI,998991126385,"1,330.00",,1791768.80
21-02-2025,UPI/DR/607782183053/Rapido/PAYTM/rapido@icici/UPI,499301860297,770.16,,1790998.64
22-02-2025,POS HP PETROL PUMP PATNA,585288829990,"2,800.59",,1788198.05
22-02-2025,UPI/DR/050245848897/Airtel/PAYTM/vi@airtelaxis/UPI,114097831515,239.00,,1787959.05
22-02-2025,UPI/DR/384611279463/Prashant/UTIB/prashant670@okicici/UPI,604938841128,"9,350.96",,1778608.09
23-02-2025,UPI/DR/878151457323/Pankaj/HDFC/2303748342@kotak/UPI,441932882545,"5,650.20",,1772957.89
23-02-2025,UPI/DR/790826154415/BigBasket/ICICI/bigbasket@ybl/UPI,260686557336,540.82,,1772417.07
23-02-2025,UPI/DR/118833782497/Zepto/ICICI/zepto@apl/UPI,580025692798,210.10,,1772206.97
23-02-2025,UPI/DR/822576772457/Airtel/PAYTM/vi@airtelaxis/UPI,346555612428,869.00,,1771337.97
23-02-2025,UPI/DR/308233520097/Dunzo/ICICI/dunzo@razorpay/UPI,815982451725,"1,410.06",,1769927.91
24-02-2025,UPI/DR/142896325142/Ramesh/BDBL/6222243097@ptaxis/UPI,997251107386,"16,000.98",,1753926.93
25-02-2025,UPI/CR/474142157131/Mamta/KKBK/2428635850@oksbi/UPI,353281308524,,"5,600.30",1759527.23
25-02-2025,UPI/DR/080925756230/Indane/ICICI/indanegas@upi/UPI,865762875507,"1,700.10",,1757827.13
25-02-2025,UPI/DR/138960165818/Meesho/PAYTM/meesho@ybl/UPI,144735723549,"4,750.99",,1753076.14
25-02-2025,UPI/DR/534242664678/Saurabh/UTIB/saurabh.dubey@ptyes/UPI,864325282538,"6,150.91",,1746925.23
26-02-2025,ATM CASH WITHDRAWAL/12063/PATNA,429448437898,"7,500.00",,1739425.23
27-02-2025,UPI/DR/059643070308/Nykaa/PAYTM/nykaa@razorpay/UPI,171732590644,"3,150.05",,1736275.18
27-02-2025,UPI/DR/454709623993/Sumit/KKBK/sumit.pandey@ptyes/UPI,385266915689,"8,850.35",,1727424.83
01-03-2025,UPI/CR/881301262744/Ajay/KKBK/ajayahuj64@kotak/UPI,236865940418,,"19,150.78",1746575.61
01-03-2025,UPI/DR/892601965500/Hathway/RAZORPAY/broadband@paytm/UPI,963472242521,749.00,,1745826.61
02-03-2025,UPI/CR/949900362721/Kiran/UCBA/kiran842@ptyes/UPI,658523962343,,"17,100.43",1762927.04
02-03-2025,UPI/DR/832227781531/Ashish/BKID/ashish.reddy@ptsbi/UPI,922689201674,"14,550.66",,1748376.38
02-03-2025,UPI/DR/919718914772/Airtel/PAYTM/vi@airtelaxis/UPI,832514471517,839.00,,1747537.38
02-03-2025,UPI/CR/635917702900/Vikram/PUNB/vikramshuk36@ptyes/UPI,645749332580,,"16,550.94",1764088.32
03-03-2025,UPI/CR/625424338352/Rani/FDRL/ranirao28@ybl/UPI,780647243126,,"13,900.21",1777988.53
03-03-2025,UPI/DR/699470756554/Neha/PUNB/nehapate13@pthdfc/UPI,767830370423,"6,750.76",,1771237.77
04-03-2025,UPI/DR/831450462300/Airtel/PAYTM/vi@airtelaxis/UPI,438140701507,179.00,,1771058.77
05-03-2025,UPI/DR/131980696122/Varun/KKBK/varun382@okicici/UPI,763592664073,"5,950.19",,1765108.58
05-03-2025,UPI/DR/784974155511/Uber/ICICI/uber@paytm/UPI,979070712689,890.07,,1764218.51
05-03-2025,UPI/DR/229374948780/Amazon/ICICI/amazon@apl/UPI,523388605405,"1,060.18",,1763158.33
06-03-2025,UPI/DR/627988280586/PhonePe/ICICI/phonepe@ybl/UPI,228518537129,"2,490.96",,1760667.37
06-03-2025,UPI/DR/989118839448/Rapido/PAYTM/rapido@icici/UPI,419934013325,270.07,,1760397.30
06-03-2025,SALARY CREDIT/S9648581665082/Madura Garments Pvt Ltd,298412843982,,"51,820.94",1812218.24
07-03-2025,NACH/MANDATE/RNT6448964/RENT MANDATE,123607756583,"18,500.00",,1793718.24
07-03-2025,UPI/DR/418426813417/Amazon/ICICI/amazon@apl/UPI,997360380965,"2,550.75",,1791167.49
07-03-2025,UPI/DR/563997771537/Jio/ICICI/jio@paytm/UPI,838740702732,"1,140.99",,1790026.50
08-03-2025,UPI/DR/198531755603/Airtel/PAYTM/vi@airtelaxis/UPI,507908859145,269.00,,1789757.50
08-03-2025,UPI/DR/568785527159/Amazon/PAYTM/amazon@apl/UPI,286456630371,"1,750.11",,1788007.39
10-03-2025,UPI/DR/166742202259/Ola/ICICI/olamoney@ola/UPI,637924276951,780.82,,1787226.57
10-03-2025,UPI/DR/836385960371/Max/LICI/licindia@licindia/UPI,959236899821,"3,300.00",,1783926.57
10-03-2025,ATM CASH WITHDRAWAL/83151/PATNA,848260321986,"9,500.00",,1774426.57
11-03-2025,UPI/DR/793990560521/Uber/PAYTM/uber@paytm/UPI,234805761925,410.77,,1774015.80
11-03-2025,UPI/DR/556673838378/Uber/ICICI/uber@paytm/UPI,337639430717,760.87,,1773254.93
11-03-2025,UPI/DR/485786172306/PhonePe/ICICI/phonepe@ybl/UPI,564638012269,600.24,,1772654.69
12-03-2025,UPI/DR/156403161395/Uber/ICICI/uber@paytm/UPI,905856074572,"2,700.09",,1769954.60
12-03-2025,NACH/MANDATE/LN725233715527/ICICI Bank Home Loan,398003207262,"10,500.00",,1759454.60
13-03-2025,POS RELIANCE PETROLEUM PATNA,183312362975,"3,400.37",,1756054.23
13-03-2025,POS INDIAN OIL PATNA,178307009329,"2,400.48",,1753653.75
14-03-2025,UPI/DR/554373897560/Jio/ICICI/jio@paytm/UPI,606712750987,"1,430.98",,1752222.77
15-03-2025,UPI/CR/504254062921/Sangita/BDBL/sangitapati18@paytm/UPI,477121026695,,"2,600.76",1754823.53
15-03-2025,UPI/DR/668360243802/Ravi/KKBK/ravi.srivastava@ptsbi/UPI,639950276072,"20,900.57",,1733922.96
15-03-2025,ATM CASH WITHDRAWAL/13737/PATNA,114334708601,"8,500.00",,1725422.96
15-03-2025,UPI/DR/408465806416/Apollo/ICICI/apollopharmacy@ybl/UPI,403732891463,600.47,,1724822.49
15-03-2025,UPI/DR/922561188127/Jio/ICICI/jio@paytm/UPI,012293944008,210.39,,1724612.10
16-03-2025,UPI/DR/852222266033/Airtel/PAYTM/vi@airtelaxis/UPI,046026834262,379.00,,1724233.10
16-03-2025,UPI/DR/582035932866/Airtel/PAYTM/vi@airtelaxis/UPI,578336776682,559.00,,1723674.10
16-03-2025,UPI/DR/047306762159/Ola/PAYTM/olamoney@ola/UPI,269833179349,630.66,,1723043.44
16-03-2025,UPI/DR/391819330649/Rapido/PAYTM/rapido@icici/UPI,323740152002,160.14,,1722883.30
17-03-2025,NACH/MANDATE/SIP2517772/Axis Mutual Fund,070616424985,"9,500.00",,1713383.30
17-03-2025,UPI/DR/522913262352/BSNL/ICICI/bsnlbroadband@upi/UPI,956014040855,"2,690.68",,1710692.62
18-03-2025,POS D MART PATNA,990985619325,"4,650.43",,1706042.19
18-03-2025,UPI/DR/720573659257/Jio/ICICI/jio@paytm/UPI,698967112451,370.67,,1705671.52
18-03-2025,UPI/CR/912941886998/Radha/HDFC/2142242880@okicici/UPI,622011838359,,"4,550.56",1710222.08
19-03-2025,UPI/DR/819952112067/Sumit/HDFC/sumit.joshi@oksbi/UPI,311413439751,"13,800.55",,1696421.53
20-03-2025,UPI/DR/575307033920/Zepto/ICICI/zepto@apl/UPI,057272482210,"2,350.26",,1694071.27
21-03-2025,UPI/DR/491747652081/Sushma/BDBL/2481420434@okicici/UPI,528116641646,"18,150.73",,1675920.54
21-03-2025,UPI/DR/437710878513/Kamal/FDRL/kamal.menon@aubank/UPI,835309846056,"18,100.03",,1657820.51
21-03-2025,POS CENTRAL MALL PATNA,788195902972,"7,600.17",,1650220.34
21-03-2025,UPI/DR/155065716143/Sneha/FDRL/sneha.reddy@okicici/UPI,838650544907,"11,400.92",,1638819.42
22-03-2025,UPI/DR/108236358975/MSEDCL/UPIN/msedclpayment@upi/UPI,801480988864,"1,800.10",,1637019.32
22-03-2025,POS PANTALOONS PATNA,818216966091,"1,500.92",,1635518.40
22-03-2025,UPI/DR/640310009097/Shweta/FDRL/4574772197@axl/UPI,129268942215,"3,650.30",,1631868.10
23-03-2025,ATM CASH WITHDRAWAL/51855/PATNA,418663110325,"4,500.00",,1627368.10
23-03-2025,UPI/DR/082770596866/Uber/ICICI/uber@paytm/UPI,406169879813,980.24,,1626387.86
23-03-2025,UPI/CR/653358201362/Babita/SBIN/babitameno48@okicici/UPI,930450569038,,"21,850.73",1648238.59
23-03-2025,UPI/DR/091432396462/Indane/ICICI/indanegas@upi/UPI,510936689118,"2,450.59",,1645788.00
25-03-2025,UPI/DR/548224511827/BigBasket/ICICI/bigbasket@ybl/UPI,937881622672,810.86,,1644977.14
25-03-2025,INTEREST CREDIT,859545990071,,525.62,1645502.76
26-03-2025,UPI/DR/843037634980/Arjun/HDFC/arjunseth42@axl/UPI,365437805853,"16,300.34",,1629202.42
26-03-2025,UPI/CR/423227660245/Naveen/SBIN/naveen113@ptyes/UPI,575149001476,,"21,200.24",1650402.66
27-03-2025,POS BRAND FACTORY PATNA,109722209727,"5,600.97",,1644801.69
30-03-2025,UPI/DR/326131730566/Varsha/FDRL/varshameno57@ybl/UPI,541504737337,"16,850.30",,1627951.39
30-03-2025,UPI/DR/000266234857/Isha/KKBK/3567820259@apl/UPI,300583959658,"2,900.59",,1625050.80
30-03-2025,UPI/DR/696483779538/Uber/ICICI/uber@paytm/UPI,213331864525,"2,140.03",,1622910.77
30-03-2025,UPI/CR/322930220818/Maya/PUNB/5163708930@oksbi/UPI,365556554194,,"6,200.62",1629111.39
31-03-2025,UPI/CR/558969010097/Abhishek/UCBA/abhishek349@ybl/UPI,249084903958,,"17,800.93",1646912.32
01-04-2025,UPI/DR/455390424198/Flipkart/PAYTM/flipkart@ybl/UPI,486893072646,"3,050.72",,1643861.60
02-04-2025,UPI/DR/582809038174/Rapido/PAYTM/rapido@icici/UPI,924856784975,150.91,,1643710.69
02-04-2025,UPI/CR/391076651100/Ritu/PUNB/ritukulk36@ptaxis/UPI,439965256512,,"2,700.94",1646411.63
02-04-2025,UPI/DR/554892827186/Uber/ICICI/uber@paytm/UPI,696709247465,"2,020.03",,1644391.60
02-04-2025,UPI/CR/547954415015/Ashish/BKID/ashish661@oksbi/UPI,041493290031,,"20,550.64",1664942.24
03-04-2025,UPI/DR/883800970905/Ola/ICICI/olamoney@ola/UPI,540705112077,"2,620.00",,1662322.24
03-04-2025,SALARY CREDIT/S3717802877414/Madura Garments Pvt Ltd,418635555753,,"47,090.94",1709413.18
04-04-2025,POS SHELL FUEL STATION PATNA,835268384638,950.07,,1708463.11
04-04-2025,UPI/DR/415357854260/Sumit/KKBK/3104850419@apl/UPI,530887020517,"8,300.40",,1700162.71
04-04-2025,UPI/DR/116175612372/Hathway/RAZORPAY/broadband@paytm/UPI,508987676797,649.00,,1699513.71
04-04-2025,UPI/DR/005239232216/Zomato/ICICI/zomato@axisbank/UPI,905737369498,"1,700.13",,1697813.58
05-04-2025,POS RELIANCE MART PATNA,290044519330,"7,800.26",,1690013.32
05-04-2025,POS BHARAT PETROLEUM PATNA,291731483796,850.17,,1689163.15
05-04-2025,UPI/DR/018422864649/Ankit/BDBL/ankit.patil@kotak/UPI,849581154027,"8,100.86",,1681062.29
05-04-2025,NACH/MANDATE/LN725233715527/ICICI Bank Home Loan,690996548094,"10,500.00",,1670562.29
06-04-2025,UPI/CR/022051414058/Kunal/SBIN/4961029502@okicici/UPI,033717856855,,"5,050.97",1675613.26
07-04-2025,NACH/MANDATE/RNT4715113/RENT MANDATE,687407363166,"18,500.00",,1657113.26
08-04-2025,ATM CASH WITHDRAWAL/07780/PATNA,355265064635,"2,000.00",,1655113.26
09-04-2025,UPI/DR/415145361996/Ola/ICICI/olamoney@ola/UPI,842915803516,"1,510.77",,1653602.49
10-04-2025,UPI/DR/846104907332/1mg/ICICI/tatahealth@icici/UPI,552602862508,900.40,,1652702.09
10-04-2025,UPI/DR/941733200305/Nikhil/PUNB/nikhil.sharma@okaxis/UPI,489385683302,"13,900.23",,1638801.86
10-04-2025,UPI/DR/278694272250/Preeti/BARB/preeti.menon@ptaxis/UPI,277762504833,"3,500.57",,1635301.29
11-04-2025,UPI/DR/591254365214/PhonePe/ICICI/phonepe@ybl/UPI,243942409321,"1,710.35",,1633590.94
11-04-2025,NACH/MANDATE/SIP1743042/Axis Mutual Fund,561767741070,"9,500.00",,1624090.94
12-04-2025,UPI/DR/157575169073/Airtel/PAYTM/vi@airtelaxis/UPI,812051369288,189.00,,1623901.94
12-04-2025,UPI/DR/131288739386/BigBasket/ICICI/bigbasket@ybl/UPI,877056681288,"1,840.55",,1622061.39
12-04-2025,UPI/CR/925980496263/Varsha/UCBA/varsha.rao@oksbi/UPI,773903892884,,250.16,1622311.55
13-04-2025,UPI/DR/568387056221/Dunzo/ICICI/dunzo@razorpay/UPI,257022124455,"2,690.09",,1619621.46
14-04-2025,UPI/DR/778759387523/Mohan/SBIN/mohanrao37@ibl/UPI,198665416488,"20,450.96",,1599170.50
14-04-2025,UPI/DR/471353877882/Flipkart/PAYTM/flipkart@ybl/UPI,521198218281,"5,700.86",,1593469.64
15-04-2025,UPI/DR/450569725797/Airtel/PAYTM/vi@airtelaxis/UPI,176003427193,329.00,,1593140.64
15-04-2025,UPI/DR/333401784097/BigBasket/ICICI/bigbasket@ybl/UPI,757799774650,"2,570.22",,1590570.42
16-04-2025,ATM CASH WITHDRAWAL/05035/PATNA,084915685314,"7,000.00",,1583570.42
16-04-2025,UPI/DR/132392386206/Airtel/PAYTM/vi@airtelaxis/UPI,313702678432,329.00,,1583241.42
16-04-2025,UPI/CR/171373878119/Vivek/BDBL/3063120382@okhdfcbank/UPI,759747702779,,200.45,1583441.87
16-04-2025,UPI/DR/366478491522/Uber/PAYTM/uber@paytm/UPI,166993736021,600.80,,1582841.07
17-04-2025,UPI/DR/635032224181/Indane/ICICI/indanegas@upi/UPI,741572986995,"2,600.98",,1580240.09
17-04-2025,POS CENTRAL MALL PATNA,591956817417,"4,500.24",,1575739.85
17-04-2025,UPI/CR/068726274165/Mohan/FDRL/mohan340@okaxis/UPI,474461975462,,"12,100.34",1587840.19
18-04-2025,UPI/DR/122534247267/Blinkit/ICICI/blinkit@kotak/UPI,110893111814,120.11,,1587720.08
18-04-2025,UPI/CR/532746018362/Nikhil/BARB/nikhil524@aubank/UPI,254373910984,,700.02,1588420.10
19-04-2025,POS D MART PATNA,865289676962,"4,200.97",,1584219.13
20-04-2025,UPI/DR/613710540791/Ola/PAYTM/olamoney@ola/UPI,558835933241,420.02,,1583799.11
22-04-2025,UPI/DR/112989264654/MSEDCL/UPIN/msedclpayment@upi/UPI,384725787220,"4,200.37",,1579598.74
22-04-2025,POS SHELL FUEL STATION PATNA,250429759096,"3,700.89",,1575897.85
22-04-2025,UPI/DR/065155186401/Amazon/ICICI/amazon@apl/UPI,959178160572,"1,930.50",,1573967.35
23-04-2025,IMPS-063775008876-Harish Das,255296827100,"3,000.53",,1570966.82
23-04-2025,ATM CASH WITHDRAWAL/59907/PATNA,879061295335,"9,500.00",,1561466.82
23-04-2025,UPI/CR/567913614757/Radha/SBIN/radha.roy@ptsbi/UPI,652921273719,,"18,550.67",1580017.49
24-04-2025,UPI/DR/560401988039/Swiggy/ICICI/swiggy@icici/UPI,953865662008,740.06,,1579277.43
24-04-2025,UPI/DR/874260744101/Uber/PAYTM/uber@paytm/UPI,288219123470,360.85,,1578916.58
24-04-2025,UPI/DR/695376013777/Swiggy/ICICI/swiggy@icici/UPI,188286408149,"1,650.65",,1577265.93
25-04-2025,UPI/DR/459165981345/Jio/ICICI/jio@paytm/UPI,860913620399,260.02,,1577005.91
27-04-2025,UPI/DR/959130621047/Airtel/PAYTM/vi@airtelaxis/UPI,336712308841,319.00,,1576686.91
27-04-2025,UPI/DR/238803933394/Apollo/ICICI/apollopharmacy@ybl/UPI,298911503349,799.00,,1575887.91
27-04-2025,UPI/DR/783077195477/Zepto/ICICI/zepto@apl/UPI,602470473618,"1,080.43",,1574807.48
28-04-2025,UPI/DR/416765219734/Airtel/PAYTM/vi@airtelaxis/UPI,990021515408,929.00,,1573878.48
28-04-2025,UPI/DR/211828889756/Divya/UTIB/divya.pillai@upi/UPI,038157306888,300.62,,1573577.86
28-04-2025,ATM CASH WITHDRAWAL/26741/PATNA,408938419015,"8,500.00",,1565077.86
28-04-2025,UPI/CR/659122619196/Kavya/FDRL/kavya.ghosh@ptaxis/UPI,150923470331,,"17,650.61",1582728.47
28-04-2025,ATM CASH WITHDRAWAL/91784/PATNA,398981947852,"1,500.00",,1581228.47
29-04-2025,UPI/DR/827529982616/Rapido/PAYTM/rapido@icici/UPI,191804832829,230.62,,1580997.85
29-04-2025,UPI/DR/980160795075/BSNL/ICICI/bsnlbroadband@upi/UPI,307386329873,"1,580.27",,1579417.58
29-04-2025,UPI/DR/570679889592/Uber/ICICI/uber@paytm/UPI,190483386192,"2,170.75",,1577246.83
30-04-2025,UPI/DR/575932634205/Sonia/UCBA/sonia.iyer@kotak/UPI,429910718305,"7,250.66",,1569996.17
30-04-2025,SERVICE CHARGES,048269277628,210.00,,1569786.17
30-04-2025,UPI/CR/624086615012/Deepa/BKID/6639287673@aubank/UPI,110313148908,,"18,700.53",1588486.70
30-04-2025,GST ON CHARGES,560800172182,37.80,,1588448.90
01-05-2025,UPI/DR/696174180633/Paytm/ICICI/paytm@paytm/UPI,289383939145,"2,560.87",,1585888.03
01-05-2025,UPI/DR/804225907850/Manoj/UCBA/manojpand64@pthdfc/UPI,651926546911,"6,150.72",,1579737.31
02-05-2025,UPI/DR/271483007439/Ola/PAYTM/olamoney@ola/UPI,178949770495,120.77,,1579616.54
02-05-2025,UPI/DR/043109997301/Flipkart/ICICI/flipkart@ybl/UPI,127629176876,"1,690.60",,1577925.94
02-05-2025,POS CENTRAL MALL PATNA,962324781055,"8,100.19",,1569825.75
03-05-2025,UPI/DR/160740365814/Rohit/BDBL/rohitgupt88@ibl/UPI,277046885586,"11,700.66",,1558125.09
04-05-2025,UPI/CR/934134968862/Mohit/BDBL/mohit.roy@aubank/UPI,888173517329,,"22,000.48",1580125.57
04-05-2025,POS BHARAT PETROLEUM PATNA,849231050140,"3,900.72",,1576224.85
05-05-2025,UPI/DR/389815007018/Ola/ICICI/olamoney@ola/UPI,486656992941,"1,610.57",,1574614.28
05-05-2025,UPI/DR/414688509085/Spotify/ICICI/spotify@icici/UPI,430891934971,349.00,,1574265.28
05-05-2025,ATM CASH WITHDRAWAL/16741/PATNA,748366321732,"9,500.00",,1564765.28
06-05-2025,UPI/DR/971439088972/BSNL/ICICI/bsnlbroadband@upi/UPI,717606284459,"1,820.73",,1562944.55
06-05-2025,UPI/DR/894587701035/Nykaa/PAYTM/nykaa@razorpay/UPI,788492940782,"3,350.51",,1559594.04
06-05-2025,SALARY CREDIT/S2818532375062/Madura Garments Pvt Ltd,016685900974,,"47,151.94",1606745.98
06-05-2025,ATM CASH WITHDRAWAL/52094/PATNA,918845961117,"9,500.00",,1597245.98
08-05-2025,UPI/DR/118167048261/Varsha/PUNB/varsha706@ptyes/UPI,812385483935,"16,800.57",,1580445.41
08-05-2025,POS SHELL FUEL STATION PATNA,747697060351,"1,300.31",,1579145.10
09-05-2025,UPI/DR/077656936706/Paytm/ICICI/paytm@paytm/UPI,726925549986,"2,120.98",,1577024.12
10-05-2025,ATM CASH WITHDRAWAL/82507/PATNA,295311016028,"9,500.00",,1567524.12
10-05-2025,NACH/MANDATE/LN725233715527/ICICI Bank Home Loan,104417510092,"10,500.00",,1557024.12
10-05-2025,POS BHARAT PETROLEUM PATNA,737938948594,"4,350.01",,1552674.11
10-05-2025,NACH/MANDATE/RNT1222856/RENT MANDATE,035290502894,"18,500.00",,1534174.11
11-05-2025,UPI/DR/324001093232/Rajesh/UCBA/rajeshthap72@okaxis/UPI,873252629231,"20,950.15",,1513223.96
11-05-2025,UPI/DR/029589778303/Uber/PAYTM/uber@paytm/UPI,848749858220,260.96,,1512963.00
12-05-2025,UPI/DR/512246324849/MSEDCL/UPIN/msedclpayment@upi/UPI,635771063307,"3,700.13",,1509262.87
12-05-2025,UPI/DR/531091738469/Dunzo/ICICI/dunzo@razorpay/UPI,503390068629,800.28,,1508462.59
12-05-2025,UPI/DR/494623325592/Airtel/PAYTM/vi@airtelaxis/UPI,768648235332,249.00,,1508213.59
13-05-2025,UPI/DR/441769663728/Hathway/RAZORPAY/broadband@paytm/UPI,357318685193,499.00,,1507714.59
13-05-2025,UPI/DR/056075690825/PhonePe/ICICI/phonepe@ybl/UPI,215968964889,"1,760.33",,1505954.26
14-05-2025,NACH/MANDATE/SIP9175763/Axis Mutual Fund,652017433218,"9,500.00",,1496454.26
14-05-2025,POS MAX FASHION PATNA,510264066722,"7,050.06",,1489404.20
14-05-2025,UPI/DR/414828704610/Indane/ICICI/indanegas@upi/UPI,544985542487,"2,750.15",,1486654.05
15-05-2025,NEFT/N00858836949/Ritu Chaudhary,367404071386,"65,000.00",,1421654.05
15-05-2025,IMPS-896540294289-Kavita Nambiar,612876279827,"10,000.11",,1411653.94
15-05-2025,POS RELIANCE PETROLEUM PATNA,708091149582,"2,100.36",,1409553.58
16-05-2025,UPI/DR/538540616642/Airtel/PAYTM/vi@airtelaxis/UPI,217718743084,919.00,,1408634.58
17-05-2025,NEFT/N48876190198/Ritu Chaudhary,021061609074,"35,000.00",,1373634.58
17-05-2025,UPI/DR/206229996168/Rapido/PAYTM/rapido@icici/UPI,173613093460,550.82,,1373083.76
17-05-2025,UPI/DR/094544637111/Uber/PAYTM/uber@paytm/UPI,492377715161,240.56,,1372843.20
18-05-2025,UPI/DR/597080623215/Shweta/UTIB/shwetajain49@axl/UPI,565509472727,"16,350.65",,1356492.55
18-05-2025,UPI/DR/632648029166/BSNL/ICICI/bsnlbroadband@upi/UPI,302258045687,560.98,,1355931.57
19-05-2025,UPI/DR/767024369680/Amazon/ICICI/amazon@apl/UPI,533649781841,"2,330.60",,1353600.97
19-05-2025,NEFT/N51969513084/Ritu Chaudhary,034073908374,"65,000.00",,1288600.97
19-05-2025,UPI/CR/631574500950/Vivek/SBIN/vivek.dutta@ybl/UPI,342116071529,,"11,100.95",1299701.92
20-05-2025,UPI/DR/674430786234/Vivek/BDBL/vivek.ahuja@pthdfc/UPI,140689487569,"8,850.00",,1290851.92
21-05-2025,ATM CASH WITHDRAWAL/12101/PATNA,934853162536,"5,500.00",,1285351.92
21-05-2025,NEFT/N47183235546/Ritu Chaudhary,141682412773,"40,000.00",,1245351.92
22-05-2025,ATM CASH WITHDRAWAL/65936/PATNA,609741391762,"9,500.00",,1235851.92
23-05-2025,NEFT/N95585118949/Ritu Chaudhary,024146173538,"10,000.00",,1225851.92
23-05-2025,UPI/DR/439262278099/Blinkit/ICICI/blinkit@kotak/UPI,687504122797,440.46,,1225411.46
23-05-2025,UPI/DR/398527175302/Seema/SBIN/seemapill33@ybl/UPI,622590370177,"1,000.42",,1224411.04
24-05-2025,UPI/DR/121924235720/Airtel/PAYTM/vi@airtelaxis/UPI,459823024400,719.00,,1223692.04
24-05-2025,UPI/DR/948215378222/Practo/ICICI/practo@paytm/UPI,025041737535,299.00,,1223393.04
25-05-2025,UPI/DR/147705524605/BSNL/ICICI/bsnlbroadband@upi/UPI,155768141584,"1,400.45",,1221992.59
25-05-2025,NEFT/N03009767905/Ritu Chaudhary,081258815661,"80,000.00",,1141992.59
25-05-2025,UPI/CR/563222361224/Ajay/HDFC/ajay166@oksbi/UPI,701455845191,,"14,400.67",1156393.26
25-05-2025,UPI/DR/459927550924/Airtel/PAYTM/vi@airtelaxis/UPI,321972510938,849.00,,1155544.26
25-05-2025,UPI/DR/334611040682/Rapido/PAYTM/rapido@icici/UPI,051125850642,270.89,,1155273.37
26-05-2025,UPI/DR/848145804322/Airtel/PAYTM/vi@airtelaxis/UPI,540965230705,349.00,,1154924.37
26-05-2025,UPI/DR/051206281427/Rapido/PAYTM/rapido@icici/UPI,391803946834,170.01,,1154754.36
27-05-2025,NEFT/N04224740024/Ritu Chaudhary,008017784954,"75,000.00",,1079754.36
28-05-2025,UPI/DR/449593863525/BSNL/ICICI/bsnlbroadband@upi/UPI,320173871772,"1,430.19",,1078324.17
28-05-2025,POS RELIANCE MART PATNA,504307573685,"4,100.06",,1074224.11
28-05-2025,UPI/CR/789575158272/Pankaj/FDRL/pankaj.reddy@ybl/UPI,797192454035,,"16,950.33",1091174.44
28-05-2025,ATM CASH WITHDRAWAL/60871/PATNA,268889188009,"9,000.00",,1082174.44
28-05-2025,UPI/DR/745748815845/Dunzo/ICICI/dunzo@razorpay/UPI,216173055591,"1,880.29",,1080294.15
29-05-2025,UPI/DR/619858469557/Nykaa/PAYTM/nykaa@razorpay/UPI,685397484371,"5,350.15",,1074944.00
30-05-2025,SERVICE CHARGES,092122512732,260.00,,1074684.00
30-05-2025,GST ON CHARGES,083814888102,46.80,,1074637.20
31-05-2025,UPI/DR/255840761657/Anita/UCBA/anita271@okhdfcbank/UPI,919432107331,"13,900.09",,1060737.11
01-06-2025,UPI/CR/256692763107/Jyoti/HDFC/jyoti879@ptaxis/UPI,882018063368,,"15,250.95",1075988.06
01-06-2025,UPI/DR/872473107688/Ola/PAYTM/olamoney@ola/UPI,715565479815,460.53,,1075527.53
05-06-2025,UPI/DR/899861003707/Paytm/ICICI/paytm@paytm/UPI,656403925262,"2,660.44",,1072867.09
06-06-2025,SALARY CREDIT/S7709860649658/Madura Garments Pvt Ltd,819391126264,,"51,234.94",1124102.03
06-06-2025,UPI/DR/980999106277/Paytm/ICICI/paytm@paytm/UPI,688515335226,"1,060.75",,1123041.28
06-06-2025,UPI/CR/423275860256/Nikhil/KKBK/nikhil.bajaj@oksbi/UPI,585460876233,,"2,050.83",1125092.11
06-06-2025,ATM CASH WITHDRAWAL/86103/PATNA,257896470605,"6,500.00",,1118592.11
07-06-2025,POS BHARAT PETROLEUM PATNA,859434121315,"1,200.30",,1117391.81
07-06-2025,UPI/DR/129236672772/Airtel/PAYTM/vi@airtelaxis/UPI,917700023306,409.00,,1116982.81
08-06-2025,NACH/MANDATE/LN725233715527/ICICI Bank Home Loan,732816492917,"10,500.00",,1106482.81
09-06-2025,UPI/CR/925777006106/Kapil/UTIB/3954899170@pthdfc/UPI,786212558269,,"11,050.12",1117532.93
10-06-2025,UPI/DR/234543167554/Amazon/ICICI/amazon@apl/UPI,748611218170,820.80,,1116712.13
10-06-2025,UPI/DR/956544804258/Spotify/ICICI/spotify@icici/UPI,051862638465,299.00,,1116413.13
10-06-2025,UPI/DR/930147691066/Max/LICI/licindia@licindia/UPI,315754596197,"3,300.00",,1113113.13
10-06-2025,POS SHOPPERS STOP PATNA,445266256667,"3,250.84",,1109862.29
10-06-2025,NACH/MANDATE/RNT4707941/RENT MANDATE,662771716673,"18,500.00",,1091362.29
11-06-2025,UPI/DR/639702166015/Zepto/ICICI/zepto@apl/UPI,804106242582,"1,660.56",,1089701.73
11-06-2025,UPI/DR/564419448335/Renu/FDRL/renu.bajaj@ptyes/UPI,320434383492,"6,250.68",,1083451.05
11-06-2025,UPI/DR/688795692735/Pallavi/BKID/pallavi108@okicici/UPI,225294471009,"21,100.13",,1062350.92
12-06-2025,UPI/DR/130283842343/Meesho/PAYTM/meesho@ybl/UPI,795656427369,950.45,,1061400.47
13-06-2025,POS HP PETROL PUMP PATNA,024817222691,"2,350.51",,1059049.96
13-06-2025,UPI/DR/378984563927/Paytm/ICICI/paytm@paytm/UPI,981106835089,"1,970.40",,1057079.56
13-06-2025,UPI/DR/169260130597/Uber/PAYTM/uber@paytm/UPI,740307816057,460.27,,1056619.29
13-06-2025,UPI/DR/151654439745/Uber/ICICI/uber@paytm/UPI,073707105532,900.41,,1055718.88
14-06-2025,UPI/DR/961791880158/Flipkart/PAYTM/flipkart@ybl/UPI,969755883049,"2,900.48",,1052818.40
14-06-2025,UPI/DR/691732396531/1mg/ICICI/tatahealth@icici/UPI,289814670827,"3,470.95",,1049347.45
15-06-2025,UPI/CR/470507537458/Rohit/HDFC/rohitpill96@ptyes/UPI,591208068403,,"1,050.40",1050397.85
15-06-2025,ATM CASH WITHDRAWAL/83330/PATNA,856387978009,"1,000.00",,1049397.85
16-06-2025,POS BRAND FACTORY PATNA,947509007134,"1,000.44",,1048397.41
16-06-2025,NACH/MANDATE/SIP7376717/Axis Mutual Fund,379910850920,"9,500.00",,1038897.41
17-06-2025,UPI/CR/110170675159/Meena/HDFC/meenabaja19@okaxis/UPI,893071259194,,"6,350.31",1045247.72
17-06-2025,POS VISHAL MEGA MART PATNA,083317099233,"2,650.84",,1042596.88
18-06-2025,UPI/DR/728832283462/Indane/ICICI/indanegas@upi/UPI,933095564222,800.31,,1041796.57
19-06-2025,UPI/DR/963324793440/Paytm/ICICI/paytm@paytm/UPI,666612504071,210.26,,1041586.31
19-06-2025,UPI/DR/336481389153/Hathway/RAZORPAY/broadband@paytm/UPI,792818166362,"1,249.00",,1040337.31
22-06-2025,POS SHOPPERS STOP PATNA,404501052802,"1,300.63",,1039036.68
22-06-2025,UPI/DR/858971629637/MSEDCL/UPIN/msedclpayment@upi/UPI,873582744656,"2,300.45",,1036736.23
23-06-2025,UPI/DR/329453325605/Paytm/ICICI/paytm@paytm/UPI,885092996911,740.46,,1035995.77
24-06-2025,POS MAX FASHION PATNA,644029577611,"7,200.42",,1028795.35
24-06-2025,UPI/CR/532437539428/Rakesh/UTIB/rakeshnamb19@kotak/UPI,282334148683,,"20,450.75",1049246.10
24-06-2025,UPI/DR/992698342024/Sushma/BARB/sushma290@paytm/UPI,404349276639,"15,700.79",,1033545.31
26-06-2025,SERVICE CHARGES,901237732246,260.00,,1033285.31
26-06-2025,GST ON CHARGES,908121207554,46.80,,1033238.51
27-06-2025,POS D MART PATNA,881115621917,"1,300.40",,1031938.11
27-06-2025,UPI/CR/008362911961/Kapil/HDFC/kapil575@pthdfc/UPI,624159144241,,"7,150.24",1039088.35
28-06-2025,UPI/DR/752648458069/Airtel/PAYTM/vi@airtelaxis/UPI,026041769202,189.00,,1038899.35
28-06-2025,UPI/CR/889989512427/Sanjay/KKBK/sanjaymeht48@oksbi/UPI,281038812256,,"18,950.70",1057850.05
28-06-2025,INTEREST CREDIT,965781783771,,245.00,1058095.05
28-06-2025,UPI/DR/806855059733/Flipkart/ICICI/flipkart@ybl/UPI,648773204563,"1,580.29",,1056514.76
28-06-2025,UPI/DR/286501780073/Ola/PAYTM/olamoney@ola/UPI,302971273286,680.92,,1055833.84
29-06-2025,UPI/DR/750436645863/Blinkit/ICICI/blinkit@kotak/UPI,379089350978,500.95,,1055332.89
29-06-2025,IMPS-856489165840-Seema Mishra,645089323151,"33,600.24",,1021732.65
30-06-2025,UPI/CR/635025506850/Lalit/UCBA/lalit394@okaxis/UPI,722959458205,,"12,350.81",1034083.46
01-07-2025,UPI/DR/069096348721/Shivam/SBIN/9271040599@okicici/UPI,760592560541,"18,900.33",,1015183.13
01-07-2025,UPI/CR/479728826294/Pallavi/BARB/pallavi854@ptsbi/UPI,384316925608,,"14,300.98",1029484.11
01-07-2025,UPI/DR/593411963288/Rapido/PAYTM/rapido@icici/UPI,879366503371,200.03,,1029284.08
01-07-2025,POS BHARAT PETROLEUM PATNA,388852577646,"2,200.35",,1027083.73
03-07-2025,ATM CASH WITHDRAWAL/20216/PATNA,798031805710,"1,500.00",,1025583.73
03-07-2025,UPI/DR/187951410956/BSNL/ICICI/bsnlbroadband@upi/UPI,346352359418,"1,170.56",,1024413.17
05-07-2025,UPI/DR/880265980527/Rapido/PAYTM/rapido@icici/UPI,143997843347,420.06,,1023993.11
05-07-2025,SALARY CREDIT/S4890015060783/Madura Garments Pvt Ltd,828416566274,,"50,694.94",1074688.05
05-07-2025,UPI/DR/331307584257/Swiggy/ICICI/swiggy@icici/UPI,184926227223,"1,700.10",,1072987.95
06-07-2025,UPI/CR/717379252516/Vishal/UTIB/vishalpill56@axl/UPI,003060391101,,"16,500.40",1089488.35
07-07-2025,UPI/DR/951828656487/Hathway/RAZORPAY/broadband@paytm/UPI,129637847585,"1,049.00",,1088439.35
07-07-2025,UPI/DR/314445303822/Airtel/PAYTM/vi@airtelaxis/UPI,067913342974,299.00,,1088140.35
07-07-2025,NACH/MANDATE/RNT6810772/RENT MANDATE,315140277684,"18,500.00",,1069640.35
08-07-2025,UPI/DR/102767239731/Shweta/KKBK/shwetasaxe73@ybl/UPI,337449897593,"2,500.63",,1067139.72
09-07-2025,POS SHELL FUEL STATION PATNA,794294145314,"2,050.22",,1065089.50
09-07-2025,ATM CASH WITHDRAWAL/15242/PATNA,572881983333,"9,000.00",,1056089.50
09-07-2025,UPI/DR/988556614702/Uber/PAYTM/uber@paytm/UPI,064437584175,210.87,,1055878.63
09-07-2025,ATM CASH WITHDRAWAL/97882/PATNA,515891759663,"4,000.00",,1051878.63
09-07-2025,UPI/CR/840371114354/Anil/SBIN/5618810361@apl/UPI,434364810767,,"13,300.76",1065179.39
10-07-2025,NACH/MANDATE/LN725233715527/ICICI Bank Home Loan,805204322093,"10,500.00",,1054679.39
11-07-2025,UPI/DR/241386437126/Myntra/PAYTM/myntra@ybl/UPI,424214820913,"4,300.22",,1050379.17
11-07-2025,UPI/DR/392973697334/BigBasket/ICICI/bigbasket@ybl/UPI,440464850219,"1,150.14",,1049229.03
11-07-2025,UPI/DR/365820759340/Ola/ICICI/olamoney@ola/UPI,887823811184,"2,110.57",,1047118.46
12-07-2025,UPI/DR/791338258019/Ola/ICICI/olamoney@ola/UPI,846065957746,"2,240.55",,1044877.91
12-07-2025,UPI/DR/026781817445/Blinkit/ICICI/blinkit@kotak/UPI,015945920509,"1,130.44",,1043747.47
12-07-2025,UPI/DR/903146574638/Airtel/PAYTM/vi@airtelaxis/UPI,084002163770,399.00,,1043348.47
12-07-2025,UPI/DR/571793042005/Flipkart/PAYTM/flipkart@ybl/UPI,067416439345,"4,900.23",,1038448.24
12-07-2025,UPI/DR/367448521839/Paytm/ICICI/paytm@paytm/UPI,224100710577,"1,300.12",,1037148.12
12-07-2025,ATM CASH WITHDRAWAL/55459/PATNA,701510823628,"5,000.00",,1032148.12
14-07-2025,UPI/DR/979573710069/Rekha/SBIN/rekha.sethi@oksbi/UPI,080110106801,"20,200.39",,1011947.73
14-07-2025,UPI/DR/153735745518/Indane/ICICI/indanegas@upi/UPI,196732124305,"1,000.83",,1010946.90
15-07-2025,POS V MART PATNA,230763812025,"6,250.21",,1004696.69
15-07-2025,POS MAX FASHION PATNA,148355339523,"3,400.97",,1001295.72
16-07-2025,POS RELIANCE PETROLEUM PATNA,482429779534,"2,750.39",,998545.33
18-07-2025,UPI/DR/746358713850/Swiggy/ICICI/swiggy@icici/UPI,642762581788,"2,140.41",,996404.92
18-07-2025,UPI/DR/380875547384/Uber/PAYTM/uber@paytm/UPI,375464461640,400.52,,996004.40
18-07-2025,UPI/DR/760073734574/Uber/ICICI/uber@paytm/UPI,132306621139,800.39,,995204.01
18-07-2025,UPI/DR/507659888856/Ola/ICICI/olamoney@ola/UPI,314496235114,"1,960.99",,993243.02
19-07-2025,UPI/DR/680595664629/Lalit/BDBL/lalit416@axl/UPI,753311110382,"1,200.03",,992042.99
19-07-2025,NACH/MANDATE/SIP7119027/Axis Mutual Fund,009417876477,"9,500.00",,982542.99
19-07-2025,UPI/DR/774964792155/Ola/ICICI/olamoney@ola/UPI,029849069153,840.20,,981702.79
19-07-2025,UPI/DR/635202340730/Dunzo/ICICI/dunzo@razorpay/UPI,524743578666,"1,420.88",,980281.91
21-07-2025,UPI/DR/206023188638/Flipkart/ICICI/flipkart@ybl/UPI,880585203743,140.48,,980141.43
22-07-2025,UPI/DR/379086780799/Meena/UTIB/meena128@kotak/UPI,694386504856,"6,050.61",,974090.82
23-07-2025,UPI/DR/376244220338/MSEDCL/UPIN/msedclpayment@upi/UPI,340634096376,950.66,,973140.16
24-07-2025,UPI/DR/908820243132/Sarita/UCBA/sarita668@ptyes/UPI,841625086026,"18,300.43",,954839.73
24-07-2025,UPI/DR/936794195777/Amazon/ICICI/amazon@apl/UPI,577590889189,"1,900.42",,952939.31
26-07-2025,UPI/DR/140223900995/Nykaa/ICICI/nykaa@razorpay/UPI,745722564721,349.00,,952590.31
26-07-2025,ATM CASH WITHDRAWAL/35804/PATNA,560781557955,"2,000.00",,950590.31
26-07-2025,UPI/DR/875998277213/Ola/PAYTM/olamoney@ola/UPI,817652132512,860.79,,949729.52
26-07-2025,POS LIFESTYLE STORES PATNA,472567926475,"4,400.71",,945328.81
26-07-2025,UPI/DR/331183597186/Neha/FDRL/nehapati47@axl/UPI,929961637317,"13,050.83",,932277.98
27-07-2025,ATM CASH WITHDRAWAL/50581/PATNA,889666694696,"1,000.00",,931277.98
28-07-2025,UPI/DR/732590650678/Blinkit/ICICI/blinkit@kotak/UPI,338639097204,970.15,,930307.83
28-07-2025,POS METRO CASH CARRY PATNA,859166051647,"6,600.59",,923707.24
28-07-2025,POS VISHAL MEGA MART PATNA,507212160441,"5,150.66",,918556.58
29-07-2025,POS BRAND FACTORY PATNA,753594824797,"3,400.94",,915155.64
01-08-2025,POS PANTALOONS PATNA,156910541504,"6,400.03",,908755.61
01-08-2025,UPI/DR/306854217186/PhonePe/ICICI/phonepe@ybl/UPI,097354013102,"1,750.68",,907004.93
03-08-2025,UPI/CR/430716161406/Renu/UCBA/renu580@aubank/UPI,624864312917,,"10,400.83",917405.76
03-08-2025,SALARY CREDIT/S8300088280162/Madura Garments Pvt Ltd,839478005189,,"50,102.94",967508.70
04-08-2025,NACH/MANDATE/RNT0057111/RENT MANDATE,772440570308,"18,500.00",,949008.70
04-08-2025,ATM CASH WITHDRAWAL/15846/PATNA,395483943895,"6,500.00",,942508.70
05-08-2025,UPI/DR/398408805133/Jio/ICICI/jio@paytm/UPI,971877510251,330.30,,942178.40
05-08-2025,UPI/DR/154273737860/Uber/PAYTM/uber@paytm/UPI,908234503622,820.42,,941357.98
07-08-2025,UPI/DR/769002986438/Airtel/PAYTM/vi@airtelaxis/UPI,951351021435,879.00,,940478.98
09-08-2025,UPI/DR/037978280947/BigBasket/ICICI/bigbasket@ybl/UPI,785146327580,"2,710.41",,937768.57
09-08-2025,POS BIG BAZAAR PATNA,183694302558,"4,700.29",,933068.28
10-08-2025,UPI/CR/830280758497/Shivam/SBIN/shivam407@apl/UPI,396084957858,,"1,550.10",934618.38
10-08-2025,ATM CASH WITHDRAWAL/49656/PATNA,410591895667,"5,000.00",,929618.38
11-08-2025,NACH/MANDATE/LN725233715527/ICICI Bank Home Loan,371323528377,"10,500.00",,919118.38
11-08-2025,UPI/DR/295507007902/MSEDCL/UPIN/msedclpayment@upi/UPI,396170382419,"2,650.61",,916467.77
11-08-2025,UPI/DR/291754931938/Meesho/PAYTM/meesho@ybl/UPI,145491432066,"5,700.90",,910766.87
12-08-2025,UPI/DR/519579621627/Airtel/PAYTM/vi@airtelaxis/UPI,077327320911,709.00,,910057.87
12-08-2025,UPI/DR/602042452919/Airtel/PAYTM/vi@airtelaxis/UPI,880053424691,939.00,,909118.87
12-08-2025,UPI/CR/304666824635/Sapna/FDRL/sapna288@ybl/UPI,355172102341,,"17,950.54",927069.41
12-08-2025,IMPS-842544412971-Kavya Khanna,955455353752,"4,600.70",,922468.71
13-08-2025,NACH/MANDATE/SIP3919821/Axis Mutual Fund,717642528038,"9,500.00",,912968.71
14-08-2025,UPI/DR/498893532834/Airtel/PAYTM/vi@airtelaxis/UPI,070258448183,919.00,,912049.71
15-08-2025,POS D MART PATNA,979968422909,"2,100.23",,909949.48
15-08-2025,UPI/DR/656792267239/Uber/PAYTM/uber@paytm/UPI,829278101784,220.31,,909729.17
16-08-2025,POS V MART PATNA,059550599052,350.25,,909378.92
16-08-2025,UPI/DR/018082386970/Nykaa/PAYTM/nykaa@razorpay/UPI,188471561890,"1,650.60",,907728.32
17-08-2025,UPI/DR/828267944485/Uber/PAYTM/uber@paytm/UPI,061114112555,540.47,,907187.85
17-08-2025,ATM CASH WITHDRAWAL/09452/PATNA,233119838360,"7,500.00",,899687.85
19-08-2025,UPI/CR/682172433951/Maya/UCBA/maya843@apl/UPI,388946790604,,"11,500.82",911188.67
19-08-2025,UPI/DR/015050074397/Ola/PAYTM/olamoney@ola/UPI,067035480009,190.29,,910998.38
19-08-2025,UPI/DR/517007646982/Airtel/PAYTM/vi@airtelaxis/UPI,441229423976,369.00,,910629.38
21-08-2025,UPI/DR/413893749026/Manoj/UTIB/manoj158@ptyes/UPI,924601833720,"2,250.32",,908379.06
21-08-2025,UPI/DR/230185181856/Sunil/PUNB/sunil864@apl/UPI,673334620671,"8,000.07",,900378.99
21-08-2025,UPI/DR/441023060532/Jio/ICICI/jio@paytm/UPI,431272069264,"2,720.32",,897658.67
21-08-2025,UPI/CR/177791903635/Kavya/BKID/4335396531@kotak/UPI,377851478893,,"9,550.54",907209.21
23-08-2025,UPI/DR/561131204185/Paytm/ICICI/paytm@paytm/UPI,798974548171,"1,770.53",,905438.68
24-08-2025,UPI/DR/906112259561/Rapido/PAYTM/rapido@icici/UPI,073186914914,180.79,,905257.89
24-08-2025,UPI/DR/514894435363/Paytm/ICICI/paytm@paytm/UPI,963454368210,930.86,,904327.03
26-08-2025,UPI/DR/781594110340/Indane/ICICI/indanegas@upi/UPI,795642463156,"1,500.54",,902826.49
26-08-2025,UPI/DR/293677344917/Flipkart/ICICI/flipkart@ybl/UPI,968922688533,"2,750.80",,900075.69
26-08-2025,UPI/DR/647238025083/Paytm/ICICI/paytm@paytm/UPI,044685438341,"1,570.01",,898505.68
27-08-2025,UPI/DR/969528438000/Meena/HDFC/6273917612@okaxis/UPI,707998766313,"8,650.13",,889855.55
27-08-2025,POS BHARAT PETROLEUM PATNA,376934439563,"2,100.01",,887755.54
27-08-2025,UPI/DR/385161811756/Uber/PAYTM/uber@paytm/UPI,882750918139,400.91,,887354.63
28-08-2025,UPI/DR/708212807163/Kunal/BDBL/2772924973@oksbi/UPI,752136694443,"15,500.58",,871854.05
28-08-2025,ATM CASH WITHDRAWAL/94515/PATNA,712721041080,"3,000.00",,868854.05
28-08-2025,UPI/DR/236269171789/Manoj/SBIN/5902082406@okaxis/UPI,089185773108,"10,550.22",,858303.83
29-08-2025,ATM CASH WITHDRAWAL/70902/PATNA,536376262557,"3,500.00",,854803.83
29-08-2025,ATM CASH WITHDRAWAL/19745/PATNA,794901213213,"8,500.00",,846303.83
30-08-2025,UPI/DR/139696101546/Sunita/FDRL/sunitadutt72@oksbi/UPI,614097514634,"5,950.07",,840353.76
31-08-2025,POS HP PETROL PUMP PATNA,290775889772,"3,700.88",,836652.88
31-08-2025,POS LIFESTYLE STORES PATNA,703312393713,"2,500.43",,834152.45
01-09-2025,UPI/CR/185616007246/Sarita/UCBA/2885439183@okhdfcbank/UPI,710810730683,,"16,400.56",850553.01
01-09-2025,UPI/DR/739073609258/Deepak/BDBL/deepak924@ptaxis/UPI,351336331275,"9,950.79",,840602.22
01-09-2025,UPI/DR/127456194292/Rapido/PAYTM/rapido@icici/UPI,299617438655,400.94,,840201.28
01-09-2025,POS RELIANCE PETROLEUM PATNA,643056475836,"3,700.81",,836500.47
02-09-2025,UPI/DR/756651425283/BigBasket/ICICI/bigbasket@ybl/UPI,905334968238,"1,320.68",,835179.79
02-09-2025,UPI/DR/317074927078/Ola/PAYTM/olamoney@ola/UPI,727419594496,690.52,,834489.27
03-09-2025,UPI/CR/358675851498/Vandana/UCBA/vandana421@okicici/UPI,616632279599,,"9,450.78",843940.05
03-09-2025,UPI/DR/451671970825/Uber/PAYTM/uber@paytm/UPI,367387218771,690.44,,843249.61
04-09-2025,UPI/DR/814979658137/BSNL/ICICI/bsnlbroadband@upi/UPI,638418718969,810.50,,842439.11
05-09-2025,SALARY CREDIT/S3526012444384/Madura Garments Pvt Ltd,274668355560,,"49,335.94",891775.05
06-09-2025,UPI/DR/645984309188/Ola/PAYTM/olamoney@ola/UPI,030903830216,320.19,,891454.86
06-09-2025,UPI/DR/197062002704/Airtel/PAYTM/vi@airtelaxis/UPI,746209259182,979.00,,890475.86
06-09-2025,NACH/MANDATE/RNT4403956/RENT MANDATE,627483228656,"18,500.00",,871975.86
07-09-2025,NACH/MANDATE/LN725233715527/ICICI Bank Home Loan,422859595816,"10,500.00",,861475.86
07-09-2025,UPI/DR/658631118182/Max/LICI/licindia@licindia/UPI,223690248406,"3,300.00",,858175.86
07-09-2025,IMPS-091194850093-Geeta Khanna,943843149946,"10,100.52",,848075.34
07-09-2025,POS STAR BAZAAR PATNA,290356925825,"1,450.63",,846624.71
08-09-2025,UPI/DR/712019521735/Jio/ICICI/jio@paytm/UPI,855113437515,"1,820.48",,844804.23
09-09-2025,POS SHOPPERS STOP PATNA,834376196747,"3,300.56",,841503.67
09-09-2025,UPI/DR/549434719991/Rapido/PAYTM/rapido@icici/UPI,870576388216,130.12,,841373.55
10-09-2025,UPI/CR/315687597768/Sapna/SBIN/sapnanaik62@upi/UPI,229802513257,,"11,800.32",853173.87
10-09-2025,UPI/DR/123356282683/Hathway/RAZORPAY/broadband@paytm/UPI,582823268077,999.00,,852174.87
10-09-2025,UPI/DR/957715463377/Blinkit/ICICI/blinkit@kotak/UPI,857407246782,"1,790.65",,850384.22
10-09-2025,UPI/DR/255578599130/Ashish/BKID/3018841650@ptyes/UPI,286111232888,"12,000.44",,838383.78
11-09-2025,UPI/DR/623719578482/Indane/ICICI/indanegas@upi/UPI,703557914280,"2,200.71",,836183.07
11-09-2025,UPI/DR/205823650191/Pooja/BARB/poojaseth27@ptaxis/UPI,322954766877,"18,200.01",,817983.06
12-09-2025,UPI/DR/803921178569/Lata/FDRL/lata.iyer@axl/UPI,197689028902,"6,250.32",,811732.74
12-09-2025,UPI/DR/451333736954/Meesho/PAYTM/meesho@ybl/UPI,406193706307,300.50,,811432.24
12-09-2025,NACH/MANDATE/SIP7178906/Axis Mutual Fund,416701384082,"9,500.00",,801932.24
13-09-2025,UPI/DR/527166758573/BSNL/ICICI/bsnlbroadband@upi/UPI,302911013591,700.50,,801231.74
14-09-2025,POS BHARAT PETROLEUM PATNA,707478587324,"2,500.86",,798730.88
15-09-2025,POS VISHAL MEGA MART PATNA,571644549933,"2,000.25",,796730.63
15-09-2025,UPI/DR/782106424154/MSEDCL/UPIN/msedclpayment@upi/UPI,082641761297,"3,050.90",,793679.73
15-09-2025,POS D MART PATNA,997027396990,"5,250.85",,788428.88
16-09-2025,POS SHELL FUEL STATION PATNA,163769787805,"3,200.22",,785228.66
16-09-2025,UPI/DR/054285796072/Zomato/ICICI/zomato@axisbank/UPI,839510578842,"1,520.12",,783708.54
18-09-2025,POS SHELL FUEL STATION PATNA,710291820921,"2,800.63",,780907.91
19-09-2025,UPI/DR/932328799256/Ola/ICICI/olamoney@ola/UPI,792403431122,"1,610.05",,779297.86
20-09-2025,POS MORE SUPER MARKET PATNA,563477376441,"5,850.65",,773447.21
20-09-2025,UPI/DR/657689685822/Uber/PAYTM/uber@paytm/UPI,895879376629,210.50,,773236.71
20-09-2025,UPI/CR/986962343726/Amit/BKID/amit.dubey@axl/UPI,740772503453,,"7,050.93",780287.64
21-09-2025,POS STAR BAZAAR PATNA,365561959953,"4,050.70",,776236.94
21-09-2025,UPI/CR/726450757103/Sanjay/BKID/6150588221@paytm/UPI,881901033736,,"1,600.78",777837.72
23-09-2025,UPI/DR/508721190421/Swiggy/ICICI/swiggy@icici/UPI,403530660610,910.03,,776927.69
23-09-2025,UPI/DR/483418790734/Zepto/ICICI/zepto@apl/UPI,892104670589,"2,580.01",,774347.68
25-09-2025,POS LIFESTYLE STORES PATNA,108635912338,"1,600.87",,772746.81
25-09-2025,UPI/CR/331199319632/Girish/BDBL/girish892@ptyes/UPI,161969142290,,"6,100.09",778846.90
25-09-2025,UPI/DR/350237981576/Meesho/PAYTM/meesho@ybl/UPI,874054864486,"5,100.80",,773746.10
25-09-2025,ATM CASH WITHDRAWAL/69552/PATNA,557193199823,"6,500.00",,767246.10
26-09-2025,UPI/DR/014556986475/Jio/ICICI/jio@paytm/UPI,550176864346,"1,850.66",,765395.44
26-09-2025,UPI/CR/090096733905/Vishal/UCBA/3638875399@kotak/UPI,865083063421,,"5,100.87",770496.31
26-09-2025,UPI/DR/711599432266/Airtel/PAYTM/vi@airtelaxis/UPI,713671292758,219.00,,770277.31
26-09-2025,UPI/DR/209501318317/Paytm/ICICI/paytm@paytm/UPI,563500040886,340.24,,769937.07
26-09-2025,INTEREST CREDIT,144192069615,,290.68,770227.75
26-09-2025,UPI/DR/451873720822/Dunzo/ICICI/dunzo@razorpay/UPI,354704243511,"1,760.55",,768467.20
27-09-2025,UPI/DR/072210753036/Uber/ICICI/uber@paytm/UPI,241988558700,860.60,,767606.60
27-09-2025,ATM CASH WITHDRAWAL/32226/PATNA,280691313029,"9,000.00",,758606.60
28-09-2025,UPI/DR/164377763952/Zomato/ICICI/zomato@axisbank/UPI,553666214980,"1,670.75",,756935.85
29-09-2025,UPI/CR/915401157830/Mohit/UCBA/mohit106@okhdfcbank/UPI,405803154149,,"6,850.09",763785.94
29-09-2025,UPI/DR/659901675187/Meena/PUNB/meena355@ibl/UPI,456841694008,"8,050.85",,755735.09
29-09-2025,UPI/DR/747836777997/Ritu/KKBK/1271801392@okaxis/UPI,059547053118,"9,250.37",,746484.72
30-09-2025,UPI/CR/992038699093/Vikas/BARB/3235460370@okhdfcbank/UPI,952843520646,,"15,100.15",761584.87
30-09-2025,UPI/DR/411139028820/Jio/ICICI/jio@paytm/UPI,633534568753,470.72,,761114.15
01-10-2025,UPI/DR/919219957371/Zepto/ICICI/zepto@apl/UPI,297962229780,"2,370.92",,758743.23
01-10-2025,UPI/DR/858796516468/Kavita/BARB/kavita.das@ibl/UPI,952219818373,"15,450.81",,743292.42
01-10-2025,ATM CASH WITHDRAWAL/39262/PATNA,299563904976,"1,500.00",,741792.42
01-10-2025,UPI/DR/673229916064/Swiggy/ICICI/swiggy@icici/UPI,459187551902,"1,400.16",,740392.26
02-10-2025,POS BHARAT PETROLEUM PATNA,937085368949,"1,400.65",,738991.61
03-10-2025,SALARY CREDIT/S5922653522282/Madura Garments Pvt Ltd,846541247507,,"51,147.94",790139.55
03-10-2025,UPI/DR/490213356472/Jio/ICICI/jio@paytm/UPI,380605071476,"1,880.20",,788259.35
03-10-2025,UPI/DR/528096811998/BSNL/ICICI/bsnlbroadband@upi/UPI,837142385737,"2,320.16",,785939.19
04-10-2025,ATM CASH WITHDRAWAL/61726/PATNA,223773712308,"4,500.00",,781439.19
04-10-2025,NACH/MANDATE/RNT6323604/RENT MANDATE,990141801098,"18,500.00",,762939.19
06-10-2025,UPI/DR/388566229180/Flipkart/PAYTM/flipkart@ybl/UPI,915700124866,"1,450.24",,761488.95
07-10-2025,UPI/DR/964603011561/Yogesh/KKBK/yogesh721@ibl/UPI,466205242730,"8,650.50",,752838.45
07-10-2025,UPI/DR/931260785935/Airtel/PAYTM/vi@airtelaxis/UPI,503946943039,639.00,,752199.45
08-10-2025,POS VISHAL MEGA MART PATNA,917032711713,"6,350.74",,745848.71
09-10-2025,UPI/DR/705984894048/Meesho/PAYTM/meesho@ybl/UPI,071477001858,"3,650.56",,742198.15
10-10-2025,NACH/MANDATE/LN725233715527/ICICI Bank Home Loan,494273350685,"10,500.00",,731698.15
11-10-2025,POS CENTRAL MALL PATNA,557403140193,"6,250.25",,725447.90
12-10-2025,IMPS-428773507763-Kiran Shah,684216269790,"26,700.76",,698747.14
12-10-2025,UPI/DR/411606162998/Swiggy/ICICI/swiggy@icici/UPI,811712416914,590.89,,698156.25
13-10-2025,UPI/DR/588469220766/BigBasket/ICICI/bigbasket@ybl/UPI,958204867708,"1,720.25",,696436.00
13-10-2025,UPI/DR/744157869172/Airtel/PAYTM/vi@airtelaxis/UPI,451642800402,709.00,,695727.00
13-10-2025,UPI/DR/857182505172/Indane/ICICI/indanegas@upi/UPI,439524536675,"2,050.45",,693676.55
14-10-2025,UPI/DR/627640012196/IRCTC/ICICI/irctc@upi/UPI,638862675430,749.00,,692927.55
17-10-2025,NACH/MANDATE/SIP3805359/Axis Mutual Fund,596713636086,"9,500.00",,683427.55
17-10-2025,UPI/DR/821377371296/Santosh/UTIB/santoshshar24@ptsbi/UPI,864573240397,"1,350.01",,682077.54
18-10-2025,POS VISHAL MEGA MART PATNA,382293004255,"2,250.99",,679826.55
19-10-2025,POS LIFESTYLE STORES PATNA,401657045350,"3,350.61",,676475.94
19-10-2025,UPI/DR/451308264114/Zomato/ICICI/zomato@axisbank/UPI,379177998716,400.99,,676074.95
19-10-2025,ATM CASH WITHDRAWAL/80857/PATNA,834064856829,"10,000.00",,666074.95
19-10-2025,UPI/DR/618835009779/PhonePe/ICICI/phonepe@ybl/UPI,453267529329,330.31,,665744.64
19-10-2025,POS BRAND FACTORY PATNA,947089206385,800.89,,664943.75
20-10-2025,UPI/CR/617354479657/Ashish/KKBK/ashishpill63@ptaxis/UPI,984511521506,,"18,750.44",683694.19
20-10-2025,UPI/DR/424555423938/MSEDCL/UPIN/msedclpayment@upi/UPI,201748579579,"1,600.42",,682093.77
20-10-2025,UPI/DR/387470357483/Manish/PUNB/manish981@okicici/UPI,489672032294,"14,150.57",,667943.20
20-10-2025,POS D MART PATNA,994735205219,"2,150.72",,665792.48
21-10-2025,UPI/DR/671446831249/Hathway/RAZORPAY/broadband@paytm/UPI,652156299462,949.00,,664843.48
21-10-2025,UPI/CR/179607202988/Vivek/UTIB/vivekbaja70@ptyes/UPI,744967134848,,"12,800.23",677643.71
21-10-2025,POS MAX FASHION PATNA,439312307489,"7,600.43",,670043.28
22-10-2025,UPI/CR/970575021100/Naveen/SBIN/naveen741@ybl/UPI,452421583839,,"19,850.78",689894.06
22-10-2025,UPI/DR/600120528317/Kiran/HDFC/1978281250@ptaxis/UPI,479906977066,"16,850.08",,673043.98
23-10-2025,UPI/CR/982329615087/Vandana/BARB/vandana.shah@ptyes/UPI,206115206876,,"15,850.27",688894.25
23-10-2025,POS BHARAT PETROLEUM PATNA,172907506671,"3,100.27",,685793.98
24-10-2025,UPI/DR/067435005753/Abhishek/PUNB/abhishekredd88@okhdfcbank/UPI,829744147377,"2,200.91",,683593.07
24-10-2025,UPI/DR/949358862750/Airtel/PAYTM/vi@airtelaxis/UPI,345653481340,279.00,,683314.07
24-10-2025,UPI/DR/352841969765/Meesho/PAYTM/meesho@ybl/UPI,384540743473,450.86,,682863.21
25-10-2025,ATM CASH WITHDRAWAL/70202/PATNA,201865962131,"1,000.00",,681863.21
25-10-2025,UPI/DR/325925815654/Airtel/PAYTM/vi@airtelaxis/UPI,223526407278,689.00,,681174.21
25-10-2025,UPI/DR/023398716852/Zepto/ICICI/zepto@apl/UPI,359679625212,"2,420.43",,678753.78
26-10-2025,UPI/DR/698521863453/Uber/PAYTM/uber@paytm/UPI,677620282181,170.40,,678583.38
27-10-2025,UPI/DR/462466663921/Rapido/PAYTM/rapido@icici/UPI,577604496012,480.14,,678103.24
28-10-2025,UPI/DR/143407613986/PhonePe/ICICI/phonepe@ybl/UPI,396376868033,"1,640.51",,676462.73
28-10-2025,IMPS-986570121577-Mohit Pillai,008425639230,"29,100.58",,647362.15
28-10-2025,UPI/DR/233590324986/Ola/PAYTM/olamoney@ola/UPI,118530410292,860.03,,646502.12
29-10-2025,UPI/CR/453321893868/Sneha/SBIN/snehakapo81@okhdfcbank/UPI,742907877412,,"18,750.97",665253.09
31-10-2025,UPI/DR/428516803251/PhonePe/ICICI/phonepe@ybl/UPI,963979074812,"1,000.48",,664252.61
31-10-2025,UPI/DR/197280640458/Flipkart/ICICI/flipkart@ybl/UPI,536352680689,"2,790.15",,661462.46
01-11-2025,UPI/DR/562433468926/Blinkit/ICICI/blinkit@kotak/UPI,338091610428,"1,320.26",,660142.20
01-11-2025,UPI/DR/150366311980/Jio/ICICI/jio@paytm/UPI,326330251987,"2,300.44",,657841.76
01-11-2025,UPI/DR/784342616728/Krishna/FDRL/krishnabane80@kotak/UPI,080838690243,"2,800.68",,655041.08
01-11-2025,UPI/DR/213742899870/Naresh/HDFC/6467680442@ptyes/UPI,734183036412,"13,850.48",,641190.60
01-11-2025,UPI/DR/608461970194/Flipkart/ICICI/flipkart@ybl/UPI,339277601564,"1,380.66",,639809.94
02-11-2025,UPI/CR/640097314318/Prashant/BDBL/prashant.dubey@okicici/UPI,769086475145,,"18,350.52",658160.46
02-11-2025,UPI/DR/333083185721/Girish/HDFC/9054667189@upi/UPI,724941877897,"7,600.92",,650559.54
04-11-2025,UPI/DR/931650086936/BSNL/ICICI/bsnlbroadband@upi/UPI,064868112154,"1,590.72",,648968.82
04-11-2025,UPI/DR/530491461378/Amazon/ICICI/amazon@apl/UPI,079255334265,"2,640.17",,646328.65
04-11-2025,UPI/DR/618366350665/Sonia/BKID/sonia628@ptyes/UPI,167773666162,"12,700.55",,633628.10
04-11-2025,SALARY CREDIT/S6702179582598/Madura Garments Pvt Ltd,344711122891,,"48,963.94",682592.04
04-11-2025,ATM CASH WITHDRAWAL/63513/PATNA,025700062309,"2,000.00",,680592.04
04-11-2025,UPI/DR/544216336211/Blinkit/ICICI/blinkit@kotak/UPI,064499634231,"1,200.89",,679391.15
04-11-2025,UPI/DR/719077659796/Ola/PAYTM/olamoney@ola/UPI,114472125425,560.19,,678830.96
06-11-2025,NACH/MANDATE/RNT9603505/RENT MANDATE,030521733072,"18,500.00",,660330.96
07-11-2025,UPI/DR/352236283277/Amazon/ICICI/amazon@apl/UPI,433502521835,"1,690.15",,658640.81
07-11-2025,UPI/DR/589353510616/Uber/PAYTM/uber@paytm/UPI,146830752417,240.26,,658400.55
08-11-2025,UPI/DR/446961712718/Myntra/PAYTM/myntra@ybl/UPI,940934122959,"4,600.03",,653800.52
08-11-2025,NACH/MANDATE/LN725233715527/ICICI Bank Home Loan,201682780695,"10,500.00",,643300.52
09-11-2025,UPI/DR/534836402196/Hathway/RAZORPAY/broadband@paytm/UPI,593689503007,349.00,,642951.52
09-11-2025,UPI/DR/742034480096/Airtel/PAYTM/vi@airtelaxis/UPI,838489879123,379.00,,642572.52
10-11-2025,UPI/CR/218036648424/Kapil/FDRL/kapil783@ybl/UPI,610943555889,,"10,700.13",653272.65
11-11-2025,POS PANTALOONS PATNA,086237715047,"7,100.05",,646172.60
11-11-2025,UPI/DR/935446057055/Zepto/ICICI/zepto@apl/UPI,404723569291,"1,620.13",,644552.47
11-11-2025,UPI/DR/057652047405/BSNL/ICICI/bsnlbroadband@upi/UPI,837575279986,600.51,,643951.96
12-11-2025,UPI/DR/180731953179/Tarun/KKBK/tarun.dubey@aubank/UPI,012846994397,"18,450.76",,625501.20
13-11-2025,UPI/DR/870077931219/Ola/ICICI/olamoney@ola/UPI,695667653120,"2,120.63",,623380.57
13-11-2025,UPI/DR/483897935153/Ola/PAYTM/olamoney@ola/UPI,739865995842,780.93,,622599.64
13-11-2025,UPI/DR/838705332231/Airtel/PAYTM/vi@airtelaxis/UPI,627148029006,739.00,,621860.64
14-11-2025,UPI/DR/705245053953/Uber/PAYTM/uber@paytm/UPI,963408328404,740.94,,621119.70
14-11-2025,NACH/MANDATE/SIP6601215/Axis Mutual Fund,604925399820,"9,500.00",,611619.70
14-11-2025,UPI/DR/593390042585/Siddharth/KKBK/siddharthshar99@pthdfc/UPI,951084361240,"16,750.02",,594869.68
15-11-2025,POS BHARAT PETROLEUM PATNA,380496214670,"2,250.42",,592619.26
16-11-2025,ATM CASH WITHDRAWAL/12270/PATNA,016469528707,"8,000.00",,584619.26
16-11-2025,UPI/DR/045381377026/Paytm/ICICI/paytm@paytm/UPI,010019049749,"1,970.93",,582648.33
16-11-2025,UPI/CR/100193989898/Vishal/BARB/vishal.sharma@ybl/UPI,382110057834,,"2,800.75",585449.08
18-11-2025,POS LIFESTYLE STORES PATNA,094760572267,"7,150.22",,578298.86
18-11-2025,POS SHOPPERS STOP PATNA,766899660211,"8,150.08",,570148.78
18-11-2025,UPI/DR/604975027691/Flipkart/ICICI/flipkart@ybl/UPI,528356324566,"1,690.48",,568458.30
21-11-2025,UPI/DR/522990950529/MSEDCL/UPIN/msedclpayment@upi/UPI,059134848040,"2,550.06",,565908.24
21-11-2025,UPI/DR/685520889166/Indane/ICICI/indanegas@upi/UPI,525364448962,"1,100.67",,564807.57
22-11-2025,UPI/DR/627810693791/Amit/KKBK/amitmukh27@pthdfc/UPI,946038800682,"16,450.84",,548356.73
22-11-2025,POS RELIANCE MART PATNA,284500752750,"6,250.00",,542106.73
22-11-2025,ATM CASH WITHDRAWAL/31056/PATNA,363880872128,"1,000.00",,541106.73
23-11-2025,POS BIG BAZAAR PATNA,165198972685,"6,050.91",,535055.82
23-11-2025,UPI/DR/245868010522/Lalit/FDRL/lalit240@kotak/UPI,200692258789,"1,800.91",,533254.91
23-11-2025,ATM CASH WITHDRAWAL/97206/PATNA,982641881613,"6,000.00",,527254.91
24-11-2025,UPI/DR/019877356582/Rakesh/FDRL/rakesh257@okhdfcbank/UPI,087524432073,"1,150.31",,526104.60
24-11-2025,UPI/DR/916670235550/Airtel/PAYTM/vi@airtelaxis/UPI,957682666538,369.00,,525735.60
25-11-2025,UPI/DR/223977395196/Ola/ICICI/olamoney@ola/UPI,583035503343,480.43,,525255.17
25-11-2025,UPI/CR/520164638968/Himanshu/BKID/himanshukapo56@okaxis/UPI,804752466468,,"4,400.43",529655.60
26-11-2025,UPI/DR/647828387211/Airtel/PAYTM/vi@airtelaxis/UPI,512341944995,559.00,,529096.60
26-11-2025,UPI/DR/397849251140/Ola/ICICI/olamoney@ola/UPI,372217078606,840.56,,528256.04
26-11-2025,UPI/DR/614960539708/Airtel/PAYTM/vi@airtelaxis/UPI,119651717793,679.00,,527577.04
27-11-2025,UPI/DR/672829784561/Zomato/ICICI/zomato@axisbank/UPI,977731553921,"2,710.27",,524866.77
28-11-2025,UPI/DR/728689104383/Seema/PUNB/4621386064@paytm/UPI,237704795309,"4,850.01",,520016.76
29-11-2025,UPI/DR/137861547463/Rapido/PAYTM/rapido@icici/UPI,268501720129,110.59,,519906.17
29-11-2025,POS BHARAT PETROLEUM PATNA,670421731427,"4,500.92",,515405.25
30-11-2025,ATM CASH WITHDRAWAL/44974/PATNA,761182938948,"9,000.00",,506405.25
30-11-2025,UPI/DR/247319041777/Rahul/FDRL/rahul421@aubank/UPI,911927913875,"18,450.51",,487954.74
30-11-2025,POS MAX FASHION PATNA,672875768310,"8,350.84",,479603.90
01-12-2025,UPI/DR/898704181446/PhonePe/ICICI/phonepe@ybl/UPI,813416713735,"1,240.97",,478362.93
01-12-2025,UPI/DR/434503202073/BigBasket/ICICI/bigbasket@ybl/UPI,286717187948,"2,370.78",,475992.15
01-12-2025,UPI/DR/936188737257/Ritu/BDBL/ritusriv94@ibl/UPI,321889584888,"14,400.99",,461591.16
02-12-2025,UPI/DR/903674006864/Akash/BARB/akash.gupta@aubank/UPI,745788383664,150.69,,461440.47
03-12-2025,POS SHOPPERS STOP PATNA,993415425075,"5,750.42",,455690.05
03-12-2025,SALARY CREDIT/S3435725214166/Madura Garments Pvt Ltd,382884440744,,"49,342.94",505032.99
03-12-2025,UPI/DR/769321135393/Rapido/PAYTM/rapido@icici/UPI,064491601115,440.19,,504592.80
04-12-2025,UPI/DR/217263009413/Zomato/ICICI/zomato@axisbank/UPI,296122825728,"1,480.21",,503112.59
05-12-2025,POS MORE SUPER MARKET PATNA,773717196848,650.77,,502461.82
06-12-2025,UPI/DR/834242960839/Ola/PAYTM/olamoney@ola/UPI,246519351200,800.67,,501661.15
06-12-2025,UPI/DR/438625807623/Apollo/ICICI/apollopharmacy@ybl/UPI,881768683141,"3,430.47",,498230.68
07-12-2025,NACH/MANDATE/RNT5240479/RENT MANDATE,510954201271,"18,500.00",,479730.68
08-12-2025,NACH/MANDATE/LN725233715527/ICICI Bank Home Loan,001218754908,"10,500.00",,469230.68
08-12-2025,ATM CASH WITHDRAWAL/69449/PATNA,159776278298,"5,000.00",,464230.68
09-12-2025,UPI/DR/851116724336/Lata/FDRL/4144917159@ibl/UPI,044942524471,"16,100.10",,448130.58
09-12-2025,ATM CASH WITHDRAWAL/77528/PATNA,992879845999,"4,000.00",,444130.58
09-12-2025,POS MAX FASHION PATNA,531635088393,"4,400.39",,439730.19
09-12-2025,UPI/DR/086052913817/Airtel/PAYTM/vi@airtelaxis/UPI,949455849899,849.00,,438881.19
09-12-2025,UPI/DR/480204055858/Mukesh/BDBL/8853334821@oksbi/UPI,813122358018,"3,600.46",,435280.73
10-12-2025,UPI/DR/988529099714/Hathway/RAZORPAY/broadband@paytm/UPI,568968344503,999.00,,434281.73
11-12-2025,UPI/DR/313875845753/Rapido/PAYTM/rapido@icici/UPI,645404425656,870.86,,433410.87
11-12-2025,ATM CASH WITHDRAWAL/30847/PATNA,973280257870,"3,000.00",,430410.87
11-12-2025,IMPS-063504520118-Sarita Banerjee,519337966779,"21,200.40",,409210.47
11-12-2025,UPI/DR/909402866473/Max/LICI/licindia@licindia/UPI,099610121940,"3,300.00",,405910.47
12-12-2025,UPI/DR/308650603434/Ola/ICICI/olamoney@ola/UPI,673379342151,"2,060.92",,403849.55
12-12-2025,POS VISHAL MEGA MART PATNA,863744034928,"6,000.54",,397849.01
12-12-2025,POS BIG BAZAAR PATNA,079099430092,"2,550.92",,395298.09
13-12-2025,UPI/DR/780902371312/Mukesh/UCBA/mukeshverm28@ibl/UPI,406906767593,"8,200.46",,387097.63
13-12-2025,UPI/DR/524074564922/Varun/UCBA/varun522@ptaxis/UPI,359239334396,"2,050.37",,385047.26
14-12-2025,ATM CASH WITHDRAWAL/47963/PATNA,129728268254,"4,500.00",,380547.26
14-12-2025,UPI/DR/712738598343/MSEDCL/UPIN/msedclpayment@upi/UPI,723243734610,"2,150.15",,378397.11
15-12-2025,UPI/CR/647683726900/Sapna/PUNB/sapnakapo93@ptsbi/UPI,552849381511,,"21,900.09",400297.20
15-12-2025,UPI/DR/943517929603/Indane/ICICI/indanegas@upi/UPI,029431250431,"1,350.55",,398946.65
17-12-2025,UPI/DR/864347104112/Manish/SBIN/9524079835@ibl/UPI,661163327213,"13,700.88",,385245.77
17-12-2025,UPI/DR/462971452319/Amazon/ICICI/amazon@apl/UPI,141978652380,270.29,,384975.48
18-12-2025,NACH/MANDATE/SIP8939890/Axis Mutual Fund,991529002600,"9,500.00",,375475.48
18-12-2025,UPI/DR/865351034146/Zepto/ICICI/zepto@apl/UPI,097181919941,"1,180.02",,374295.46
18-12-2025,POS RELIANCE PETROLEUM PATNA,479032434526,"3,200.92",,371094.54
19-12-2025,UPI/DR/824240760410/Zepto/ICICI/zepto@apl/UPI,156189860087,520.37,,370574.17
19-12-2025,NEFT/N5012287561856/Cipla Limited,525767125231,,"21,000.81",391574.98
19-12-2025,UPI/DR/154030625959/Jio/ICICI/jio@paytm/UPI,653882936018,"1,360.24",,390214.74
20-12-2025,POS SHOPPERS STOP PATNA,541962365750,"5,600.05",,384614.69
20-12-2025,UPI/DR/196752772140/Rapido/PAYTM/rapido@icici/UPI,979422915669,540.18,,384074.51
20-12-2025,POS RELIANCE PETROLEUM PATNA,838940124143,950.98,,383123.53
21-12-2025,UPI/DR/099542443346/Swiggy/ICICI/swiggy@icici/UPI,057333239112,"1,330.56",,381792.97
21-12-2025,UPI/DR/503186801956/Nykaa/ICICI/nykaa@razorpay/UPI,969673910920,949.00,,380843.97
21-12-2025,ATM CASH WITHDRAWAL/74012/PATNA,189491518363,"6,000.00",,374843.97
21-12-2025,UPI/DR/221554923131/Uber/PAYTM/uber@paytm/UPI,252280700289,630.34,,374213.63
22-12-2025,UPI/DR/591067373767/Sumit/FDRL/sumit795@ptyes/UPI,863143258817,"10,700.78",,363512.85
22-12-2025,UPI/DR/576307602803/Kavya/BARB/7366049036@okicici/UPI,860838799630,"12,300.42",,351212.43
23-12-2025,UPI/CR/158679386722/Radha/BDBL/radha508@okaxis/UPI,352525852782,,"5,450.34",356662.77
24-12-2025,POS RELIANCE PETROLEUM PATNA,472666451504,"1,800.41",,354862.36
24-12-2025,UPI/DR/083203296122/Myntra/PAYTM/myntra@ybl/UPI,061593171025,"1,200.42",,353661.94
24-12-2025,UPI/CR/795978463831/Dinesh/KKBK/dinesh.kumar@ptaxis/UPI,134011178008,,"7,400.34",361062.28
24-12-2025,UPI/DR/795433615262/Zepto/ICICI/zepto@apl/UPI,879922267095,"1,850.08",,359212.20
25-12-2025,UPI/DR/819298250368/Amazon/PAYTM/amazon@apl/UPI,143098138254,"1,400.47",,357811.73
25-12-2025,UPI/DR/838878371997/Uber/PAYTM/uber@paytm/UPI,059172015488,740.29,,357071.44
25-12-2025,UPI/CR/566928883839/Anil/BKID/anil.singh@okicici/UPI,391991883361,,"16,300.75",373372.19
25-12-2025,INTEREST CREDIT,588563668111,,865.45,374237.64
26-12-2025,UPI/DR/221385402721/BigBasket/ICICI/bigbasket@ybl/UPI,389026129639,"1,160.98",,373076.66
26-12-2025,UPI/DR/657373090488/BigBasket/ICICI/bigbasket@ybl/UPI,877573052903,720.67,,372355.99
26-12-2025,UPI/DR/453464537845/IRCTC/ICICI/irctc@upi/UPI,885483964047,699.00,,371656.99
27-12-2025,GST ON CHARGES,429536234595,95.40,,371561.59
27-12-2025,SERVICE CHARGES,383894398403,530.00,,371031.59
27-12-2025,UPI/DR/322986072553/Airtel/PAYTM/vi@airtelaxis/UPI,084689654694,189.00,,370842.59
28-12-2025,UPI/DR/179170782752/Amazon/ICICI/amazon@apl/UPI,981070921601,"2,190.25",,368652.34
28-12-2025,UPI/DR/040036693811/Amazon/ICICI/amazon@apl/UPI,491514062974,"1,230.69",,367421.65
28-12-2025,UPI/DR/465244716291/Jio/ICICI/jio@paytm/UPI,863186065288,"2,470.96",,364950.69
31-12-2025,UPI/CR/834749392400/Rajan/KKBK/rajanshuk29@ptyes/UPI,756019835687,,"9,000.29",373950.98
01-01-2026,POS HP PETROL PUMP PATNA,099044693441,"1,800.69",,372150.29
01-01-2026,POS STAR BAZAAR PATNA,175833746055,"5,950.65",,366199.64
01-01-2026,IMPS-091336487724-Vandana Gupta,781130408273,"13,100.71",,353098.93
02-01-2026,UPI/DR/542948033884/Zepto/ICICI/zepto@apl/UPI,993859803016,"2,460.07",,350638.86
02-01-2026,UPI/CR/913033556557/Priya/BARB/priya632@kotak/UPI,812158928770,,"4,400.19",355039.05
02-01-2026,UPI/DR/932814796742/Airtel/PAYTM/vi@airtelaxis/UPI,448783707899,909.00,,354130.05
02-01-2026,ATM CASH WITHDRAWAL/01755/PATNA,893527221332,"1,000.00",,353130.05
02-01-2026,ATM CASH WITHDRAWAL/91311/PATNA,923310260961,"9,500.00",,343630.05
03-01-2026,UPI/CR/774913843726/Girish/BDBL/7500310033@paytm/UPI,639288984566,,"7,050.73",350680.78
03-01-2026,UPI/DR/248479024467/Zomato/ICICI/zomato@axisbank/UPI,660888893660,"2,790.29",,347890.49
03-01-2026,SALARY CREDIT/S2313666420369/Madura Garments Pvt Ltd,287132366648,,"50,296.94",398187.43
04-01-2026,UPI/CR/206850310450/Kavya/UTIB/kavyachat42@okicici/UPI,981641880830,,"12,500.21",410687.64
04-01-2026,IMPS-139448040318-Gaurav Nambiar,707610985363,"14,600.44",,396087.20
04-01-2026,ATM CASH WITHDRAWAL/36404/PATNA,444091004061,"2,000.00",,394087.20
04-01-2026,POS RELIANCE PETROLEUM PATNA,144687971502,"2,800.93",,391286.27
05-01-2026,UPI/DR/426373715729/Ola/PAYTM/olamoney@ola/UPI,398962833407,240.16,,391046.11
06-01-2026,NACH/MANDATE/RNT5910261/RENT MANDATE,019753899340,"18,500.00",,372546.11
07-01-2026,UPI/DR/750782551763/Sonia/KKBK/8361946171@ptsbi/UPI,010125130025,"16,100.67",,356445.44
07-01-2026,NACH/MANDATE/LN725233715527/ICICI Bank Home Loan,139450205285,"10,500.00",,345945.44
08-01-2026,UPI/DR/761107353944/Airtel/PAYTM/vi@airtelaxis/UPI,071093956868,979.00,,344966.44
08-01-2026,POS METRO CASH CARRY PATNA,060516616526,"2,650.07",,342316.37
08-01-2026,UPI/CR/931543527406/Vijay/UTIB/5477744209@axl/UPI,867745895525,,"14,900.73",357217.10
08-01-2026,UPI/DR/836100443951/Rohit/UTIB/rohittiwa84@axl/UPI,177518390827,"1,400.85",,355816.25
09-01-2026,UPI/DR/826181799872/Airtel/PAYTM/vi@airtelaxis/UPI,058434134346,469.00,,355347.25
09-01-2026,ATM CASH WITHDRAWAL/79754/PATNA,717185718486,"4,500.00",,350847.25
10-01-2026,POS MORE SUPER MARKET PATNA,088068012749,"1,900.59",,348946.66
11-01-2026,UPI/DR/346771686626/Uber/PAYTM/uber@paytm/UPI,254340767627,820.44,,348126.22
12-01-2026,UPI/DR/535298549652/Blinkit/ICICI/blinkit@kotak/UPI,569964038366,"1,620.48",,346505.74
12-01-2026,NACH/MANDATE/SIP7794618/Axis Mutual Fund,226874218116,"9,500.00",,337005.74
13-01-2026,UPI/CR/036178458208/Neha/BARB/3953667562@oksbi/UPI,590481636727,,"10,500.49",347506.23
13-01-2026,UPI/DR/337193272596/Dunzo/ICICI/dunzo@razorpay/UPI,362014237270,"1,050.81",,346455.42
14-01-2026,UPI/DR/293872144601/Zomato/ICICI/zomato@axisbank/UPI,239733117558,870.89,,345584.53
14-01-2026,POS BRAND FACTORY PATNA,292141828925,"3,250.94",,342333.59
14-01-2026,UPI/DR/024972357036/Uber/PAYTM/uber@paytm/UPI,150923853273,520.47,,341813.12
14-01-2026,POS MAX FASHION PATNA,070607065755,"7,150.76",,334662.36
15-01-2026,UPI/DR/381888988350/Flipkart/ICICI/flipkart@ybl/UPI,771064778092,"2,750.55",,331911.81
15-01-2026,UPI/DR/280140898252/Jio/ICICI/jio@paytm/UPI,670262756526,"1,440.65",,330471.16
15-01-2026,UPI/DR/596173121753/Uber/PAYTM/uber@paytm/UPI,110281171071,850.16,,329621.00
15-01-2026,UPI/DR/554684625751/Preeti/UCBA/preeti357@pthdfc/UPI,632738669475,"16,750.41",,312870.59
15-01-2026,UPI/CR/849437458154/Harish/HDFC/harishchau60@okhdfcbank/UPI,409919304244,,"6,550.71",319421.30
16-01-2026,UPI/DR/355566455851/Indane/ICICI/indanegas@upi/UPI,856691707356,"1,900.51",,317520.79
16-01-2026,UPI/DR/982826251818/Zomato/ICICI/zomato@axisbank/UPI,687124299659,380.85,,317139.94
17-01-2026,UPI/DR/869717340241/Rapido/PAYTM/rapido@icici/UPI,665359724971,500.44,,316639.50
17-01-2026,UPI/DR/063237979854/Airtel/PAYTM/vi@airtelaxis/UPI,855808307294,379.00,,316260.50
17-01-2026,UPI/DR/551421030359/Uber/ICICI/uber@paytm/UPI,347329687007,310.29,,315950.21
18-01-2026,UPI/DR/727285337588/Airtel/PAYTM/vi@airtelaxis/UPI,721562014859,999.00,,314951.21
19-01-2026,UPI/DR/180603999272/Ola/ICICI/olamoney@ola/UPI,759136965362,"1,710.37",,313240.84
19-01-2026,UPI/DR/767173567427/Flipkart/PAYTM/flipkart@ybl/UPI,277699894321,"3,400.68",,309840.16
19-01-2026,UPI/DR/219432793282/Zomato/ICICI/zomato@axisbank/UPI,526630738720,"2,500.87",,307339.29
20-01-2026,POS INDIAN OIL PATNA,056988975850,"4,000.39",,303338.90
20-01-2026,UPI/DR/024786642277/Rapido/PAYTM/rapido@icici/UPI,118830538642,840.76,,302498.14
21-01-2026,UPI/DR/752465680078/Rajesh/FDRL/rajesh.desai@ptyes/UPI,520836026476,150.79,,302347.35
21-01-2026,UPI/DR/364115564394/Saurabh/KKBK/saurabh.tiwari@okhdfcbank/UPI,508248969235,"8,600.03",,293747.32
21-01-2026,UPI/DR/212425427527/Meesho/PAYTM/meesho@ybl/UPI,195765421146,"5,800.07",,287947.25
21-01-2026,UPI/DR/579785652336/Amazon/ICICI/amazon@apl/UPI,514097427730,140.95,,287806.30
22-01-2026,UPI/DR/016241270876/MakeMyTrip/ICICI/makemytrip@axisbank/UPI,740872915277,649.00,,287157.30
22-01-2026,UPI/DR/337778306223/Dunzo/ICICI/dunzo@razorpay/UPI,852816385134,710.62,,286446.68
23-01-2026,ATM CASH WITHDRAWAL/75777/PATNA,973736520731,"9,000.00",,277446.68
23-01-2026,UPI/DR/547056778976/MSEDCL/UPIN/msedclpayment@upi/UPI,415734113581,"1,250.32",,276196.36
23-01-2026,UPI/CR/832279903131/Sumit/UTIB/sumitpate80@ptsbi/UPI,047242039231,,"9,750.69",285947.05
23-01-2026,NEFT/N8817320944981/Cipla Limited,140604422338,,"52,000.15",337947.20
24-01-2026,UPI/CR/487281104916/Rahul/FDRL/rahul624@ybl/UPI,017917943748,,400.32,338347.52
25-01-2026,POS STAR BAZAAR PATNA,661891369328,"5,200.37",,333147.15
25-01-2026,UPI/DR/822075366113/Renu/SBIN/0259823390@oksbi/UPI,435417174623,"14,150.34",,318996.81
26-01-2026,POS SHELL FUEL STATION PATNA,163756135421,"4,350.51",,314646.30
26-01-2026,UPI/CR/763010739967/Mahesh/PUNB/maheshverm29@axl/UPI,576399088181,,"9,900.19",324546.49
27-01-2026,UPI/CR/313745767800/Sunita/SBIN/sunita654@ibl/UPI,086454784219,,"1,900.01",326446.50
27-01-2026,UPI/DR/237336097302/Blinkit/ICICI/blinkit@kotak/UPI,830792457139,"2,290.82",,324155.68
28-01-2026,UPI/DR/547954714365/Hathway/RAZORPAY/broadband@paytm/UPI,338435363107,"1,049.00",,323106.68
28-01-2026,UPI/CR/540781979903/Sunita/HDFC/sunita821@ptsbi/UPI,217779716305,,"4,050.94",327157.62
29-01-2026,UPI/DR/868688856999/Swiggy/ICICI/swiggy@icici/UPI,213730446535,"1,850.48",,325307.14
30-01-2026,UPI/DR/836203111240/Blinkit/ICICI/blinkit@kotak/UPI,343649925274,"1,190.77",,324116.37
31-01-2026,POS V MART PATNA,532004621036,"5,850.20",,318266.17
01-02-2026,POS BRAND FACTORY PATNA,143543032394,"7,800.34",,310465.83
02-02-2026,UPI/DR/686482042727/Airtel/PAYTM/vi@airtelaxis/UPI,484769312355,939.00,,309526.83
02-02-2026,POS CENTRAL MALL PATNA,745221219750,"5,500.28",,304026.55
03-02-2026,UPI/CR/189050607545/Seema/PUNB/seema.singh@paytm/UPI,309773728815,,"3,250.80",307277.35
04-02-2026,ATM CASH WITHDRAWAL/18453/PATNA,952417951984,"5,500.00",,301777.35
04-02-2026,POS METRO CASH CARRY PATNA,455818464828,"6,600.51",,295176.84
04-02-2026,UPI/DR/190830763097/Rapido/PAYTM/rapido@icici/UPI,162430304842,720.17,,294456.67
04-02-2026,UPI/DR/564710039048/Ola/PAYTM/olamoney@ola/UPI,806382489810,600.92,,293855.75
04-02-2026,ATM CASH WITHDRAWAL/86914/PATNA,614526230893,"5,500.00",,288355.75
05-02-2026,UPI/DR/423873548653/Flipkart/ICICI/flipkart@ybl/UPI,224198882044,570.89,,287784.86
05-02-2026,SALARY CREDIT/S0903488210790/Madura Garments Pvt Ltd,943365222971,,"49,700.94",337485.80
06-02-2026,NACH/MANDATE/RNT2295401/RENT MANDATE,828305465484,"18,500.00",,318985.80
07-02-2026,UPI/DR/639194006431/IRCTC/ICICI/irctc@upi/UPI,817957371404,649.00,,318336.80
07-02-2026,UPI/DR/951982695523/BigBasket/ICICI/bigbasket@ybl/UPI,597081174292,740.38,,317596.42
07-02-2026,UPI/DR/528452366751/Zepto/ICICI/zepto@apl/UPI,011605279665,"1,460.72",,316135.70
08-02-2026,UPI/DR/751410010311/BigBasket/ICICI/bigbasket@ybl/UPI,674128080664,720.19,,315415.51
08-02-2026,ATM CASH WITHDRAWAL/94260/PATNA,332963384640,"8,000.00",,307415.51
09-02-2026,ATM CASH WITHDRAWAL/03346/PATNA,191312980880,"9,000.00",,298415.51
09-02-2026,UPI/DR/065685949162/Shivam/FDRL/shivam.bose@apl/UPI,507606004515,"21,350.98",,277064.53
09-02-2026,POS D MART PATNA,422910977671,"3,100.00",,273964.53
09-02-2026,UPI/DR/668748183845/Amazon/ICICI/amazon@apl/UPI,179943484240,"1,150.89",,272813.64
09-02-2026,UPI/DR/484485470517/Dunzo/ICICI/dunzo@razorpay/UPI,082359486687,"1,450.37",,271363.27
10-02-2026,UPI/DR/581195724204/Ashish/BKID/ashish.patel@okhdfcbank/UPI,034572006685,"18,500.85",,252862.42
10-02-2026,POS VISHAL MEGA MART PATNA,355440692039,"3,550.76",,249311.66
10-02-2026,NACH/MANDATE/LN725233715527/ICICI Bank Home Loan,418800089540,"10,500.00",,238811.66
10-02-2026,UPI/DR/847965881025/Paytm/ICICI/paytm@paytm/UPI,745759412173,"1,540.12",,237271.54
12-02-2026,UPI/DR/974404520625/Deepak/BARB/deepak.pandey@okaxis/UPI,923223447344,"19,300.41",,217971.13
12-02-2026,UPI/DR/254778729547/Nykaa/PAYTM/nykaa@razorpay/UPI,639663337226,"1,700.91",,216270.22
13-02-2026,POS RELIANCE PETROLEUM PATNA,240406280753,"1,600.53",,214669.69
14-02-2026,POS BRAND FACTORY PATNA,592708209470,"4,500.24",,210169.45
15-02-2026,UPI/DR/562546715705/Rapido/PAYTM/rapido@icici/UPI,530375198058,300.59,,209868.86
16-02-2026,UPI/CR/541314645428/Sunil/BARB/sunilnair72@okhdfcbank/UPI,338831108137,,"17,850.68",227719.54
16-02-2026,UPI/DR/502469758426/Flipkart/PAYTM/flipkart@ybl/UPI,472602051025,"3,400.52",,224319.02
16-02-2026,UPI/DR/841321938968/Amazon/ICICI/amazon@apl/UPI,672343533103,830.64,,223488.38
16-02-2026,UPI/DR/608368510673/BigBasket/ICICI/bigbasket@ybl/UPI,197868568138,590.25,,222898.13
16-02-2026,UPI/DR/132295246492/Zomato/ICICI/zomato@axisbank/UPI,873678743866,"2,750.51",,220147.62
16-02-2026,NACH/MANDATE/SIP1645685/Axis Mutual Fund,783752596757,"9,500.00",,210647.62
17-02-2026,UPI/DR/973601631116/MSEDCL/UPIN/msedclpayment@upi/UPI,380290895653,"2,350.82",,208296.80
18-02-2026,UPI/DR/267861613328/Airtel/PAYTM/vi@airtelaxis/UPI,621772172179,769.00,,207527.80
18-02-2026,UPI/DR/167380807313/Uber/ICICI/uber@paytm/UPI,142330622106,210.67,,207317.13
19-02-2026,UPI/DR/200184554632/PhonePe/ICICI/phonepe@ybl/UPI,302136764442,"1,510.10",,205807.03
19-02-2026,UPI/DR/395811636719/Sanjay/KKBK/1712308188@axl/UPI,391712663308,"9,200.84",,196606.19
19-02-2026,UPI/DR/229002177029/Rapido/PAYTM/rapido@icici/UPI,342222401565,160.87,,196445.32
20-02-2026,UPI/DR/920502614052/Swiggy/ICICI/swiggy@icici/UPI,763623438397,"1,970.12",,194475.20
20-02-2026,UPI/CR/681137562409/Ashish/KKBK/ashish.patel@oksbi/UPI,041267543380,,"3,200.35",197675.55
21-02-2026,UPI/CR/852236971107/Deepa/SBIN/0269859830@okhdfcbank/UPI,247001842306,,"5,300.74",202976.29
21-02-2026,UPI/DR/794797857382/Amazon/PAYTM/amazon@apl/UPI,485905235046,"2,350.24",,200626.05
21-02-2026,UPI/DR/724963865366/Uber/PAYTM/uber@paytm/UPI,772384652320,810.84,,199815.21
22-02-2026,POS MAX FASHION PATNA,282491276551,"1,000.80",,198814.41
22-02-2026,UPI/DR/135283720766/Hathway/RAZORPAY/broadband@paytm/UPI,213850655378,"1,299.00",,197515.41
23-02-2026,UPI/CR/164710262221/Shivam/BKID/shivam.bose@ptyes/UPI,743078246451,,"5,800.22",203315.63
23-02-2026,UPI/DR/823599932003/Uber/ICICI/uber@paytm/UPI,811127778246,380.96,,202934.67
23-02-2026,UPI/DR/075294976869/Airtel/PAYTM/vi@airtelaxis/UPI,838535540583,349.00,,202585.67
23-02-2026,UPI/DR/550156166609/Indane/ICICI/indanegas@upi/UPI,504992335086,"1,500.39",,201085.28
27-02-2026,UPI/DR/341388855662/Uber/PAYTM/uber@paytm/UPI,588867959895,520.48,,200564.80
28-02-2026,UPI/DR/657186594826/PhonePe/ICICI/phonepe@ybl/UPI,765475870300,"2,560.75",,198004.05
28-02-2026,UPI/DR/163789624783/Deepa/FDRL/deepa582@ptyes/UPI,170748751570,"17,500.83",,180503.22
01-03-2026,UPI/DR/913978542024/Ola/ICICI/olamoney@ola/UPI,065591236346,"1,070.76",,179432.46
01-03-2026,UPI/DR/216932277711/Apollo/ICICI/apollopharmacy@ybl/UPI,719091494298,"2,710.60",,176721.86
01-03-2026,POS BHARAT PETROLEUM PATNA,961531013413,"3,900.85",,172821.01
01-03-2026,UPI/DR/346646367291/Airtel/PAYTM/vi@airtelaxis/UPI,201534569875,359.00,,172462.01
01-03-2026,UPI/DR/673518216136/Flipkart/ICICI/flipkart@ybl/UPI,826129551127,"2,360.53",,170101.48
01-03-2026,ATM CASH WITHDRAWAL/60149/PATNA,471619226800,"8,000.00",,162101.48
01-03-2026,UPI/DR/349425694998/BigBasket/ICICI/bigbasket@ybl/UPI,393334048671,360.80,,161740.68
02-03-2026,UPI/DR/737164251420/Hathway/RAZORPAY/broadband@paytm/UPI,489432592880,999.00,,160741.68
03-03-2026,UPI/DR/278495342158/Zepto/ICICI/zepto@apl/UPI,820039466328,"1,480.56",,159261.12
04-03-2026,UPI/DR/541880877549/Ola/PAYTM/olamoney@ola/UPI,463692556251,680.92,,158580.20
04-03-2026,UPI/DR/252663036521/BigBasket/ICICI/bigbasket@ybl/UPI,789201528909,"2,500.08",,156080.12
05-03-2026,POS STAR BAZAAR PATNA,572994992872,"7,250.65",,148829.47
06-03-2026,SALARY CREDIT/S6029275660892/Madura Garments Pvt Ltd,613956490152,,"48,546.94",197376.41
06-03-2026,UPI/DR/293387245928/Zepto/ICICI/zepto@apl/UPI,349248346376,"1,580.93",,195795.48
06-03-2026,UPI/DR/214669683720/BigBasket/ICICI/bigbasket@ybl/UPI,068357806251,740.16,,195055.32
06-03-2026,UPI/DR/075707684554/Amazon/ICICI/amazon@apl/UPI,089524023796,"1,040.54",,194014.78
06-03-2026,POS BHARAT PETROLEUM PATNA,761338490661,"2,250.49",,191764.29
07-03-2026,NACH/MANDATE/RNT2345946/RENT MANDATE,902888791117,"18,500.00",,173264.29
07-03-2026,UPI/DR/164101495106/BSNL/ICICI/bsnlbroadband@upi/UPI,665310099866,140.09,,173124.20
08-03-2026,UPI/DR/403092798571/Paytm/ICICI/paytm@paytm/UPI,084573022810,"1,440.05",,171684.15
09-03-2026,UPI/DR/939055031889/Uber/PAYTM/uber@paytm/UPI,543202335576,110.88,,171573.27
09-03-2026,NACH/MANDATE/LN725233715527/ICICI Bank Home Loan,273040715122,"10,500.00",,161073.27
09-03-2026,ATM CASH WITHDRAWAL/72618/PATNA,615853378221,"4,500.00",,156573.27
09-03-2026,UPI/DR/447705288895/Max/LICI/licindia@licindia/UPI,990222566134,"3,300.00",,153273.27
11-03-2026,UPI/CR/202353942134/Girish/KKBK/girish.yadav@ybl/UPI,317738102943,,"19,050.93",172324.20
12-03-2026,UPI/DR/300026191925/Indane/ICICI/indanegas@upi/UPI,462381173206,"1,600.95",,170723.25
12-03-2026,UPI/DR/036982756693/Sangita/UTIB/sangita.chatterjee@pthdfc/UPI,486931385021,"11,850.51",,158872.74
13-03-2026,UPI/DR/721370861366/Blinkit/ICICI/blinkit@kotak/UPI,222935142214,910.68,,157962.06
13-03-2026,UPI/DR/316419187429/Ola/ICICI/olamoney@ola/UPI,924194123408,"2,090.75",,155871.31
13-03-2026,UPI/DR/323480338532/Uber/PAYTM/uber@paytm/UPI,780319453957,800.37,,155070.94
14-03-2026,UPI/DR/821384503175/Uber/PAYTM/uber@paytm/UPI,689690481719,490.68,,154580.26
15-03-2026,UPI/DR/409181360912/MSEDCL/UPIN/msedclpayment@upi/UPI,267181951246,"2,650.55",,151929.71
15-03-2026,UPI/DR/527987780421/Airtel/PAYTM/vi@airtelaxis/UPI,923361357842,879.00,,151050.71
15-03-2026,UPI/CR/775105168899/Abhishek/PUNB/abhishek.chatterjee@kotak/UPI,272919720162,,"21,350.06",172400.77
16-03-2026,UPI/DR/864691904847/Airtel/PAYTM/vi@airtelaxis/UPI,012102820403,799.00,,171601.77
17-03-2026,UPI/DR/275417873437/Mamta/UCBA/mamta.shah@ptyes/UPI,622263467295,"1,250.97",,170350.80
18-03-2026,POS MORE SUPER MARKET PATNA,105692739337,"7,800.14",,162550.66
18-03-2026,UPI/DR/376997475487/Rapido/PAYTM/rapido@icici/UPI,089772082173,400.06,,162150.60
18-03-2026,UPI/DR/196307823650/Ola/ICICI/olamoney@ola/UPI,851055870015,"1,700.85",,160449.75
18-03-2026,NACH/MANDATE/SIP5595878/Axis Mutual Fund,830794015683,"9,500.00",,150949.75
20-03-2026,UPI/DR/736268388060/Airtel/PAYTM/vi@airtelaxis/UPI,858886337587,669.00,,150280.75
20-03-2026,UPI/DR/263967851001/Babita/BKID/babita.bose@axl/UPI,633150552776,"3,100.51",,147180.24
22-03-2026,UPI/DR/767996249807/Nykaa/ICICI/nykaa@razorpay/UPI,429024107440,149.00,,147031.24
22-03-2026,NEFT/N9930743264674/Lupin Limited,656173656699,,"43,000.40",190031.64
22-03-2026,UPI/DR/871265254594/Manoj/UCBA/manoj389@ibl/UPI,422129018478,"17,000.40",,173031.24
22-03-2026,UPI/DR/218039679674/BigBasket/ICICI/bigbasket@ybl/UPI,269201061164,860.09,,172171.15
22-03-2026,UPI/DR/660601406352/Ola/PAYTM/olamoney@ola/UPI,550237062869,640.62,,171530.53
23-03-2026,UPI/DR/302769370613/Meesho/PAYTM/meesho@ybl/UPI,089593223749,"3,800.70",,167729.83
23-03-2026,UPI/CR/598776712250/Kapil/KKBK/7168957354@oksbi/UPI,118213243722,,"21,650.30",189380.13
24-03-2026,ATM CASH WITHDRAWAL/86513/PATNA,805790279221,"4,500.00",,184880.13
26-03-2026,UPI/DR/298493973953/Dunzo/ICICI/dunzo@razorpay/UPI,251159265809,930.75,,183949.38
26-03-2026,UPI/DR/142753873537/Airtel/PAYTM/vi@airtelaxis/UPI,201830836369,329.00,,183620.38
27-03-2026,SERVICE CHARGES,363535934852,440.00,,183180.38
27-03-2026,INTEREST CREDIT,937884896526,,940.04,184120.42
27-03-2026,GST ON CHARGES,244526008422,79.20,,184041.22
28-03-2026,UPI/DR/350391650147/Dunzo/ICICI/dunzo@razorpay/UPI,973343275744,290.74,,183750.48
28-03-2026,UPI/DR/081522772107/Amazon/ICICI/amazon@apl/UPI,748949687585,"1,860.55",,181889.93
28-03-2026,UPI/DR/210001807361/Divya/KKBK/divya.banerjee@kotak/UPI,544496333297,"13,050.21",,168839.72
29-03-2026,UPI/DR/337686632294/Dunzo/ICICI/dunzo@razorpay/UPI,015931555116,"2,250.00",,166589.72
30-03-2026,UPI/DR/094874987840/Rekha/KKBK/rekha646@paytm/UPI,682351566735,"2,550.38",,164039.34
30-03-2026,POS HP PETROL PUMP PATNA,310915451426,850.34,,163189.00
31-03-2026,POS PANTALOONS PATNA,777061054111,"7,000.85",,156188.15
31-03-2026,UPI/DR/315047248711/Rajesh/BKID/rajesh.desai@upi/UPI,587201220234,"18,600.65",,137587.50
02-04-2026,UPI/DR/392159779525/Ola/PAYTM/olamoney@ola/UPI,000461301662,500.10,,137087.40
02-04-2026,UPI/DR/620161701518/Divya/UTIB/3961279369@aubank/UPI,726911081761,"13,400.86",,123686.54
03-04-2026,SALARY CREDIT/S1233676309055/Madura Garments Pvt Ltd,478025199416,,"49,005.94",172692.48
05-04-2026,UPI/DR/322657598935/Uber/ICICI/uber@paytm/UPI,374476290677,450.20,,172242.28
05-04-2026,UPI/DR/649512892027/Nykaa/PAYTM/nykaa@razorpay/UPI,574221393525,"4,350.68",,167891.60
05-04-2026,UPI/DR/783396530489/Rapido/PAYTM/rapido@icici/UPI,091394339957,290.99,,167600.61
06-04-2026,NACH/MANDATE/RNT8221098/RENT MANDATE,102400249533,"18,500.00",,149100.61
06-04-2026,UPI/DR/003018657069/Uber/PAYTM/uber@paytm/UPI,126827235998,360.43,,148740.18
08-04-2026,POS SHOPPERS STOP PATNA,322336776755,"6,700.42",,142039.76
08-04-2026,POS RELIANCE MART PATNA,635439161443,"7,150.17",,134889.59
08-04-2026,UPI/DR/638715949522/BigBasket/ICICI/bigbasket@ybl/UPI,677326630028,"2,600.35",,132289.24
09-04-2026,UPI/DR/455660393213/Lata/PUNB/lataverm61@okicici/UPI,085309560373,"14,300.11",,117989.13
10-04-2026,UPI/DR/809468553929/Shreya/BDBL/shreya213@okhdfcbank/UPI,077072099589,"20,950.91",,97038.22
10-04-2026,UPI/DR/091981661752/Zomato/ICICI/zomato@axisbank/UPI,297814216560,400.16,,96638.06
11-04-2026,NACH/MANDATE/LN725233715527/ICICI Bank Home Loan,178573088442,"10,500.00",,86138.06
12-04-2026,UPI/DR/761367689535/Ola/ICICI/olamoney@ola/UPI,589548694214,390.81,,85747.25
12-04-2026,NACH/MANDATE/SIP2812148/Axis Mutual Fund,130171897385,"9,500.00",,76247.25
12-04-2026,UPI/DR/174674546943/Zomato/ICICI/zomato@axisbank/UPI,953135987302,"1,940.34",,74306.91
13-04-2026,NEFT/N9468901707930/L&T Infotech Ltd,239971809488,,"52,000.38",126307.29
13-04-2026,UPI/DR/050720803363/Ola/ICICI/olamoney@ola/UPI,007813897892,"1,850.74",,124456.55
13-04-2026,UPI/DR/360682072450/Siddharth/KKBK/siddharth169@kotak/UPI,861290009064,"2,650.72",,121805.83
13-04-2026,POS SHELL FUEL STATION PATNA,618437897703,"4,400.44",,117405.39
13-04-2026,UPI/CR/241740332066/Yogesh/UCBA/1003421849@ptyes/UPI,542124040447,,"4,000.49",121405.88
15-04-2026,UPI/CR/675285858471/Ankit/BARB/ankit.ghosh@axl/UPI,005724247345,,"7,350.34",128756.22
16-04-2026,UPI/DR/718481105084/Airtel/PAYTM/vi@airtelaxis/UPI,938158088185,829.00,,127927.22
17-04-2026,POS INDIAN OIL PATNA,488967511857,"2,450.18",,125477.04
17-04-2026,POS MORE SUPER MARKET PATNA,238757407850,"7,400.61",,118076.43
18-04-2026,UPI/DR/304597896160/Ola/PAYTM/olamoney@ola/UPI,776911914933,590.12,,117486.31
18-04-2026,UPI/CR/278048009542/Krishna/BDBL/krishna.gupta@upi/UPI,929598751443,,600.01,118086.32
20-04-2026,UPI/DR/077391559948/MSEDCL/UPIN/msedclpayment@upi/UPI,728016179119,"3,700.03",,114386.29
20-04-2026,UPI/CR/851843985007/Deepak/UTIB/deepak141@pthdfc/UPI,805089845454,,"16,550.67",130936.96
21-04-2026,UPI/DR/672057378940/Ola/ICICI/olamoney@ola/UPI,763407011258,"1,820.40",,129116.56
21-04-2026,UPI/DR/326579231633/Indane/ICICI/indanegas@upi/UPI,735828089892,"2,450.82",,126665.74
21-04-2026,ATM CASH WITHDRAWAL/30604/PATNA,523069580479,"8,000.00",,118665.74
21-04-2026,UPI/DR/094907311306/Flipkart/ICICI/flipkart@ybl/UPI,228765127515,"2,670.95",,115994.79
22-04-2026,ATM CASH WITHDRAWAL/34355/PATNA,331097716009,"2,500.00",,113494.79
22-04-2026,UPI/DR/241780114730/Swati/PUNB/swati344@okicici/UPI,782611020784,"1,750.46",,111744.33
24-04-2026,UPI/DR/621199169278/Airtel/PAYTM/vi@airtelaxis/UPI,002906756501,309.00,,111435.33
24-04-2026,UPI/DR/088749851154/Uber/PAYTM/uber@paytm/UPI,396982363643,680.66,,110754.67
25-04-2026,POS INDIAN OIL PATNA,009258446293,"3,200.86",,107553.81
25-04-2026,ATM CASH WITHDRAWAL/44102/PATNA,034546164994,"5,500.00",,102053.81
25-04-2026,UPI/CR/306134295301/Deepa/UTIB/9461140714@upi/UPI,825985106218,,"2,400.71",104454.52
25-04-2026,UPI/DR/467347078342/Hotstar/ICICI/hotstar@hdfcbank/UPI,378001693603,749.00,,103705.52
27-04-2026,UPI/DR/964004551493/Ola/PAYTM/olamoney@ola/UPI,748973156760,230.65,,103474.87
27-04-2026,IMPS-498155518119-Sunita Thapar,195227103863,900.43,,102574.44
28-04-2026,UPI/DR/206840493239/Amazon/PAYTM/amazon@apl/UPI,117881205920,"2,550.71",,100023.73
29-04-2026,UPI/DR/286677171648/Kavita/FDRL/1069419593@pthdfc/UPI,582600849483,"16,100.33",,83923.40
29-04-2026,POS CENTRAL MALL PATNA,893924780825,"2,100.10",,81823.30
30-04-2026,UPI/DR/152205288833/BSNL/ICICI/bsnlbroadband@upi/UPI,782549276750,"2,380.01",,79443.29
01-05-2026,POS INDIAN OIL PATNA,763450350277,"2,450.09",,76993.20
01-05-2026,UPI/DR/964434683306/Dunzo/ICICI/dunzo@razorpay/UPI,186619462410,"1,070.58",,75922.62
01-05-2026,UPI/DR/213975800857/Paytm/ICICI/paytm@paytm/UPI,030080972674,"2,470.06",,73452.56
02-05-2026,UPI/CR/524341898681/Geeta/BARB/geeta367@ptyes/UPI,233784111890,,"4,900.17",78352.73
02-05-2026,UPI/DR/863270498271/Swiggy/ICICI/swiggy@icici/UPI,810156916100,"2,340.64",,76012.09
02-05-2026,UPI/DR/391112272926/Siddharth/KKBK/6164253702@paytm/UPI,195400733991,"10,700.84",,65311.25
02-05-2026,UPI/DR/645663999003/Mina/UTIB/mina.patil@paytm/UPI,553497772560,"5,900.69",,59410.56
03-05-2026,UPI/CR/970213815154/Usha/UTIB/usha689@pthdfc/UPI,187494378309,,"21,800.57",81211.13
03-05-2026,UPI/DR/128662911849/Ankit/SBIN/ankitshah64@ybl/UPI,815131470738,"19,150.25",,62060.88
03-05-2026,UPI/CR/769242825959/Dinesh/BARB/6406648882@oksbi/UPI,060767147536,,"16,250.79",78311.67
03-05-2026,IMPS-215361788977-Nisha Iyer,136698979295,"22,900.15",,55411.52
03-05-2026,UPI/DR/221972888729/Uber/ICICI/uber@paytm/UPI,613480509790,460.63,,54950.89
04-05-2026,ATM CASH WITHDRAWAL/86411/PATNA,527487032133,"9,000.00",,45950.89
04-05-2026,UPI/DR/703793371951/Myntra/PAYTM/myntra@ybl/UPI,639287842526,"1,350.34",,44600.55
04-05-2026,SALARY CREDIT/S7607475371572/Madura Garments Pvt Ltd,813893941444,,"49,190.94",93791.49
05-05-2026,UPI/DR/088968695138/BSNL/ICICI/bsnlbroadband@upi/UPI,729035213759,"2,430.27",,91361.22
06-05-2026,UPI/DR/728870743478/Uber/ICICI/uber@paytm/UPI,611614835011,"1,510.59",,89850.63
06-05-2026,UPI/DR/279415383291/Jio/ICICI/jio@paytm/UPI,175322944545,350.01,,89500.62
07-05-2026,UPI/DR/954683897625/Zomato/ICICI/zomato@axisbank/UPI,496130705094,"1,800.75",,87699.87
07-05-2026,NACH/MANDATE/RNT5976345/RENT MANDATE,494636685434,"18,500.00",,69199.87
08-05-2026,UPI/DR/029498018948/Krishna/UTIB/krishna.shukla@oksbi/UPI,404699513774,"2,400.02",,66799.85
