Bank Name,AXIS BANK LIMITED
Account Number,823769802355587
Account Holder Name,DEEPAK KAPOOR
Branch,NAVRANGPURA
IFSC Code,UTIB0211431
Statement Period,01-12-2024 To 08-05-2026

Date,Description,Ref/ChequeNo,Debit,Credit,Balance
01-12-2024,ATMCASHAXISIMW51321484NAGPUR,003784092152,"8,000.00",,1216892.09
02-12-2024,UPIP2M246609377367BigBasketUPIICICI,879372710026,"2,060.48",,1214831.61
02-12-2024,UPIP2M881417332799OlaCabsUPIICICI,745724862046,"1,760.06",,1213071.55
02-12-2024,POS RELIANCE PETROLEUM NAGPUR,710682227994,"3,850.39",,1209221.16
03-12-2024,UPIP2M489646523809SwiggyUPIICICI,281631136290,"1,590.36",,1207630.80
04-12-2024,UPIP2M224790823000UberIndiaUPIPAYTM,393552841349,530.26,,1207100.54
04-12-2024,UPIP2M883284658673TataAIALifeUPILICI,473442098404,"6,000.00",,1201100.54
06-12-2024,UPIP2M985823067919BlinkitUPIICICI,908698690811,"2,140.16",,1198960.38
06-12-2024,SALARY/S9816712607715/HDFC Life Insurance,028391300923,,"74,305.34",1273265.72
07-12-2024,UPIP2A724150711410PoojaShuklaUPIPUNB,716290144224,,"21,400.63",1294666.35
07-12-2024,POS MORE SUPER MARKET NAGPUR,122878683292,"8,250.88",,1286415.47
07-12-2024,UPIP2M423910693225DivyaNambiarUPIKKBK,033392769734,"17,300.95",,1269114.52
07-12-2024,ATMCASHAXISECC93645037NAGPUR,437949631540,"3,000.00",,1266114.52
07-12-2024,POS SHELL FUEL STATION NAGPUR,748021640300,"2,400.01",,1263714.51
08-12-2024,UPIP2M285200200012SwiggyUPIICICI,321402813345,790.14,,1262924.37
08-12-2024,UPIP2M783217751799AirtelPaymenUPIPAYTM,865196431401,689.00,,1262235.37
09-12-2024,UPIP2M697404436691MSEDCLUPIUPIN,984857359213,"1,100.01",,1261135.36
09-12-2024,NACH/MANDATE/RNT4489856/RENT MANDATE,485727887816,"25,000.00",,1236135.36
10-12-2024,UPIP2M948491497710RapidoUPIPAYTM,500380057297,250.76,,1235884.60
10-12-2024,POS SHOPPERS STOP NAGPUR,269439281647,"5,950.46",,1229934.14
11-12-2024,UPIP2M686444671669PaytmMallUPIICICI,231178021326,780.79,,1229153.35
11-12-2024,UPIP2A476041497631KapilSaxenaUPIHDFC,368706134302,,"9,200.28",1238353.63
12-12-2024,ATMCASHAXISICN95277131NAGPUR,923151078916,"5,500.00",,1232853.63
12-12-2024,POS SHELL FUEL STATION NAGPUR,237608319724,"2,100.63",,1230753.00
13-12-2024,UPIP2A191887770669SnehaKulkarnUPIBKID,986288768192,,"20,600.72",1251353.72
13-12-2024,UPIP2M897989083100IndaneGasUPIICICI,786505063595,"1,000.23",,1250353.49
14-12-2024,UPIP2M701794060624OlaCabsUPIICICI,206840757763,"2,540.00",,1247813.49
14-12-2024,POS INDIAN OIL NAGPUR,899217386741,"3,300.46",,1244513.03
15-12-2024,UPIP2A301777518734RahulAgarwalUPIKKBK,216153485480,,"15,300.79",1259813.82
15-12-2024,UPIP2M089095431474SwiggyUPIICICI,487102785313,"1,470.04",,1258343.78
16-12-2024,UPIP2A051387984945AshaMenonUPISBIN,800283777646,,"5,600.69",1263944.47
17-12-2024,NACH/MANDATE/SIP4027013/Mirae Asset MF,455236708621,"6,000.00",,1257944.47
17-12-2024,UPIP2M126085133176OlaCabsUPIICICI,646497093343,"1,130.29",,1256814.18
18-12-2024,UPIP2M979827509047ACTFibernetUPIRAZORPAY,324742622525,"1,199.00",,1255615.18
19-12-2024,UPIP2A340064254191SaritaVermaUPIPUNB,052124672477,,"21,200.25",1276815.43
19-12-2024,POS METRO CASH CARRY NAGPUR,680542574044,"1,900.06",,1274915.37
20-12-2024,UPIP2M398729603077AnitaPatilUPIBARB,783504066340,"6,350.09",,1268565.28
21-12-2024,UPIP2M173634335722OlaCabsUPIPAYTM,846072390721,130.99,,1268434.29
21-12-2024,UPIP2M350525776758JioRechargeUPIICICI,541082059032,"2,150.84",,1266283.45
24-12-2024,UPIP2M797104401339VijayDasUPIFDRL,874860824519,850.44,,1265433.01
25-12-2024,UPIP2M783807836898AirtelPaymenUPIPAYTM,601038348973,819.00,,1264614.01
25-12-2024,UPIP2A732167021607SureshMishraUPIKKBK,566529729495,,"10,250.99",1274865.00
25-12-2024,UPIP2M264880758642FlipkartUPIICICI,810541894566,"2,050.48",,1272814.52
26-12-2024,UPIP2M570212921738OlaCabsUPIICICI,450247610627,610.62,,1272203.90
26-12-2024,INTEREST CREDIT,254132031196,,300.00,1272503.90
26-12-2024,POS SHOPPERS STOP NAGPUR,455620870701,"3,200.23",,1269303.67
27-12-2024,UPIP2M828282786768MyntraUPIPAYTM,327397945036,"5,400.79",,1263902.88
27-12-2024,POS BRAND FACTORY NAGPUR,551886322903,"4,700.93",,1259201.95
27-12-2024,ATMCASHAXISHHR62093997NAGPUR,648347170842,"7,500.00",,1251701.95
29-12-2024,UPIP2M240541127169OlaCabsUPIPAYTM,309229998885,90.56,,1251611.39
30-12-2024,UPIP2M840558953405DunzoUPIICICI,026102174722,"1,890.88",,1249720.51
30-12-2024,ATMCASHAXISMTD84674657NAGPUR,525958895755,"4,000.00",,1245720.51
01-01-2025,UPIP2M987633814848SwiggyUPIICICI,015694906013,"1,200.17",,1244520.34
01-01-2025,UPIP2A353334365288SushmaMalhotUPIKKBK,480162998897,,"9,200.41",1253720.75
02-01-2025,UPIP2A685804939817VijayMenonUPIUTIB,372352966886,,"12,100.56",1265821.31
03-01-2025,ATMCASHAXISTPI83387498NAGPUR,328422220046,"4,500.00",,1261321.31
03-01-2025,UPIP2M836677947436SpotifyUPIICICI,516335262511,599.00,,1260722.31
03-01-2025,UPIP2M733242030278ZeptoUPIICICI,895448397497,"2,350.10",,1258372.21
03-01-2025,UPIP2M156470861536BSNLBroadbanUPIICICI,363023868206,330.45,,1258041.76
03-01-2025,UPIP2M317424967139PallaviShahUPIBARB,697177691811,"3,700.77",,1254340.99
04-01-2025,UPIP2A684814931636NishaPatelUPIUTIB,574524511671,,"13,950.28",1268291.27
07-01-2025,UPIP2M493144823930ZomatoUPIICICI,802322671353,"1,770.17",,1266521.10
07-01-2025,SALARY/S9133651646477/HDFC Life Insurance,717700884310,,"73,137.34",1339658.44
07-01-2025,UPIP2M816138987572OlaCabsUPIPAYTM,053856610583,760.90,,1338897.54
08-01-2025,POS RELIANCE MART NAGPUR,679660961994,"2,000.52",,1336897.02
08-01-2025,UPIP2M070177757405IRCTCUPIICICI,491155639115,449.00,,1336448.02
08-01-2025,UPIP2M764371908038JioRechargeUPIICICI,962513881607,830.36,,1335617.66
08-01-2025,UPIP2M231092449148MyntraUPIPAYTM,309514438737,"5,900.17",,1329717.49
08-01-2025,UPIP2A818859213391RenuRaoUPIUTIB,995032082557,,"17,200.47",1346917.96
08-01-2025,UPIP2M483308503193BSNLBroadbanUPIICICI,275096402158,450.17,,1346467.79
08-01-2025,POS PANTALOONS NAGPUR,280212090969,"5,950.43",,1340517.36
09-01-2025,NEFT/N0240495408062/Infosys BPO Pvt Ltd/HDFC0347726,021900539875,,"53,500.59",1394017.95
09-01-2025,UPIP2M568737696453RapidoUPIPAYTM,462994343303,350.22,,1393667.73
09-01-2025,NACH/MANDATE/RNT2676816/RENT MANDATE,759200053402,"25,000.00",,1368667.73
10-01-2025,UPIP2M318160029175TataAIALifeUPILICI,719329585557,"6,000.00",,1362667.73
10-01-2025,UPIP2M203147357872AmazonPayUPIPAYTM,550912274625,"5,600.53",,1357067.20
10-01-2025,UPIP2A963760439061VikasSharmaUPIBKID,063658785502,,"1,750.86",1358818.06
11-01-2025,UPIP2M855409474001BrijeshMishrUPIFDRL,748699943132,"2,850.23",,1355967.83
11-01-2025,UPIP2M904064603557IndaneGasUPIICICI,289914020585,850.68,,1355117.15
12-01-2025,UPIP2M128794085989AirtelPaymenUPIPAYTM,194681559196,739.00,,1354378.15
12-01-2025,UPIP2M244575462192MyntraUPIPAYTM,265032099993,"5,450.17",,1348927.98
12-01-2025,POS INDIAN OIL NAGPUR,907180620140,"1,750.26",,1347177.72
13-01-2025,POS RELIANCE PETROLEUM NAGPUR,794238971201,"1,000.50",,1346177.22
14-01-2025,UPIP2M813032719555PaytmMallUPIICICI,001441385188,200.79,,1345976.43
14-01-2025,UPIP2A593460666408SantoshThapaUPIBKID,192070487856,,"3,350.13",1349326.56
14-01-2025,UPIP2M015508270553HarishBajajUPIPUNB,847175153528,"13,450.13",,1335876.43
15-01-2025,ATMCASHAXISRRC87833069NAGPUR,620998068849,"6,500.00",,1329376.43
15-01-2025,UPIP2M332773564658OlaCabsUPIPAYTM,934988969999,710.23,,1328666.20
15-01-2025,UPIP2M901440872234MSEDCLUPIUPIN,671641401497,"3,350.52",,1325315.68
15-01-2025,POS VISHAL MEGA MART NAGPUR,155614340535,"1,000.02",,1324315.66
16-01-2025,UPIP2M560352175003ZomatoUPIICICI,251878681560,"1,780.26",,1322535.40
16-01-2025,NACH/MANDATE/SIP6723681/Mirae Asset MF,057433909909,"6,000.00",,1316535.40
16-01-2025,UPIP2A168397404250BrijeshMalhoUPIUCBA,549171447397,,"21,700.70",1338236.10
16-01-2025,UPIP2M336401703552SoniaBanerjeUPIUTIB,993057639866,"11,250.99",,1326985.11
18-01-2025,IMPS/523891745035/Santosh Chatterj/BDBL,354572945596,"24,800.17",,1302184.94
18-01-2025,UPIP2A230689516570RekhaChatterUPIKKBK,980478605910,,"7,700.97",1309885.91
18-01-2025,ATMCASHAXISHZT56601091NAGPUR,227253260304,"9,500.00",,1300385.91
19-01-2025,POS HP PETROL PUMP NAGPUR,073938618643,"1,200.57",,1299185.34
22-01-2025,UPIP2M082588075037UberIndiaUPIICICI,658637198040,440.85,,1298744.49
23-01-2025,POS METRO CASH CARRY NAGPUR,933759116032,"2,900.66",,1295843.83
23-01-2025,UPIP2A330868152515GeetaSenUPIUCBA,787020140837,,"17,650.91",1313494.74
23-01-2025,UPIP2M813713080186MinaChaudharUPIBARB,585260770134,"12,850.93",,1300643.81
23-01-2025,UPIP2M721906433481NetmedsUPIICICI,815126633125,"2,930.41",,1297713.40
24-01-2025,POS SHOPPERS STOP NAGPUR,477685640819,"2,800.94",,1294912.46
24-01-2025,UPIP2M337329815242DunzoUPIICICI,008877574036,"1,880.37",,1293032.09
24-01-2025,UPIP2M668773448157MohanShahUPIKKBK,762898427167,"16,000.15",,1277031.94
25-01-2025,UPIP2M432077741505OlaCabsUPIICICI,011177385481,"2,740.78",,1274291.16
27-01-2025,UPIP2M424596061085AirtelPaymenUPIPAYTM,355546215328,659.00,,1273632.16
27-01-2025,UPIP2M240634522031AirtelPaymenUPIPAYTM,730199003024,799.00,,1272833.16
27-01-2025,UPIP2A975255963710GeetaSethiUPISBIN,922390997664,,"6,100.23",1278933.39
27-01-2025,UPIP2A763203807412PoojaChaudhaUPIBARB,248794167914,,"16,200.90",1295134.29
28-01-2025,ATMCASHAXISJHZ57466594NAGPUR,550854268348,"5,500.00",,1289634.29
28-01-2025,POS HP PETROL PUMP NAGPUR,370410016935,"3,400.26",,1286234.03
30-01-2025,UPIP2M800413699511ZomatoUPIICICI,579439222297,"2,020.29",,1284213.74
31-01-2025,UPIP2M575549037757DunzoUPIICICI,788809867162,840.74,,1283373.00
31-01-2025,POS D MART NAGPUR,413245996184,"5,500.86",,1277872.14
01-02-2025,UPIP2A999318356508RajeshAhujaUPIUTIB,585773807930,,"13,000.70",1290872.84
01-02-2025,UPIP2M586271528454MeeshoUPIPAYTM,489475684018,"4,800.87",,1286071.97
01-02-2025,UPIP2M404877526391BigBasketUPIICICI,103307396048,810.84,,1285261.13
02-02-2025,UPIP2M144837801112MohanThaparUPIBKID,979348770346,"15,100.86",,1270160.27
02-02-2025,UPIP2M450629705697PaytmMallUPIICICI,153729589437,590.06,,1269570.21
02-02-2025,UPIP2M908653191446RajanMishraUPIBKID,164141358745,"5,850.00",,1263720.21
04-02-2025,UPIP2A330488159311AmitJainUPIBARB,570307098514,,"21,550.62",1285270.83
04-02-2025,POS SHELL FUEL STATION NAGPUR,635846424661,"3,300.95",,1281969.88
04-02-2025,UPIP2M204802504514FlipkartUPIPAYTM,922716183272,"5,000.69",,1276969.19
05-02-2025,UPIP2M303713054450BigBasketUPIICICI,922211033150,350.82,,1276618.37
05-02-2025,ATMCASHAXISKEZ64723389NAGPUR,006416015778,"2,000.00",,1274618.37
05-02-2025,UPIP2M458777969409AirtelPaymenUPIPAYTM,520492411706,349.00,,1274269.37
06-02-2025,SALARY/S8710130344067/HDFC Life Insurance,332058259963,,"71,726.34",1345995.71
06-02-2025,UPIP2M434239176712AirtelPaymenUPIPAYTM,989165465335,369.00,,1345626.71
07-02-2025,UPIP2M429290058079SwiggyUPIICICI,162801770388,"2,250.93",,1343375.78
08-02-2025,NEFT/N5820991959104/Wipro Limited/PUNB0360628,516077201395,,"8,000.80",1351376.58
08-02-2025,NACH/MANDATE/RNT9206917/RENT MANDATE,701844273291,"25,000.00",,1326376.58
09-02-2025,UPIP2A284284810088ArchanaSrivaUPIBKID,298283437693,,"10,150.31",1336526.89
09-02-2025,UPIP2M351154797229OlaCabsUPIPAYTM,005951254465,160.98,,1336365.91
09-02-2025,UPIP2M063995460403BlinkitUPIICICI,637830093342,"1,420.80",,1334945.11
10-02-2025,UPIP2M979631841942AirtelPaymenUPIPAYTM,903750230232,489.00,,1334456.11
10-02-2025,UPIP2A708994358012MaheshPatelUPIHDFC,000472849948,,"13,900.96",1348357.07
10-02-2025,UPIP2A011489353039MaheshBajajUPIPUNB,533613621027,,"3,150.46",1351507.53
10-02-2025,ATMCASHAXISJRW52253447NAGPUR,275577138968,"8,000.00",,1343507.53
10-02-2025,POS MAX FASHION NAGPUR,771065663330,"4,100.56",,1339406.97
10-02-2025,UPIP2M384851013605SwiggyUPIICICI,294537490730,"1,150.46",,1338256.51
11-02-2025,UPIP2M092806310888TataAIALifeUPILICI,624208337894,"6,000.00",,1332256.51
12-02-2025,UPIP2M524218768799FlipkartUPIICICI,203787077249,"1,710.54",,1330545.97
12-02-2025,NACH/MANDATE/SIP1001998/Mirae Asset MF,060728867279,"6,000.00",,1324545.97
13-02-2025,UPIP2M462687394877ZomatoUPIICICI,895538947508,920.17,,1323625.80
13-02-2025,UPIP2M073960914814DunzoUPIICICI,467162954374,800.13,,1322825.67
14-02-2025,UPIP2M800241777112ApolloPharmaUPIICICI,844413909895,"1,150.90",,1321674.77
14-02-2025,UPIP2M918159719351AirtelPaymenUPIPAYTM,824787459500,979.00,,1320695.77
15-02-2025,UPIP2M487852038515OlaCabsUPIPAYTM,086338448326,250.40,,1320445.37
15-02-2025,POS VISHAL MEGA MART NAGPUR,333141063907,"7,550.61",,1312894.76
15-02-2025,UPIP2M705956355275SangitaSrivaUPIHDFC,653398808795,"3,400.49",,1309494.27
15-02-2025,UPIP2M398121901338PhonePeMerchUPIICICI,044289148596,"2,440.27",,1307054.00
16-02-2025,POS V MART NAGPUR,701222723530,"6,750.03",,1300303.97
16-02-2025,UPIP2M295298080790BabitaKhannaUPIKKBK,966916451679,"15,100.71",,1285203.26
17-02-2025,UPIP2M758334496820MSEDCLUPIUPIN,507218909173,"3,550.87",,1281652.39
17-02-2025,UPIP2M662278709049DunzoUPIICICI,899017642375,"2,000.68",,1279651.71
17-02-2025,UPIP2M911937796430MamtaRoyUPIPUNB,028060745839,"2,150.61",,1277501.10
20-02-2025,POS SHELL FUEL STATION NAGPUR,250640673612,"3,750.76",,1273750.34
21-02-2025,UPIP2M606198001982PhonePeMerchUPIICICI,744233528898,610.46,,1273139.88
22-02-2025,POS BIG BAZAAR NAGPUR,605365542394,"1,500.76",,1271639.12
22-02-2025,UPIP2A170263119258AnilGhoshUPIKKBK,211345872888,,"20,350.86",1291989.98
22-02-2025,UPIP2M641827726666BigBasketUPIICICI,029995981688,790.77,,1291199.21
22-02-2025,UPIP2M384947463307OlaCabsUPIPAYTM,519050806021,790.34,,1290408.87
23-02-2025,POS INDIAN OIL NAGPUR,097947656251,"4,200.25",,1286208.62
24-02-2025,UPIP2M479507719361SwiggyUPIICICI,704178613357,700.72,,1285507.90
24-02-2025,UPIP2M605269763827IndaneGasUPIICICI,227568487100,"2,250.27",,1283257.63
24-02-2025,UPIP2M638508898787GeetaVermaUPIKKBK,840470565094,"12,200.03",,1271057.60
25-02-2025,UPIP2M970820890552BlinkitUPIICICI,814575879835,940.09,,1270117.51
25-02-2025,UPIP2M119287993043AirtelPaymenUPIPAYTM,722686152728,669.00,,1269448.51
26-02-2025,POS VISHAL MEGA MART NAGPUR,545238398974,"3,050.63",,1266397.88
27-02-2025,UPIP2M430452061105RajeshKapoorUPIPUNB,270683555933,"16,050.43",,1250347.45
28-02-2025,UPIP2M136823900279RapidoUPIPAYTM,623368067489,570.88,,1249776.57
28-02-2025,UPIP2M957118085266BigBasketUPIICICI,445925002553,"1,160.73",,1248615.84
28-02-2025,ATMCASHAXISQWD67547923NAGPUR,812360702774,"8,000.00",,1240615.84
01-03-2025,UPIP2A414132276302GeetaGhoshUPISBIN,673251398776,,"13,300.56",1253916.40
01-03-2025,UPIP2M069518082680SureshSethiUPIUTIB,694555406097,"1,000.69",,1252915.71
02-03-2025,UPIP2M600388767105OlaCabsUPIPAYTM,812622627756,210.62,,1252705.09
02-03-2025,UPIP2M268872434941BlinkitUPIICICI,954236389178,"1,880.46",,1250824.63
02-03-2025,UPIP2M535115407751ZeptoUPIICICI,569595641703,"1,220.51",,1249604.12
03-03-2025,UPIP2M802180497518AirtelPaymenUPIPAYTM,741803053047,599.00,,1249005.12
04-03-2025,UPIP2M498722984977AmazonPayUPIPAYTM,814290366837,"4,650.58",,1244354.54
04-03-2025,UPIP2M074626222488OlaCabsUPIICICI,693212973947,"2,560.30",,1241794.24
04-03-2025,UPIP2M645970656608TataAIALifeUPILICI,290714887305,"6,000.00",,1235794.24
05-03-2025,ATMCASHAXISLSK84269332NAGPUR,991583442836,"2,500.00",,1233294.24
05-03-2025,POS D MART NAGPUR,820800907756,"4,750.08",,1228544.16
05-03-2025,SALARY/S0639008962089/HDFC Life Insurance,167856904422,,"73,296.34",1301840.50
05-03-2025,POS V MART NAGPUR,186711259787,"1,300.34",,1300540.16
06-03-2025,UPIP2A424142842492DeepakBoseUPIHDFC,824502821329,,"9,950.61",1310490.77
06-03-2025,POS RELIANCE PETROLEUM NAGPUR,845994340647,"3,050.88",,1307439.89
07-03-2025,UPIP2M439959318676SaurabhNaikUPIBARB,676065997193,"11,550.18",,1295889.71
09-03-2025,UPIP2M000255026561JyotiSharmaUPIKKBK,116167979251,"12,200.63",,1283689.08
09-03-2025,UPIP2M923625439529PaytmMallUPIICICI,333030192225,"1,540.45",,1282148.63
10-03-2025,UPIP2M744085941400DunzoUPIICICI,459815392798,120.51,,1282028.12
10-03-2025,UPIP2M852085006649FlipkartUPIICICI,018918886555,"1,510.57",,1280517.55
10-03-2025,NACH/MANDATE/RNT8799114/RENT MANDATE,343189544079,"25,000.00",,1255517.55
10-03-2025,POS SHOPPERS STOP NAGPUR,314608058605,"2,300.00",,1253217.55
11-03-2025,UPIP2M879915599285AirtelPaymenUPIPAYTM,110703745432,729.00,,1252488.55
11-03-2025,UPIP2M670902822721RakeshPatelUPIUCBA,460349712474,"9,750.57",,1242737.98
11-03-2025,UPIP2M653074962607OlaCabsUPIPAYTM,394264551939,750.71,,1241987.27
11-03-2025,ATMCASHAXISHBC75152704NAGPUR,898412632404,"2,000.00",,1239987.27
12-03-2025,UPIP2M243637492252IndaneGasUPIICICI,029750792008,"2,650.79",,1237336.48
13-03-2025,ATMCASHAXISMPP17208463NAGPUR,359288520509,"1,000.00",,1236336.48
13-03-2025,ATMCASHAXISTSB76322719NAGPUR,550005454767,"3,000.00",,1233336.48
13-03-2025,UPIP2M293829123942YogeshSharmaUPISBIN,250862468024,"4,650.39",,1228686.09
13-03-2025,UPIP2M133231637396AirtelPaymenUPIPAYTM,210142112727,869.00,,1227817.09
13-03-2025,ATMCASHAXISFFQ31395576NAGPUR,649235906303,"2,500.00",,1225317.09
14-03-2025,UPIP2M470556979766YogeshKapoorUPIFDRL,172621767838,"12,550.07",,1212767.02
15-03-2025,UPIP2M431050999644PhonePeMerchUPIICICI,393454676366,"2,260.26",,1210506.76
15-03-2025,UPIP2M066198380234SanjaySaxenaUPIPUNB,772995767837,"18,000.30",,1192506.46
15-03-2025,UPIP2M217338693596DivyaPillaiUPIUCBA,160653711645,"12,200.00",,1180306.46
16-03-2025,UPIP2A849338022381PoonamMenonUPISBIN,252366131294,,"8,900.74",1189207.20
16-03-2025,UPIP2M575229995080AirtelPaymenUPIPAYTM,649704571412,479.00,,1188728.20
17-03-2025,ATMCASHAXISVIT87034066NAGPUR,121216871541,"2,500.00",,1186228.20
17-03-2025,POS INDIAN OIL NAGPUR,026364548039,"3,700.88",,1182527.32
17-03-2025,POS BHARAT PETROLEUM NAGPUR,015691530355,"2,250.55",,1180276.77
18-03-2025,UPIP2M571252274636AirtelPaymenUPIPAYTM,188554788293,259.00,,1180017.77
18-03-2025,NACH/MANDATE/SIP8737429/Mirae Asset MF,937317198347,"6,000.00",,1174017.77
18-03-2025,UPIP2M570350574906PrashantChopUPIBDBL,727945345298,"5,000.25",,1169017.52
19-03-2025,UPIP2A303540623957MayaChopraUPIHDFC,164476297689,,800.63,1169818.15
19-03-2025,UPIP2M982484888652FlipkartUPIICICI,755309978193,"2,120.49",,1167697.66
20-03-2025,UPIP2A789961803134SnehaPillaiUPIPUNB,395604280813,,"18,300.68",1185998.34
20-03-2025,UPIP2M465522442489ACTFibernetUPIRAZORPAY,302059569362,299.00,,1185699.34
21-03-2025,POS LIFESTYLE STORES NAGPUR,415583078054,"3,350.27",,1182349.07
21-03-2025,UPIP2M891726890837AmazonPayUPIPAYTM,093452621941,"1,350.38",,1180998.69
21-03-2025,POS RELIANCE MART NAGPUR,556616489292,"1,000.93",,1179997.76
22-03-2025,POS BIG BAZAAR NAGPUR,933621354564,"8,300.78",,1171696.98
23-03-2025,UPIP2M593989463200ZeptoUPIICICI,967544634060,300.73,,1171396.25
23-03-2025,UPIP2M119985131028SwiggyUPIICICI,470623110705,"1,830.27",,1169565.98
23-03-2025,UPIP2M014493498790JioRechargeUPIICICI,150302946367,730.45,,1168835.53
23-03-2025,UPIP2M143244509265BigBasketUPIICICI,319053259891,"1,590.11",,1167245.42
23-03-2025,UPIP2M694974921788MSEDCLUPIUPIN,586452235300,"2,650.61",,1164594.81
23-03-2025,UPIP2M737700816280AmazonPayUPIICICI,251535035954,"1,300.02",,1163294.79
24-03-2025,UPIP2M240210493058SpotifyUPIICICI,144233392125,549.00,,1162745.79
24-03-2025,UPIP2M121150204337RapidoUPIPAYTM,347038851198,330.46,,1162415.33
24-03-2025,UPIP2M968672340115BlinkitUPIICICI,473598137575,420.60,,1161994.73
25-03-2025,POS SHOPPERS STOP NAGPUR,379839661918,"3,100.73",,1158894.00
27-03-2025,UPIP2M163136566806OlaCabsUPIPAYTM,127017075160,740.88,,1158153.12
27-03-2025,UPIP2M391487254433RapidoUPIPAYTM,703391514069,620.19,,1157532.93
28-03-2025,INTEREST CREDIT,048004805693,,90.32,1157623.25
30-03-2025,Monthly Service Chrgs,631889268626,350.00,,1157273.25
30-03-2025,POS LIFESTYLE STORES NAGPUR,500667757531,"6,650.86",,1150622.39
30-03-2025,GST ON CHARGES,133417517986,63.00,,1150559.39
02-04-2025,ATMCASHAXISHPI99989630NAGPUR,966817031495,"3,000.00",,1147559.39
02-04-2025,UPIP2A108491682367SaritaBanerjUPIBKID,226941510871,,"13,450.26",1161009.65
02-04-2025,UPIP2M809178269806UberIndiaUPIPAYTM,688706187436,560.69,,1160448.96
02-04-2025,POS MORE SUPER MARKET NAGPUR,888421157694,"2,850.30",,1157598.66
02-04-2025,POS LIFESTYLE STORES NAGPUR,459373950774,"8,500.75",,1149097.91
03-04-2025,UPIP2M318874824012DunzoUPIICICI,365765609337,680.10,,1148417.81
03-04-2025,UPIP2M914927013700AirtelPaymenUPIPAYTM,852258047312,689.00,,1147728.81
03-04-2025,UPIP2M299111979685YogeshDubeyUPIBDBL,558667049854,"1,450.66",,1146278.15
03-04-2025,UPIP2A788090367988SunilChaudhaUPIBDBL,713186419887,,"19,050.85",1165329.00
04-04-2025,UPIP2M563355051201BSNLBroadbanUPIICICI,890193908512,"1,840.24",,1163488.76
05-04-2025,UPIP2M966714907722ZeptoUPIICICI,378046118344,320.54,,1163168.22
05-04-2025,UPIP2A595417869808SapnaBanerjeUPISBIN,590332095225,,"6,300.50",1169468.72
05-04-2025,UPIP2M883079845939AmazonPayUPIPAYTM,336741160724,"1,800.66",,1167668.06
05-04-2025,UPIP2M578114557244TataAIALifeUPILICI,212569478013,"6,000.00",,1161668.06
05-04-2025,UPIP2M683203828300ACTFibernetUPIRAZORPAY,470461664243,749.00,,1160919.06
05-04-2025,UPIP2A624005126840RituPatilUPIBKID,370142534504,,"8,750.11",1169669.17
06-04-2025,UPIP2M260489662072UberIndiaUPIICICI,720615658385,"2,320.07",,1167349.10
06-04-2025,UPIP2M243756824346MayaBoseUPIBKID,757198119920,"1,000.55",,1166348.55
06-04-2025,UPIP2M340712997019UshaShahUPISBIN,446840574424,"9,300.09",,1157048.46
07-04-2025,SALARY/S2051267784369/HDFC Life Insurance,293592980567,,"72,500.34",1229548.80
07-04-2025,POS RELIANCE MART NAGPUR,873652717820,"5,200.04",,1224348.76
08-04-2025,UPIP2M958578594792AmazonPayUPIICICI,043813178299,"2,670.53",,1221678.23
08-04-2025,UPIP2M674539628874BlinkitUPIICICI,503584899517,"2,750.31",,1218927.92
08-04-2025,POS HP PETROL PUMP NAGPUR,859995232980,"4,500.84",,1214427.08
09-04-2025,UPIP2M600257915357BlinkitUPIICICI,533049221300,210.82,,1214216.26
09-04-2025,POS SHELL FUEL STATION NAGPUR,578910507205,"2,150.18",,1212066.08
10-04-2025,UPIP2M661132959517AirtelPaymenUPIPAYTM,129529414356,829.00,,1211237.08
10-04-2025,UPIP2M138929589952RapidoUPIPAYTM,436034787342,270.46,,1210966.62
10-04-2025,UPIP2A174257833340DivyaChopraUPIBARB,183095678582,,850.53,1211817.15
10-04-2025,UPIP2M460974917301VikramReddyUPIHDFC,879270304892,"3,100.97",,1208716.18
11-04-2025,POS V MART NAGPUR,428379998152,"6,000.32",,1202715.86
11-04-2025,UPIP2A283173102299VikramYadavUPISBIN,785707470337,,"17,500.15",1220216.01
11-04-2025,ATMCASHAXISDRU28885109NAGPUR,084932152711,"6,500.00",,1213716.01
11-04-2025,NACH/MANDATE/RNT0235906/RENT MANDATE,661921162653,"25,000.00",,1188716.01
11-04-2025,IMPS/218772688355/Pankaj Sharma/UCBA,143322330346,"22,800.84",,1165915.17
12-04-2025,UPIP2M833727465624UberIndiaUPIICICI,062822223257,130.03,,1165785.14
12-04-2025,UPIP2M278897390130MakeMyTripUPIICICI,824839380820,449.00,,1165336.14
13-04-2025,NACH/MANDATE/SIP0426696/Mirae Asset MF,633302869334,"6,000.00",,1159336.14
13-04-2025,POS BHARAT PETROLEUM NAGPUR,870148022731,"2,850.91",,1156485.23
14-04-2025,UPIP2M225979647207ZomatoUPIICICI,101184424701,"1,540.00",,1154945.23
14-04-2025,UPIP2M565573581287DunzoUPIICICI,784604442450,"2,270.51",,1152674.72
14-04-2025,UPIP2M281066119561JyotiVermaUPIUCBA,993061194776,"19,650.69",,1133024.03
15-04-2025,UPIP2M274746728889MSEDCLUPIUPIN,393715880966,"4,100.53",,1128923.50
16-04-2025,POS CENTRAL MALL NAGPUR,555725140624,"4,800.01",,1124123.49
16-04-2025,UPIP2M107518823888OlaCabsUPIPAYTM,177806279369,650.40,,1123473.09
16-04-2025,ATMCASHAXISALE20158668NAGPUR,823454939732,"7,000.00",,1116473.09
16-04-2025,UPIP2M016984155241ZeptoUPIICICI,905145672290,"2,470.90",,1114002.19
16-04-2025,UPIP2M348398185492PhonePeMerchUPIICICI,423212442314,"1,050.69",,1112951.50
17-04-2025,UPIP2M095922268389RapidoUPIPAYTM,370912887939,860.23,,1112091.27
18-04-2025,UPIP2M590943526803NykaaUPIPAYTM,619939306186,"5,000.85",,1107090.42
18-04-2025,UPIP2M041724351315AmazonPayUPIPAYTM,148274028433,"3,150.18",,1103940.24
19-04-2025,UPIP2M474838934191OlaCabsUPIPAYTM,591540349797,250.80,,1103689.44
21-04-2025,UPIP2M058374448521AirtelPaymenUPIPAYTM,958515800430,299.00,,1103390.44
22-04-2025,POS V MART NAGPUR,104436887076,"8,150.37",,1095240.07
22-04-2025,UPIP2A685432541542AmitSenUPIBDBL,485930464007,,750.97,1095991.04
23-04-2025,UPIP2A856582804776KrishnaRoyUPIFDRL,512395204138,,"12,200.64",1108191.68
23-04-2025,UPIP2M143353941026MaheshKhannaUPIHDFC,783213748076,"12,800.92",,1095390.76
23-04-2025,UPIP2M795176581931AirtelPaymenUPIPAYTM,997308298708,229.00,,1095161.76
23-04-2025,UPIP2A520072657001KunalMalhotrUPIPUNB,602595381670,,"17,050.66",1112212.42
23-04-2025,UPIP2M933058652640IndaneGasUPIICICI,060902225415,"2,000.34",,1110212.08
24-04-2025,UPIP2M817358683508ShivamAhujaUPIBKID,096876568175,"2,550.78",,1107661.30
25-04-2025,UPIP2M803701796827AmazonPayUPIICICI,047456921893,"1,490.46",,1106170.84
25-04-2025,UPIP2M001109144413SpotifyUPIICICI,905144583455,199.00,,1105971.84
25-04-2025,POS INDIAN OIL NAGPUR,659536998466,"2,550.25",,1103421.59
25-04-2025,POS D MART NAGPUR,536036588429,"2,200.77",,1101220.82
26-04-2025,UPIP2M015205307514SumitDesaiUPIBKID,222341155627,"15,450.28",,1085770.54
26-04-2025,UPIP2A271040477511NareshSenUPIBARB,439897754746,,"2,800.73",1088571.27
27-04-2025,Monthly Service Chrgs,281038559957,210.00,,1088361.27
27-04-2025,UPIP2M369893377410BSNLBroadbanUPIICICI,871820477081,"1,200.57",,1087160.70
27-04-2025,POS V MART NAGPUR,462506965411,"5,400.71",,1081759.99
27-04-2025,GST ON CHARGES,496725185257,37.80,,1081722.19
28-04-2025,IMPS/721080913003/Amit Ahuja/KKBK,180329231633,"39,000.83",,1042721.36
29-04-2025,UPIP2M347305731782AirtelPaymenUPIPAYTM,023345873588,769.00,,1041952.36
29-04-2025,UPIP2M507432441822OlaCabsUPIPAYTM,296971983013,550.41,,1041401.95
29-04-2025,UPIP2M813559326503FlipkartUPIICICI,455551312561,410.24,,1040991.71
30-04-2025,UPIP2M348911841122SachinReddyUPIBARB,799904200420,"18,450.91",,1022540.80
30-04-2025,UPIP2M637167881697FlipkartUPIICICI,839271055842,"2,150.51",,1020390.29
01-05-2025,UPIP2M450969733022BigBasketUPIICICI,704559565316,"2,100.56",,1018289.73
01-05-2025,POS BIG BAZAAR NAGPUR,273227714285,"1,900.83",,1016388.90
01-05-2025,UPIP2M457314929028SwiggyUPIICICI,931845784820,"1,090.82",,1015298.08
01-05-2025,UPIP2M099568527439AmazonPayUPIICICI,584150864193,"2,360.59",,1012937.49
02-05-2025,UPIP2A291240682821PoonamGuptaUPIUTIB,172668965157,,"17,000.67",1029938.16
03-05-2025,POS RELIANCE PETROLEUM NAGPUR,040709829584,"1,650.83",,1028287.33
03-05-2025,UPIP2M996078955076DeepakShuklaUPIBARB,254743985270,"7,900.70",,1020386.63
03-05-2025,UPIP2M921943012106BSNLBroadbanUPIICICI,499485969501,"1,590.83",,1018795.80
03-05-2025,UPIP2M943114618754KrishnaIyerUPIFDRL,516043635631,"3,000.56",,1015795.24
03-05-2025,ATMCASHAXISOOD04994575NAGPUR,083118885981,"4,500.00",,1011295.24
03-05-2025,UPIP2M553417440142AirtelPaymenUPIPAYTM,785642099559,279.00,,1011016.24
04-05-2025,POS BHARAT PETROLEUM NAGPUR,268939684913,"3,650.21",,1007366.03
05-05-2025,UPIP2M092143002412AmazonPayUPIPAYTM,787567088352,"4,400.61",,1002965.42
05-05-2025,SALARY/S5678587851059/HDFC Life Insurance,491920909486,,"74,779.34",1077744.76
06-05-2025,UPIP2M592817029027FlipkartUPIPAYTM,446333552199,"1,050.16",,1076694.60
07-05-2025,UPIP2A420756663126SumitPillaiUPIPUNB,426995753384,,"19,550.36",1096244.96
07-05-2025,UPIP2M323074356954PhonePeMerchUPIICICI,843864538347,"1,400.63",,1094844.33
08-05-2025,UPIP2M985277263677AshaDesaiUPIKKBK,888981845231,"9,500.42",,1085343.91
08-05-2025,UPIP2M475629164250RapidoUPIPAYTM,127180295919,840.79,,1084503.12
09-05-2025,UPIP2M318216272184IRCTCUPIICICI,122183809341,499.00,,1084004.12
09-05-2025,UPIP2M594971670406ZomatoUPIICICI,990864263468,"1,180.86",,1082823.26
09-05-2025,UPIP2M333437710068TataAIALifeUPILICI,440392023938,"6,000.00",,1076823.26
10-05-2025,NACH/MANDATE/RNT2759355/RENT MANDATE,523895807997,"25,000.00",,1051823.26
10-05-2025,UPIP2M990368723819RapidoUPIPAYTM,553085487449,270.83,,1051552.43
10-05-2025,UPIP2M597414686363OlaCabsUPIPAYTM,599551558630,380.21,,1051172.22
11-05-2025,UPIP2M896807319709AnjaliSethiUPISBIN,684066792723,"6,700.02",,1044472.20
11-05-2025,UPIP2A938207072448VarshaSinghUPIFDRL,359423095659,,"13,700.79",1058172.99
11-05-2025,UPIP2M768974376378KrishnaJainUPIFDRL,199522491195,"18,950.33",,1039222.66
11-05-2025,UPIP2M088902007016AirtelPaymenUPIPAYTM,644955484591,359.00,,1038863.66
12-05-2025,UPIP2M032262061990ZomatoUPIICICI,199315284660,"2,500.46",,1036363.20
12-05-2025,UPIP2M423554126779RapidoUPIPAYTM,812859165067,130.91,,1036232.29
13-05-2025,UPIP2M554112971423AmazonPayUPIICICI,165926874657,"1,460.51",,1034771.78
13-05-2025,POS D MART NAGPUR,355882952592,"3,950.91",,1030820.87
14-05-2025,UPIP2M805933793961AnilPandeyUPIUCBA,715539396795,"9,550.75",,1021270.12
14-05-2025,UPIP2M788103977682AshaRoyUPIBKID,693236814680,"18,500.09",,1002770.03
15-05-2025,UPIP2M297958459077MSEDCLUPIUPIN,317369089447,"3,550.66",,999219.37
16-05-2025,UPIP2A541345926520ShivamSenUPIPUNB,585648176902,,"21,100.67",1020320.04
16-05-2025,UPIP2M203686456317IndaneGasUPIICICI,305701854036,"1,700.12",,1018619.92
16-05-2025,NACH/MANDATE/SIP1071626/Mirae Asset MF,366217785763,"6,000.00",,1012619.92
17-05-2025,UPIP2M379796668396MeeshoUPIPAYTM,993865940282,350.58,,1012269.34
17-05-2025,UPIP2M376131405964VandanaJainUPIKKBK,446315785415,650.77,,1011618.57
17-05-2025,UPIP2M873214581356KunalKapoorUPIFDRL,391898666130,"13,750.32",,997868.25
18-05-2025,UPIP2M787942919418PaytmMallUPIICICI,752075290798,"2,550.31",,995317.94
19-05-2025,UPIP2M205931973393SapnaSinghUPIBDBL,605481416725,900.58,,994417.36
19-05-2025,UPIP2M182909755939AirtelPaymenUPIPAYTM,664063668537,659.00,,993758.36
19-05-2025,UPIP2M096615755698BSNLBroadbanUPIICICI,975376428450,"2,650.77",,991107.59
21-05-2025,UPIP2M053086206828FlipkartUPIICICI,486342753444,"1,530.33",,989577.26
22-05-2025,UPIP2A377100581160ArunMalhotraUPIPUNB,454371651283,,"15,450.59",1005027.85
22-05-2025,UPIP2M857751025458DeepaNairUPIUTIB,724131201067,"9,800.25",,995227.60
22-05-2025,UPIP2M991164827828AnkitSaxenaUPIBDBL,758285934846,"18,850.58",,976377.02
23-05-2025,UPIP2M875933732640AmazonPayUPIICICI,843861212614,960.23,,975416.79
24-05-2025,UPIP2M934546190495ZomatoUPIICICI,666072617149,"1,740.90",,973675.89
25-05-2025,POS METRO CASH CARRY NAGPUR,797552714387,"2,500.02",,971175.87
25-05-2025,UPIP2M791338536770RameshSrivasUPIKKBK,931034582244,"20,000.86",,951175.01
26-05-2025,UPIP2M876620651986MyntraUPIICICI,070661069205,949.00,,950226.01
26-05-2025,ATMCASHAXISVGW84551360NAGPUR,443343367101,"8,000.00",,942226.01
27-05-2025,POS STAR BAZAAR NAGPUR,276649742739,"7,550.50",,934675.51
28-05-2025,UPIP2M960960497073ManojChopraUPIUCBA,553713312566,"16,000.49",,918675.02
28-05-2025,UPIP2M900174184579PaytmMallUPIICICI,916013195021,410.58,,918264.44
29-05-2025,UPIP2M520549780485DunzoUPIICICI,170060420879,"2,460.64",,915803.80
29-05-2025,UPIP2M420288709767BabitaBanerjUPIKKBK,787977231727,"15,600.80",,900203.00
29-05-2025,UPIP2M140485561375AirtelPaymenUPIPAYTM,670855142921,329.00,,899874.00
29-05-2025,POS PANTALOONS NAGPUR,846004717680,"2,450.97",,897423.03
30-05-2025,POS D MART NAGPUR,160287052800,"1,050.39",,896372.64
30-05-2025,UPIP2M639967442094FlipkartUPIICICI,370174033685,"2,320.72",,894051.92
31-05-2025,POS VISHAL MEGA MART NAGPUR,812662321821,"7,200.22",,886851.70
01-06-2025,UPIP2M611787796238PoonamBoseUPIUCBA,475758851359,"8,500.47",,878351.23
02-06-2025,UPIP2M152150522417AirtelPaymenUPIPAYTM,560095914752,919.00,,877432.23
02-06-2025,UPIP2M959633252405UberIndiaUPIICICI,735231910749,"2,340.33",,875091.90
03-06-2025,UPIP2A387972748524GauravMishraUPIFDRL,115202459112,,"8,700.58",883792.48
03-06-2025,UPIP2M306094081796ZomatoUPIICICI,215529094800,"2,520.44",,881272.04
03-06-2025,UPIP2M505341242762FlipkartUPIPAYTM,328241099375,"5,900.14",,875371.90
04-06-2025,UPIP2M521869436315RahulMenonUPIBKID,197468323674,"7,250.02",,868121.88
04-06-2025,UPIP2A833286982800SiddharthRaoUPISBIN,073724888493,,"10,450.43",878572.31
05-06-2025,ATMCASHAXISEIX42517591NAGPUR,918844385942,"7,500.00",,871072.31
05-06-2025,ATMCASHAXISHQF16374930NAGPUR,092323327322,"8,000.00",,863072.31
05-06-2025,POS RELIANCE PETROLEUM NAGPUR,900536229112,"3,200.91",,859871.40
06-06-2025,SALARY/S9066563064686/HDFC Life Insurance,914681240440,,"74,724.34",934595.74
07-06-2025,ATMCASHAXISGXY94245572NAGPUR,224355562157,"3,500.00",,931095.74
07-06-2025,UPIP2M944659014367PhonePeMerchUPIICICI,918290898515,580.96,,930514.78
08-06-2025,UPIP2M547231454633TataAIALifeUPILICI,570311289922,"6,000.00",,924514.78
08-06-2025,POS LIFESTYLE STORES NAGPUR,914330775558,"5,950.41",,918564.37
08-06-2025,UPIP2M037721868137AmazonPayUPIICICI,283616749979,"2,750.12",,915814.25
08-06-2025,UPIP2M906555420236UberIndiaUPIPAYTM,450763264769,660.70,,915153.55
08-06-2025,UPIP2M654398901123OlaCabsUPIICICI,981163948830,"2,250.48",,912903.07
09-06-2025,UPIP2M077871112633JioRechargeUPIICICI,485669667887,700.05,,912203.02
10-06-2025,ATMCASHAXISBXS95765604NAGPUR,978674132449,"2,000.00",,910203.02
10-06-2025,UPIP2M205326247915PhonePeMerchUPIICICI,898236836046,660.01,,909543.01
10-06-2025,UPIP2A651921111531KapilPillaiUPIUCBA,479807378337,,"4,650.22",914193.23
10-06-2025,NACH/MANDATE/RNT2905697/RENT MANDATE,885314916873,"25,000.00",,889193.23
12-06-2025,UPIP2M148912798508ManishAhujaUPIBARB,924914808906,"6,750.44",,882442.79
12-06-2025,UPIP2M184086425756ApolloPharmaUPIICICI,250968906232,"1,470.44",,880972.35
13-06-2025,IMPS/131964165299/Jyoti Chatterjee/HDFC,708317208846,"12,400.89",,868571.46
14-06-2025,UPIP2M334661675502HotstarUPIICICI,926562871362,649.00,,867922.46
14-06-2025,UPIP2M541452199765ZomatoUPIICICI,915718474550,530.08,,867392.38
14-06-2025,UPIP2A977173214523ShreyaChopraUPIBKID,747888299152,,"2,550.91",869943.29
14-06-2025,UPIP2M072776160906UberIndiaUPIICICI,284319307087,"1,910.90",,868032.39
14-06-2025,POS METRO CASH CARRY NAGPUR,389712254717,"2,550.76",,865481.63
15-06-2025,UPIP2M523914968803AirtelPaymenUPIPAYTM,961763027683,449.00,,865032.63
15-06-2025,UPIP2M956037422264RameshAhujaUPISBIN,412090217986,"15,450.52",,849582.11
15-06-2025,POS SHOPPERS STOP NAGPUR,997800968699,"4,800.28",,844781.83
16-06-2025,UPIP2M890643854060BlinkitUPIICICI,706925578019,"1,170.56",,843611.27
16-06-2025,UPIP2M282538599770AirtelPaymenUPIPAYTM,069285427488,549.00,,843062.27
17-06-2025,UPIP2M991755058636ACTFibernetUPIRAZORPAY,830043316122,"1,049.00",,842013.27
18-06-2025,POS RELIANCE MART NAGPUR,239183401414,"4,600.03",,837413.24
18-06-2025,NACH/MANDATE/SIP1122526/Mirae Asset MF,462303095511,"6,000.00",,831413.24
18-06-2025,ATMCASHAXISNSG57550326NAGPUR,000824298205,"10,000.00",,821413.24
18-06-2025,UPIP2M087239340662OlaCabsUPIPAYTM,539309972283,890.12,,820523.12
19-06-2025,UPIP2A770255439443KavyaJainUPIUTIB,672893479316,,"19,500.16",840023.28
19-06-2025,UPIP2M837867521729MyntraUPIPAYTM,509591263548,"5,050.19",,834973.09
19-06-2025,UPIP2A056150724855DeepakShahUPIKKBK,560787045247,,"20,950.26",855923.35
21-06-2025,UPIP2M500338938223RapidoUPIPAYTM,196633655944,390.98,,855532.37
21-06-2025,UPIP2M876631642749DunzoUPIICICI,763137113228,"2,050.93",,853481.44
21-06-2025,POS BHARAT PETROLEUM NAGPUR,197664628470,"1,450.33",,852031.11
21-06-2025,UPIP2M916944545581MSEDCLUPIUPIN,735736553569,"1,100.61",,850930.50
22-06-2025,UPIP2M431381366098IndaneGasUPIICICI,841129669270,"2,400.31",,848530.19
22-06-2025,UPIP2M174557922587BlinkitUPIICICI,446360691107,"2,070.87",,846459.32
22-06-2025,NEFT/N4722093213022/Tech Mahindra Ltd/BDBL0098659,937567038849,,"19,500.85",865960.17
22-06-2025,UPIP2M269339057303AkashTiwariUPIBKID,289348197277,"3,150.70",,862809.47
22-06-2025,UPIP2A565139439286DeepakPatelUPIFDRL,482140765508,,"2,750.13",865559.60
23-06-2025,UPIP2M269098925381MeeshoUPIPAYTM,661932606164,"3,150.65",,862408.95
24-06-2025,ATMCASHAXISLEF61761750NAGPUR,672737334107,"3,000.00",,859408.95
25-06-2025,UPIP2M069603183288UberIndiaUPIICICI,233429557723,"1,800.65",,857608.30
25-06-2025,POS STAR BAZAAR NAGPUR,974576691001,"8,500.67",,849107.63
26-06-2025,INTEREST CREDIT,326840702271,,360.97,849468.60
26-06-2025,UPIP2M163666169852DunzoUPIICICI,271727371438,"1,260.71",,848207.89
27-06-2025,UPIP2M821798594514RapidoUPIPAYTM,930404473535,880.17,,847327.72
29-06-2025,UPIP2A505451475018PallaviPatilUPIFDRL,964239411688,,"13,550.57",860878.29
30-06-2025,UPIP2M792130839953SangitaMenonUPIKKBK,161150186849,"3,900.37",,856977.92
30-06-2025,UPIP2M132809060896AnitaNaikUPIBDBL,283163022754,"7,450.13",,849527.79
01-07-2025,ATMCASHAXISAUY87076437NAGPUR,189626264830,"3,000.00",,846527.79
01-07-2025,UPIP2M164922429970BigBasketUPIICICI,919091928771,330.79,,846197.00
02-07-2025,UPIP2M468253806216PhonePeMerchUPIICICI,066084684976,"2,670.01",,843526.99
03-07-2025,UPIP2M843352898543HotstarUPIICICI,476282219464,149.00,,843377.99
03-07-2025,UPIP2M582163834456AirtelPaymenUPIPAYTM,630170759596,709.00,,842668.99
03-07-2025,UPIP2M883866744785PaytmMallUPIICICI,902741598919,"2,490.72",,840178.27
04-07-2025,POS CENTRAL MALL NAGPUR,918081136071,"1,900.78",,838277.49
04-07-2025,UPIP2M246841481133KavitaMishraUPIBDBL,532800370578,"11,950.96",,826326.53
05-07-2025,UPIP2M754186014883OlaCabsUPIPAYTM,355184240079,100.93,,826225.60
05-07-2025,UPIP2M077838706150BigBasketUPIICICI,564258768929,360.00,,825865.60
05-07-2025,UPIP2M877534971815ShreyaSinghUPIBARB,790177072377,"12,600.30",,813265.30
06-07-2025,SALARY/S2341095300888/HDFC Life Insurance,914420082277,,"73,188.34",886453.64
06-07-2025,UPIP2M563220526226FlipkartUPIPAYTM,558063168464,"1,600.39",,884853.25
07-07-2025,UPIP2M468286271286VikramSethiUPISBIN,820151136762,"21,750.96",,863102.29
07-07-2025,UPIP2M660888423198ACTFibernetUPIRAZORPAY,725485065437,949.00,,862153.29
09-07-2025,NACH/MANDATE/RNT3514368/RENT MANDATE,370279258069,"25,000.00",,837153.29
10-07-2025,UPIP2M184503609004AirtelPaymenUPIPAYTM,139778138158,999.00,,836154.29
10-07-2025,UPIP2A909569594442MukeshIyerUPISBIN,943664969958,,"3,750.93",839905.22
10-07-2025,UPIP2M076323587471PhonePeMerchUPIICICI,087144246768,150.99,,839754.23
11-07-2025,UPIP2A582071925530ArunDasUPIKKBK,385657008344,,"14,250.70",854004.93
12-07-2025,UPIP2A074240760057ArchanaSinghUPIFDRL,505326453094,,"20,150.03",874154.96
13-07-2025,UPIP2M454453599513BigBasketUPIICICI,581559137466,"2,010.64",,872144.32
13-07-2025,UPIP2M126965005217OlaCabsUPIICICI,572035351552,300.10,,871844.22
13-07-2025,UPIP2M311296386514TataAIALifeUPILICI,279093987269,"6,000.00",,865844.22
14-07-2025,UPIP2M349138279607AirtelPaymenUPIPAYTM,208299775036,749.00,,865095.22
14-07-2025,UPIP2M024295497856FlipkartUPIICICI,521629875691,"1,180.17",,863915.05
14-07-2025,ATMCASHAXISLLI34041215NAGPUR,486128061285,"3,500.00",,860415.05
14-07-2025,POS INDIAN OIL NAGPUR,130748189368,"1,250.32",,859164.73
15-07-2025,UPIP2M375414785421BigBasketUPIICICI,750373754287,"2,700.56",,856464.17
15-07-2025,UPIP2A785767512821RaviNairUPIKKBK,411358972312,,"3,450.55",859914.72
15-07-2025,UPIP2A075909485991AnitaPillaiUPIUCBA,017552861367,,"14,350.53",874265.25
15-07-2025,POS RELIANCE MART NAGPUR,951198496120,"1,300.34",,872964.91
15-07-2025,ATMCASHAXISQNO42135396NAGPUR,558941010871,"6,000.00",,866964.91
16-07-2025,UPIP2A040181526478GopalKhannaUPIUTIB,205359225597,,"9,800.23",876765.14
16-07-2025,UPIP2M161411771104ZeptoUPIICICI,681715919223,780.55,,875984.59
17-07-2025,UPIP2M597702092346NaveenDasUPIBKID,179931900742,"11,050.14",,864934.45
18-07-2025,UPIP2A522502184217DivyaDasUPIKKBK,191306292230,,"14,700.01",879634.46
18-07-2025,POS VISHAL MEGA MART NAGPUR,353358284499,950.34,,878684.12
19-07-2025,UPIP2M662084524966JyotiChaudhaUPIUTIB,679506426053,"17,900.04",,860784.08
19-07-2025,NACH/MANDATE/SIP7277367/Mirae Asset MF,772505020501,"6,000.00",,854784.08
19-07-2025,UPIP2M007382897258VandanaPandeUPIUTIB,919592979962,"7,600.92",,847183.16
20-07-2025,UPIP2M702092831786BigBasketUPIICICI,661528795771,500.91,,846682.25
21-07-2025,UPIP2M261217632996MSEDCLUPIUPIN,485080244627,"4,200.20",,842482.05
21-07-2025,UPIP2M336450168050OlaCabsUPIPAYTM,788792878072,150.71,,842331.34
21-07-2025,UPIP2M433047760576AirtelPaymenUPIPAYTM,464508839195,779.00,,841552.34
22-07-2025,UPIP2M064994429716RapidoUPIPAYTM,390580616354,210.85,,841341.49
22-07-2025,UPIP2A345445672950RajeshMishraUPIBARB,120489205840,,"13,000.63",854342.12
22-07-2025,UPIP2M263383476135AirtelPaymenUPIPAYTM,850218161909,989.00,,853353.12
22-07-2025,POS STAR BAZAAR NAGPUR,280557972758,"6,350.03",,847003.09
22-07-2025,UPIP2A363103325604SushmaPandeyUPIBKID,354545186430,,"19,050.74",866053.83
23-07-2025,UPIP2M932933839177PaytmMallUPIICICI,016041608397,"1,030.58",,865023.25
24-07-2025,POS HP PETROL PUMP NAGPUR,255566992798,"4,350.62",,860672.63
24-07-2025,UPIP2M761549111456AshaKumarUPIHDFC,068846390722,"13,750.60",,846922.03
25-07-2025,UPIP2M175350594250IndaneGasUPIICICI,758417589788,"2,500.65",,844421.38
25-07-2025,UPIP2A859014967471SureshNairUPIUTIB,788174627371,,"9,000.07",853421.45
26-07-2025,UPIP2A694957890589BrijeshBoseUPIUCBA,518587510024,,"14,150.18",867571.63
26-07-2025,ATMCASHAXISYQU42200484NAGPUR,999392849139,"3,000.00",,864571.63
26-07-2025,UPIP2M253065107675PhonePeMerchUPIICICI,442766747374,"1,470.54",,863101.09
27-07-2025,UPIP2M545633265576AmazonPayUPIICICI,143499528965,"1,950.66",,861150.43
27-07-2025,GST ON CHARGES,038653607661,45.00,,861105.43
27-07-2025,Monthly Service Chrgs,655353986841,250.00,,860855.43
28-07-2025,UPIP2M604413532875SanjayPillaiUPIBDBL,769154374269,"12,200.21",,848655.22
28-07-2025,ATMCASHAXISVDV10881646NAGPUR,984820849055,"3,500.00",,845155.22
28-07-2025,UPIP2M600777474434DunzoUPIICICI,994788295369,"1,040.02",,844115.20
29-07-2025,UPIP2M249516050403AnilMalhotraUPIBDBL,286915350301,"7,050.97",,837064.23
29-07-2025,UPIP2A786022188860AkashKapoorUPIBDBL,445271776888,,850.09,837914.32
29-07-2025,ATMCASHAXISBSL03981173NAGPUR,515766062262,"8,500.00",,829414.32
30-07-2025,UPIP2M584817263584RituSrivastaUPIUTIB,288920092198,"9,250.75",,820163.57
31-07-2025,UPIP2M752461317368AmazonPayUPIICICI,436829974522,"1,780.10",,818383.47
01-08-2025,UPIP2M353056943004RapidoUPIPAYTM,449697163680,620.85,,817762.62
02-08-2025,UPIP2M657475654390AirtelPaymenUPIPAYTM,043565527674,539.00,,817223.62
02-08-2025,UPIP2A761668967484NishaSaxenaUPIHDFC,952517381329,,"7,650.77",824874.39
02-08-2025,POS RELIANCE PETROLEUM NAGPUR,859137563271,"1,150.89",,823723.50
04-08-2025,SALARY/S9063063603964/HDFC Life Insurance,544172422331,,"73,108.34",896831.84
05-08-2025,UPIP2M402208849574ACTFibernetUPIRAZORPAY,325412095686,349.00,,896482.84
05-08-2025,UPIP2M066835222835OlaCabsUPIICICI,045325756989,300.23,,896182.61
06-08-2025,POS PANTALOONS NAGPUR,558644297809,"6,400.75",,889781.86
06-08-2025,POS STAR BAZAAR NAGPUR,403972049638,"2,750.23",,887031.63
06-08-2025,UPIP2M725802349905AirtelPaymenUPIPAYTM,395956868069,349.00,,886682.63
06-08-2025,UPIP2M588750398316PaytmMallUPIICICI,251759240842,680.67,,886001.96
06-08-2025,UPIP2M943889618377AnilDesaiUPIUCBA,629950723134,"16,550.98",,869450.98
06-08-2025,UPIP2M287017394968AirtelPaymenUPIPAYTM,805905514614,909.00,,868541.98
06-08-2025,UPIP2M350868560562SaritaSinghUPIKKBK,138288414712,"19,050.74",,849491.24
06-08-2025,ATMCASHAXISVYC36756157NAGPUR,857929211926,"7,000.00",,842491.24
08-08-2025,NACH/MANDATE/RNT1837077/RENT MANDATE,029840617788,"25,000.00",,817491.24
08-08-2025,UPIP2M718191019742TataAIALifeUPILICI,060809361837,"6,000.00",,811491.24
09-08-2025,UPIP2A061461208579AbhishekChopUPIBARB,269184012794,,"7,650.88",819142.12
10-08-2025,UPIP2M294072137258AmazonPayUPIPAYTM,580878769594,"5,700.75",,813441.37
10-08-2025,UPIP2M071856630488UberIndiaUPIPAYTM,209703440540,240.08,,813201.29
11-08-2025,UPIP2M342876600950NetmedsUPIICICI,676776473861,280.63,,812920.66
11-08-2025,UPIP2M568852537063PhonePeMerchUPIICICI,099059966313,270.65,,812650.01
11-08-2025,UPIP2M931362481576IndaneGasUPIICICI,227274556709,"2,150.15",,810499.86
13-08-2025,UPIP2M130035786124DineshDesaiUPIKKBK,902692855943,"3,000.33",,807499.53
13-08-2025,UPIP2M456005232326RajanGhoshUPIUCBA,493309906535,"16,100.00",,791399.53
14-08-2025,UPIP2M024820541762KapilYadavUPIUTIB,746620703829,"7,850.63",,783548.90
14-08-2025,UPIP2M753060515841KunalJoshiUPIBARB,674307781779,"6,450.11",,777098.79
14-08-2025,UPIP2M807147627311MSEDCLUPIUPIN,949692916979,"2,500.90",,774597.89
15-08-2025,UPIP2M170882217873AirtelPaymenUPIPAYTM,559732041227,889.00,,773708.89
15-08-2025,NACH/MANDATE/SIP3771238/Mirae Asset MF,476116655222,"6,000.00",,767708.89
16-08-2025,UPIP2M076099721931ZeptoUPIICICI,959128358344,"1,250.98",,766457.91
16-08-2025,UPIP2M797410186530JioRechargeUPIICICI,823368197056,"1,340.16",,765117.75
16-08-2025,UPIP2M117818864812AmazonPayUPIICICI,114414374367,"2,380.06",,762737.69
17-08-2025,UPIP2M294813684088SwiggyUPIICICI,080465684563,"1,790.40",,760947.29
17-08-2025,UPIP2M385598983012BSNLBroadbanUPIICICI,741691410777,"2,420.49",,758526.80
18-08-2025,UPIP2M985882469764OlaCabsUPIICICI,450875842186,770.42,,757756.38
18-08-2025,POS PANTALOONS NAGPUR,665425454940,"1,950.03",,755806.35
19-08-2025,UPIP2M259368049787NykaaUPIPAYTM,746167911945,"4,050.40",,751755.95
19-08-2025,UPIP2M453767625921VarunVermaUPIBARB,336643744983,"14,300.11",,737455.84
20-08-2025,ATMCASHAXISPLZ87003464NAGPUR,239540515835,"3,000.00",,734455.84
20-08-2025,IMPS/655051585172/Siddharth Ahuja/HDFC,840260675342,"12,500.04",,721955.80
20-08-2025,POS PANTALOONS NAGPUR,638113682001,"7,850.58",,714105.22
20-08-2025,POS BHARAT PETROLEUM NAGPUR,091926461131,"1,950.03",,712155.19
21-08-2025,UPIP2M619616929228DivyaKapoorUPIUTIB,802464811905,100.17,,712055.02
22-08-2025,POS MAX FASHION NAGPUR,227595408280,"2,300.47",,709754.55
22-08-2025,UPIP2M837465615824OlaCabsUPIPAYTM,509888434922,840.69,,708913.86
22-08-2025,UPIP2A103778771823KrishnaShahUPIBARB,346831873749,,"7,550.55",716464.41
22-08-2025,UPIP2M744454011337ZomatoUPIICICI,824133214688,"2,130.24",,714334.17
23-08-2025,UPIP2M937081297600RapidoUPIPAYTM,880932709866,890.05,,713444.12
24-08-2025,UPIP2A584327471826VikramNairUPIFDRL,018295883790,,"15,350.90",728795.02
25-08-2025,ATMCASHAXISOEU49621563NAGPUR,667623005751,"6,500.00",,722295.02
25-08-2025,UPIP2M292363889026BSNLBroadbanUPIICICI,457891897967,880.90,,721414.12
26-08-2025,Monthly Service Chrgs,336983968275,470.00,,720944.12
26-08-2025,UPIP2M413355795433OlaCabsUPIICICI,847134802673,"2,320.00",,718624.12
26-08-2025,GST ON CHARGES,115212425270,84.60,,718539.52
27-08-2025,UPIP2M318711078187OlaCabsUPIICICI,287946065674,350.09,,718189.43
28-08-2025,UPIP2M907668840249SwiggyUPIICICI,879244070140,"1,560.03",,716629.40
28-08-2025,UPIP2M219882523967OlaCabsUPIPAYTM,603115213147,280.01,,716349.39
28-08-2025,UPIP2M257508800701UberIndiaUPIPAYTM,589461510866,820.67,,715528.72
29-08-2025,ATMCASHAXISTCL73575785NAGPUR,016116752192,"2,500.00",,713028.72
31-08-2025,UPIP2A665910325331ArchanaAgarwUPIHDFC,388308371294,,"5,450.71",718479.43
31-08-2025,UPIP2M834090288678BigBasketUPIICICI,549207315712,820.24,,717659.19
31-08-2025,UPIP2A891801283476SangitaMalhoUPIBKID,414461919411,,850.85,718510.04
31-08-2025,UPIP2M717167460225FlipkartUPIICICI,521951644311,"1,440.79",,717069.25
01-09-2025,UPIP2M872386419101FlipkartUPIICICI,563201824467,"2,490.95",,714578.30
01-09-2025,UPIP2M899879771620ZeptoUPIICICI,746614388791,"2,340.68",,712237.62
01-09-2025,UPIP2M108006571062NykaaUPIPAYTM,209581759646,"2,350.65",,709886.97
02-09-2025,POS SHOPPERS STOP NAGPUR,819519782319,"7,700.52",,702186.45
02-09-2025,UPIP2M807508470975MinaPatelUPIFDRL,483298544664,"8,650.52",,693535.93
03-09-2025,POS SHOPPERS STOP NAGPUR,247589805277,"3,900.45",,689635.48
03-09-2025,UPIP2M073812380160PhonePeMerchUPIICICI,113254003698,990.83,,688644.65
04-09-2025,UPIP2M490939083879GopalRoyUPIBKID,986212917989,"13,900.66",,674743.99
04-09-2025,POS STAR BAZAAR NAGPUR,830271309568,"6,550.65",,668193.34
05-09-2025,SALARY/S6400143611944/HDFC Life Insurance,647469528582,,"72,133.34",740326.68
05-09-2025,UPIP2M473493722925JioRechargeUPIICICI,619458542816,570.37,,739756.31
05-09-2025,UPIP2M380751556073PractoUPIICICI,354588192331,649.00,,739107.31
05-09-2025,POS HP PETROL PUMP NAGPUR,569907269188,"2,900.68",,736206.63
05-09-2025,UPIP2M386867712016ACTFibernetUPIRAZORPAY,486631120510,"1,299.00",,734907.63
05-09-2025,UPIP2M006270120437AirtelPaymenUPIPAYTM,853214371137,189.00,,734718.63
06-09-2025,ATMCASHAXISAJJ47369343NAGPUR,675046474049,"1,500.00",,733218.63
07-09-2025,POS MAX FASHION NAGPUR,640151590289,"4,300.86",,728917.77
07-09-2025,UPIP2M810283523102SachinBanerjUPIFDRL,844091914794,"1,300.62",,727617.15
08-09-2025,POS PANTALOONS NAGPUR,853539690749,850.41,,726766.74
09-09-2025,UPIP2M557491891678TataAIALifeUPILICI,697335861947,"6,000.00",,720766.74
09-09-2025,UPIP2M945795630700RapidoUPIPAYTM,297072237862,800.09,,719966.65
09-09-2025,UPIP2M504632172488ZomatoUPIICICI,449546658253,830.10,,719136.55
10-09-2025,UPIP2M382555560336OlaCabsUPIPAYTM,387204093783,350.17,,718786.38
10-09-2025,UPIP2A188724774444MukeshMukherUPIUCBA,276893937496,,"7,500.45",726286.83
10-09-2025,UPIP2M542908378910AirtelPaymenUPIPAYTM,834118756304,499.00,,725787.83
10-09-2025,NACH/MANDATE/RNT5755414/RENT MANDATE,294967749557,"25,000.00",,700787.83
11-09-2025,UPIP2M167665446077AirtelPaymenUPIPAYTM,948044657769,929.00,,699858.83
11-09-2025,UPIP2M005672325524AirtelPaymenUPIPAYTM,882666716063,929.00,,698929.83
12-09-2025,NACH/MANDATE/SIP0163920/Mirae Asset MF,921216872199,"6,000.00",,692929.83
14-09-2025,UPIP2M998148808739IndaneGasUPIICICI,302007272798,900.53,,692029.30
14-09-2025,UPIP2A057261271849VishalKumarUPIPUNB,971279090668,,"6,500.75",698530.05
14-09-2025,UPIP2M576454915456PhonePeMerchUPIICICI,932942924161,320.01,,698210.04
15-09-2025,UPIP2M817005836489MakeMyTripUPIICICI,695826538661,999.00,,697211.04
16-09-2025,ATMCASHAXISUFI40926714NAGPUR,517541066513,"9,500.00",,687711.04
17-09-2025,UPIP2A162004223129MohanDuttaUPIBARB,995932754369,,"1,750.33",689461.37
17-09-2025,UPIP2A546960913877AbhishekPateUPIBDBL,181645839977,,"7,150.87",696612.24
18-09-2025,UPIP2M147727730079AirtelPaymenUPIPAYTM,328934292089,409.00,,696203.24
18-09-2025,UPIP2M105610768347UberIndiaUPIPAYTM,069003726665,260.28,,695942.96
18-09-2025,UPIP2M257090199217SachinPillaiUPIBKID,655643118113,"16,100.57",,679842.39
19-09-2025,NEFT/N9451778749509/Oracle Financial Ser/PUNB0152535,456798543674,,"42,000.35",721842.74
19-09-2025,POS RELIANCE PETROLEUM NAGPUR,731142404456,"2,200.87",,719641.87
19-09-2025,UPIP2M416131037817BSNLBroadbanUPIICICI,206792034574,"1,240.58",,718401.29
19-09-2025,UPIP2M722342615872ZomatoUPIICICI,525601907897,"2,760.31",,715640.98
20-09-2025,UPIP2M658313847846ZeptoUPIICICI,066929508797,"1,390.32",,714250.66
21-09-2025,UPIP2M866819675178MSEDCLUPIUPIN,036200327806,900.08,,713350.58
22-09-2025,UPIP2M009565069958JioRechargeUPIICICI,537087213275,"1,240.70",,712109.88
23-09-2025,UPIP2M785552370309NykaaUPIPAYTM,113079568037,"5,900.95",,706208.93
23-09-2025,UPIP2M252956872240JyotiVermaUPIHDFC,654797230172,"8,950.09",,697258.84
25-09-2025,UPIP2M617457278010ZomatoUPIICICI,063887829558,460.19,,696798.65
25-09-2025,UPIP2M203743929511OlaCabsUPIPAYTM,828144600809,820.07,,695978.58
25-09-2025,UPIP2M191477970209AmazonPayUPIICICI,761995890790,"1,360.88",,694617.70
27-09-2025,UPIP2M209611762772SwiggyUPIICICI,448311886787,"1,640.85",,692976.85
27-09-2025,UPIP2M332859735658SantoshVermaUPIBKID,303491823478,"17,200.41",,675776.44
27-09-2025,UPIP2M182945943249AnilKulkarniUPIBKID,251842587249,"7,400.38",,668376.06
27-09-2025,UPIP2M090377829232PriyaPillaiUPIFDRL,506884640292,"17,550.55",,650825.51
27-09-2025,UPIP2M820534773425GirishKapoorUPIFDRL,575100607947,"19,050.90",,631774.61
27-09-2025,UPIP2A032921286898AshishChatteUPISBIN,080814420746,,"11,100.32",642874.93
27-09-2025,INTEREST CREDIT,233116401878,,"1,185.14",644060.07
27-09-2025,UPIP2M394496688930FlipkartUPIICICI,478776981235,"1,490.72",,642569.35
28-09-2025,UPIP2M481087228943OlaCabsUPIPAYTM,815741069828,450.81,,642118.54
28-09-2025,UPIP2M226557071920PhonePeMerchUPIICICI,449190095029,850.71,,641267.83
29-09-2025,POS BHARAT PETROLEUM NAGPUR,787244690328,"4,350.74",,636917.09
30-09-2025,UPIP2A666340496769YogeshDasUPIBARB,719610190999,,"12,600.01",649517.10
30-09-2025,POS PANTALOONS NAGPUR,088305289685,"6,550.70",,642966.40
01-10-2025,UPIP2A795836577258SantoshThapaUPIPUNB,030151998157,,"1,750.80",644717.20
01-10-2025,UPIP2M633139579676AnilAhujaUPIBKID,326645319569,750.26,,643966.94
01-10-2025,ATMCASHAXISNXG81191903NAGPUR,792911562658,"5,000.00",,638966.94
01-10-2025,POS CENTRAL MALL NAGPUR,442092380864,950.82,,638016.12
03-10-2025,UPIP2M097963431985VijayTiwariUPIUCBA,370683101024,"14,250.41",,623765.71
03-10-2025,UPIP2M609610176830OlaCabsUPIPAYTM,881707699459,300.19,,623465.52
03-10-2025,UPIP2M529646013235BlinkitUPIICICI,347694983374,"1,350.77",,622114.75
04-10-2025,UPIP2M350724308908HimanshuKulkUPIHDFC,385467000187,"20,000.00",,602114.75
04-10-2025,ATMCASHAXISKRZ41139258NAGPUR,046031048993,"2,500.00",,599614.75
04-10-2025,UPIP2M769074292406OlaCabsUPIICICI,759946026245,"1,700.83",,597913.92
05-10-2025,UPIP2M332924714808BigBasketUPIICICI,897868457637,"1,910.92",,596003.00
05-10-2025,IMPS/039281905475/Vikas Malhotra/UTIB,534967306146,"43,000.99",,553002.01
05-10-2025,UPIP2M805954652900MeenaSharmaUPIKKBK,009230868556,"19,200.98",,533801.03
07-10-2025,ATMCASHAXISBER71092574NAGPUR,809453860532,"7,000.00",,526801.03
07-10-2025,POS BHARAT PETROLEUM NAGPUR,580975947588,850.59,,525950.44
07-10-2025,SALARY/S0174942760938/HDFC Life Insurance,967162799960,,"72,023.34",597973.78
07-10-2025,POS HP PETROL PUMP NAGPUR,837449892544,"2,500.73",,595473.05
07-10-2025,UPIP2M899615381808TataAIALifeUPILICI,509902327165,"6,000.00",,589473.05
07-10-2025,POS V MART NAGPUR,694193499639,"4,050.96",,585422.09
07-10-2025,UPIP2M484550797391SureshSharmaUPIFDRL,719678640467,"19,300.10",,566121.99
08-10-2025,UPIP2A177378805257SnehaSrivastUPIBARB,598468383833,,"18,300.63",584422.62
08-10-2025,POS LIFESTYLE STORES NAGPUR,386054686322,"5,950.53",,578472.09
09-10-2025,UPIP2M570156341082RajeshBoseUPISBIN,156061643559,"1,500.42",,576971.67
10-10-2025,NACH/MANDATE/RNT9445927/RENT MANDATE,891796411483,"25,000.00",,551971.67
11-10-2025,POS HP PETROL PUMP NAGPUR,697658560972,"3,850.59",,548121.08
12-10-2025,POS BIG BAZAAR NAGPUR,263088909712,"6,300.50",,541820.58
12-10-2025,UPIP2M731673175454OlaCabsUPIPAYTM,844875518989,350.86,,541469.72
12-10-2025,UPIP2M569186183077SwiggyUPIICICI,609786987653,"1,230.04",,540239.68
12-10-2025,NEFT/N0440617679589/Tech Mahindra Ltd/UCBA0608993,803111914792,,"45,000.44",585240.12
12-10-2025,NACH/MANDATE/SIP7635509/Mirae Asset MF,603252865299,"6,000.00",,579240.12
13-10-2025,POS CENTRAL MALL NAGPUR,938988512350,"8,350.91",,570889.21
13-10-2025,ATMCASHAXISIGE04435533NAGPUR,427771845418,"4,000.00",,566889.21
14-10-2025,UPIP2M948178211390ArjunJainUPIHDFC,264940979856,"5,300.32",,561588.89
15-10-2025,UPIP2M113582030340UberIndiaUPIPAYTM,747359392780,760.05,,560828.84
16-10-2025,UPIP2M737011629870MaheshKulkarUPISBIN,017708303141,"14,600.34",,546228.50
17-10-2025,UPIP2M506435237618MaheshNaikUPIUTIB,471120484107,"18,700.54",,527527.96
18-10-2025,ATMCASHAXISRME00232471NAGPUR,957261329357,"1,500.00",,526027.96
19-10-2025,UPIP2M622825566007MyntraUPIPAYTM,997716130378,350.47,,525677.49
19-10-2025,UPIP2M033517490845UberIndiaUPIPAYTM,077516686961,510.29,,525167.20
20-10-2025,UPIP2M720492529550DunzoUPIICICI,982080989427,"1,030.38",,524136.82
21-10-2025,UPIP2M297307360221IndaneGasUPIICICI,893014218286,"1,550.05",,522586.77
22-10-2025,UPIP2M592363019169MyntraUPIPAYTM,806416965136,"1,100.90",,521485.87
22-10-2025,UPIP2M295637167739BSNLBroadbanUPIICICI,308215913015,740.85,,520745.02
22-10-2025,ATMCASHAXISAJE88707816NAGPUR,265623402008,"8,500.00",,512245.02
23-10-2025,UPIP2M643147866056ZeptoUPIICICI,258370564085,440.31,,511804.71
23-10-2025,ATMCASHAXISLFL26285491NAGPUR,884369350453,"10,000.00",,501804.71
23-10-2025,UPIP2M385849342460MSEDCLUPIUPIN,921114125666,"1,400.07",,500404.64
25-10-2025,UPIP2M909374741997PriyaShahUPIFDRL,854350116685,"2,800.30",,497604.34
25-10-2025,UPIP2M079037905083AirtelPaymenUPIPAYTM,795585382538,349.00,,497255.34
26-10-2025,UPIP2M769088885415SwiggyUPIICICI,530373668003,"1,150.15",,496105.19
26-10-2025,UPIP2M216231729940OlaCabsUPIICICI,773791122592,890.87,,495214.32
27-10-2025,UPIP2M951771930937MakeMyTripUPIICICI,849251448922,999.00,,494215.32
27-10-2025,UPIP2M929097616941OlaCabsUPIPAYTM,859185724695,790.17,,493425.15
28-10-2025,POS MAX FASHION NAGPUR,454234430766,"2,100.34",,491324.81
28-10-2025,UPIP2A891603398392SaritaNaikUPIUTIB,008209354231,,"17,200.67",508525.48
28-10-2025,UPIP2M321801752666AirtelPaymenUPIPAYTM,945694851018,819.00,,507706.48
29-10-2025,UPIP2M936228174873NykaaUPIPAYTM,082566350066,"2,550.49",,505155.99
29-10-2025,UPIP2M907672932970RapidoUPIPAYTM,095769849374,420.19,,504735.80
30-10-2025,UPIP2M842360829982KiranKapoorUPIUTIB,941274438503,"22,000.43",,482735.37
31-10-2025,Monthly Service Chrgs,502074666341,410.00,,482325.37
31-10-2025,GST ON CHARGES,811190374381,73.80,,482251.57
31-10-2025,UPIP2M197762412240SureshKapoorUPIPUNB,833600859792,"12,500.68",,469750.89
01-11-2025,UPIP2M529571692690OlaCabsUPIICICI,824316041678,"2,500.24",,467250.65
03-11-2025,POS CENTRAL MALL NAGPUR,455142196039,"3,300.55",,463950.10
04-11-2025,UPIP2M341761857092JioRechargeUPIICICI,289891062524,"1,940.76",,462009.34
04-11-2025,UPIP2M762218774810TataAIALifeUPILICI,081429860960,"6,000.00",,456009.34
04-11-2025,UPIP2A177227775768RaviNairUPIPUNB,640044051390,,"1,900.38",457909.72
04-11-2025,SALARY/S5033319258852/HDFC Life Insurance,742088725479,,"73,439.34",531349.06
05-11-2025,POS CENTRAL MALL NAGPUR,285801189222,"6,800.62",,524548.44
06-11-2025,UPIP2M310133024616FlipkartUPIPAYTM,863961667937,"3,900.01",,520648.43
06-11-2025,UPIP2M618150336766AirtelPaymenUPIPAYTM,464376726692,769.00,,519879.43
06-11-2025,UPIP2M255024310280BSNLBroadbanUPIICICI,366748947051,"1,260.82",,518618.61
06-11-2025,UPIP2M179909697055PreetiJoshiUPIBDBL,315632049147,"5,900.32",,512718.29
07-11-2025,UPIP2M711910792320BSNLBroadbanUPIICICI,771224887197,"2,170.48",,510547.81
08-11-2025,UPIP2M258561354701RapidoUPIPAYTM,973293411732,700.36,,509847.45
08-11-2025,POS SHELL FUEL STATION NAGPUR,512155077621,"2,950.12",,506897.33
08-11-2025,UPIP2M622462714503RapidoUPIPAYTM,798781127664,170.89,,506726.44
08-11-2025,UPIP2M872580812397AirtelPaymenUPIPAYTM,685412721326,329.00,,506397.44
09-11-2025,UPIP2M848592426028RapidoUPIPAYTM,083637516662,100.13,,506297.31
09-11-2025,UPIP2M086352477460DunzoUPIICICI,761994751879,"2,440.22",,503857.09
09-11-2025,UPIP2A798561649656PriyaTiwariUPIBDBL,275448972268,,"4,350.44",508207.53
09-11-2025,NACH/MANDATE/RNT5125922/RENT MANDATE,937938623497,"25,000.00",,483207.53
10-11-2025,ATMCASHAXISYCR83041427NAGPUR,630994008415,"1,500.00",,481707.53
10-11-2025,UPIP2A021100729188RajanDubeyUPIFDRL,694421222352,,"19,850.88",501558.41
11-11-2025,UPIP2M986470026274ApolloPharmaUPIICICI,355390584972,399.00,,501159.41
12-11-2025,UPIP2M611244348143OlaCabsUPIPAYTM,556368168424,880.16,,500279.25
13-11-2025,UPIP2A435721991398SnehaTiwariUPIUTIB,088852160091,,"17,100.30",517379.55
13-11-2025,UPIP2A131689680772AshishKumarUPISBIN,711602358716,,"7,700.40",525079.95
14-11-2025,UPIP2M979626042371ACTFibernetUPIRAZORPAY,286089793698,299.00,,524780.95
15-11-2025,UPIP2A161055455944SoniaKumarUPIUCBA,391395604909,,"8,650.76",533431.71
15-11-2025,UPIP2M471304030007DunzoUPIICICI,314880650085,470.39,,532961.32
16-11-2025,UPIP2M425372976682MSEDCLUPIUPIN,968839688367,"1,400.91",,531560.41
16-11-2025,UPIP2M813681442446SeemaDuttaUPIUTIB,606159671568,"15,900.20",,515660.21
16-11-2025,UPIP2M601059097273PreetiDasUPIBARB,063915595153,"18,700.86",,496959.35
17-11-2025,UPIP2M757613852782AirtelPaymenUPIPAYTM,022838231177,999.00,,495960.35
17-11-2025,UPIP2M882191742118MyntraUPIPAYTM,653942740131,"4,850.71",,491109.64
17-11-2025,UPIP2M831904035915IndaneGasUPIICICI,020662423262,"1,000.50",,490109.14
18-11-2025,UPIP2M553700580450MeeshoUPIPAYTM,620944928395,400.60,,489708.54
19-11-2025,NACH/MANDATE/SIP5013013/Mirae Asset MF,303861112701,"6,000.00",,483708.54
20-11-2025,POS HP PETROL PUMP NAGPUR,340195445338,"2,000.14",,481708.40
21-11-2025,UPIP2M395149065175PoojaRoyUPIUTIB,533154643935,"16,500.81",,465207.59
21-11-2025,IMPS/333495135970/Kamal Jain/SBIN,699695660164,"18,800.36",,446407.23
21-11-2025,POS SHOPPERS STOP NAGPUR,219550918625,"8,450.02",,437957.21
22-11-2025,UPIP2M923538175959RekhaYadavUPISBIN,930874353874,"17,550.59",,420406.62
23-11-2025,ATMCASHAXISUUT96268155NAGPUR,710563528557,"10,000.00",,410406.62
23-11-2025,UPIP2M601266876333ZomatoUPIICICI,127831796732,"1,560.50",,408846.12
23-11-2025,POS INDIAN OIL NAGPUR,668107230651,"1,650.80",,407195.32
24-11-2025,ATMCASHAXISZGM80590449NAGPUR,283033958890,"6,000.00",,401195.32
24-11-2025,POS PANTALOONS NAGPUR,807208751979,"2,450.61",,398744.71
26-11-2025,UPIP2M386840053673SwiggyUPIICICI,702283065109,"2,050.87",,396693.84
26-11-2025,UPIP2M748206363961ApolloPharmaUPIICICI,041512020752,"2,540.01",,394153.83
27-11-2025,UPIP2M469864232233PhonePeMerchUPIICICI,148473534329,690.51,,393463.32
27-11-2025,UPIP2M038386882269VijayKulkarnUPIHDFC,948595615020,"3,250.70",,390212.62
27-11-2025,POS SHELL FUEL STATION NAGPUR,668670908188,"1,200.52",,389012.10
28-11-2025,ATMCASHAXISVEQ02301466NAGPUR,603066808573,"1,500.00",,387512.10
28-11-2025,UPIP2M927103035442FlipkartUPIICICI,719448640254,"1,110.06",,386402.04
29-11-2025,ATMCASHAXISBNO06772923NAGPUR,871616340102,"8,000.00",,378402.04
30-11-2025,UPIP2A025177149803UshaMehtaUPIBARB,633514338510,,"4,950.29",383352.33
01-12-2025,ATMCASHAXISHCJ22739658NAGPUR,506048718949,"1,000.00",,382352.33
01-12-2025,GST ON CHARGES,481127215146,102.60,,382249.73
01-12-2025,Monthly Service Chrgs,599224036167,570.00,,381679.73
01-12-2025,ATMCASHAXISFPR16076556NAGPUR,103311654653,"8,000.00",,373679.73
02-12-2025,UPIP2M318672683977MohitSinghUPIFDRL,487738722001,"16,700.32",,356979.41
02-12-2025,UPIP2M430618040993UberIndiaUPIPAYTM,292772870844,570.56,,356408.85
02-12-2025,UPIP2A163315286175MaheshAgarwaUPIBDBL,608812794170,,"10,200.94",366609.79
03-12-2025,UPIP2M844568114286JioRechargeUPIICICI,902711209763,530.85,,366078.94
04-12-2025,POS MAX FASHION NAGPUR,807651340685,"6,600.73",,359478.21
04-12-2025,UPIP2M698982636533UberIndiaUPIICICI,233939159700,"2,170.32",,357307.89
04-12-2025,UPIP2M852841264941JioRechargeUPIICICI,995182783719,800.91,,356506.98
04-12-2025,UPIP2M590786329891BSNLBroadbanUPIICICI,203795714790,470.37,,356036.61
04-12-2025,POS RELIANCE MART NAGPUR,066345994675,"1,250.65",,354785.96
04-12-2025,UPIP2M199314126891AirtelPaymenUPIPAYTM,643442814279,489.00,,354296.96
05-12-2025,SALARY/S9814719381633/HDFC Life Insurance,020139890874,,"73,887.34",428184.30
05-12-2025,POS HP PETROL PUMP NAGPUR,984698714390,"2,900.40",,425283.90
05-12-2025,UPIP2M739037111602JioRechargeUPIICICI,817041723123,210.06,,425073.84
06-12-2025,UPIP2M474637902926AirtelPaymenUPIPAYTM,307059297322,749.00,,424324.84
06-12-2025,UPIP2M256216913038SwiggyUPIICICI,657418130334,"2,450.17",,421874.67
06-12-2025,UPIP2M379925623833RapidoUPIPAYTM,517687104934,350.19,,421524.48
07-12-2025,NACH/MANDATE/RNT7079850/RENT MANDATE,066057324302,"25,000.00",,396524.48
08-12-2025,ATMCASHAXISGLV17430615NAGPUR,286982235983,"10,000.00",,386524.48
08-12-2025,UPIP2M003303689847HotstarUPIICICI,502619508126,799.00,,385725.48
09-12-2025,UPIP2M645259015561ZeptoUPIICICI,948138396983,"1,920.01",,383805.47
10-12-2025,UPIP2M954125307548ACTFibernetUPIRAZORPAY,915553622826,949.00,,382856.47
10-12-2025,UPIP2M603645368133AmazonPayUPIICICI,109362377097,"2,730.88",,380125.59
11-12-2025,UPIP2M872347400420ZeptoUPIICICI,444616709610,"1,690.51",,378435.08
11-12-2025,UPIP2M170429225060UberIndiaUPIPAYTM,681324425043,820.86,,377614.22
11-12-2025,POS SHELL FUEL STATION NAGPUR,415502690384,"1,250.32",,376363.90
12-12-2025,POS STAR BAZAAR NAGPUR,638780897630,"1,950.38",,374413.52
12-12-2025,UPIP2M195450573016MSEDCLUPIUPIN,308167631453,"1,950.66",,372462.86
12-12-2025,NACH/MANDATE/SIP8329417/Mirae Asset MF,339060309689,"6,000.00",,366462.86
12-12-2025,UPIP2M219024424237KamalShahUPIHDFC,622703550153,"8,400.20",,358062.66
13-12-2025,UPIP2M497132566624JioRechargeUPIICICI,413094758875,"1,530.22",,356532.44
13-12-2025,UPIP2M806458345023RaniChatterjUPIUTIB,226203393110,750.87,,355781.57
13-12-2025,UPIP2M777647738531FlipkartUPIPAYTM,869064145338,"2,900.97",,352880.60
13-12-2025,UPIP2M935047520007TataAIALifeUPILICI,653045707812,"6,000.00",,346880.60
15-12-2025,UPIP2M412148572412UberIndiaUPIPAYTM,233075885138,580.59,,346300.01
16-12-2025,UPIP2M745380395816JioRechargeUPIICICI,768709303026,"2,540.78",,343759.23
19-12-2025,UPIP2M833999784805AirtelPaymenUPIPAYTM,894578605755,749.00,,343010.23
19-12-2025,UPIP2M886067165876PractoUPIICICI,497007565448,999.00,,342011.23
19-12-2025,UPIP2M439623509031OlaCabsUPIPAYTM,350082584927,280.29,,341730.94
20-12-2025,UPIP2M993821175407ManishYadavUPIUTIB,888903029768,"15,300.53",,326430.41
21-12-2025,UPIP2A031069694786NishaMehtaUPIBARB,255328150605,,"1,000.06",327430.47
21-12-2025,POS BIG BAZAAR NAGPUR,688699504951,"6,650.34",,320780.13
22-12-2025,UPIP2M217453430978ZeptoUPIICICI,262119360578,"1,150.06",,319630.07
22-12-2025,POS RELIANCE PETROLEUM NAGPUR,906868201167,"4,300.62",,315329.45
22-12-2025,UPIP2M563713702505UberIndiaUPIICICI,569755323561,820.75,,314508.70
23-12-2025,UPIP2M324526446814ZomatoUPIICICI,821729016461,"1,230.93",,313277.77
23-12-2025,UPIP2M476065475341AirtelPaymenUPIPAYTM,476822453283,479.00,,312798.77
24-12-2025,ATMCASHAXISGHK17988343NAGPUR,904440570592,"8,500.00",,304298.77
24-12-2025,ATMCASHAXISKSU77495349NAGPUR,129284260736,"7,000.00",,297298.77
24-12-2025,UPIP2M963862344320SaurabhKapooUPIFDRL,770783751174,"20,650.89",,276647.88
25-12-2025,ATMCASHAXISYHP68245704NAGPUR,648355157530,"9,500.00",,267147.88
25-12-2025,UPIP2M951274167894FlipkartUPIPAYTM,196631634820,"4,850.36",,262297.52
25-12-2025,UPIP2M619338000169AirtelPaymenUPIPAYTM,924156046773,429.00,,261868.52
26-12-2025,UPIP2M592876474470IndaneGasUPIICICI,602261814705,"1,700.99",,260167.53
26-12-2025,UPIP2M737199917600MedPlusHealtUPIICICI,095285229808,"2,760.47",,257407.06
26-12-2025,UPIP2M898302572296AmazonPayUPIPAYTM,044029955314,"4,150.99",,253256.07
27-12-2025,IMPS/684266236316/Brijesh Ahuja/PUNB,057012727289,"3,600.87",,249655.20
28-12-2025,UPIP2M519903530165RapidoUPIPAYTM,376104129394,100.17,,249555.03
28-12-2025,UPIP2A976321948488SunilReddyUPIUCBA,838954399548,,"17,750.35",267305.38
28-12-2025,INTEREST CREDIT,388225857941,,825.77,268131.15
29-12-2025,UPIP2M444180486363BlinkitUPIICICI,823013132225,"1,050.14",,267081.01
30-12-2025,UPIP2M894815684039ZomatoUPIICICI,595472216101,"1,710.98",,265370.03
31-12-2025,UPIP2M784775075855AbhishekAhujUPIUCBA,049574347913,"17,900.39",,247469.64
31-12-2025,UPIP2M422545406015DineshDesaiUPISBIN,970102979188,"13,950.66",,233518.98
31-12-2025,UPIP2M347276587619SwiggyUPIICICI,138917410778,920.28,,232598.70
31-12-2025,UPIP2M950312549364MohanMalhotrUPISBIN,982256682953,"10,900.82",,221697.88
31-12-2025,UPIP2M848909811344BigBasketUPIICICI,086344221030,150.38,,221547.50
01-01-2026,UPIP2M430116811076BigBasketUPIICICI,220294878031,140.19,,221407.31
03-01-2026,UPIP2A213093133528VikramDubeyUPISBIN,517791102604,,"15,950.34",237357.65
04-01-2026,SALARY/S6638015020270/HDFC Life Insurance,010820290998,,"75,725.34",313082.99
04-01-2026,UPIP2M549147745704BlinkitUPIICICI,411320566457,"1,140.62",,311942.37
05-01-2026,UPIP2A357588747733BabitaAhujaUPIUCBA,331565629381,,"7,650.24",319592.61
06-01-2026,ATMCASHAXISQCW34272179NAGPUR,676170437969,"4,500.00",,315092.61
06-01-2026,NACH/MANDATE/RNT4204699/RENT MANDATE,459051652980,"25,000.00",,290092.61
06-01-2026,NEFT/N7775306153356/Mphasis Limited/HDFC0023228,007215452464,,"7,000.21",297092.82
06-01-2026,UPIP2M495010820686TataAIALifeUPILICI,715760194506,"6,000.00",,291092.82
06-01-2026,UPIP2M347936193023BigBasketUPIICICI,372777661406,"1,260.82",,289832.00
07-01-2026,UPIP2M548008061145AirtelPaymenUPIPAYTM,809961127180,839.00,,288993.00
07-01-2026,UPIP2A428950366181BrijeshMenonUPIFDRL,030925761458,,800.01,289793.01
07-01-2026,UPIP2M553760455784PoojaPatelUPIFDRL,626919693651,"11,800.40",,277992.61
08-01-2026,POS BIG BAZAAR NAGPUR,779011211684,"2,350.46",,275642.15
08-01-2026,UPIP2M851316106388OlaCabsUPIPAYTM,576761469667,620.46,,275021.69
08-01-2026,UPIP2M482694488864OlaCabsUPIICICI,368853674107,140.67,,274881.02
08-01-2026,POS INDIAN OIL NAGPUR,013056512119,"1,050.99",,273830.03
09-01-2026,UPIP2M153004953596KrishnaBajajUPIKKBK,913870867037,"21,750.55",,252079.48
10-01-2026,UPIP2M680838543083AirtelPaymenUPIPAYTM,491011013503,789.00,,251290.48
10-01-2026,IMPS/130604438245/Kavita Patel/FDRL,938517683262,"19,700.11",,231590.37
10-01-2026,UPIP2M798226500176PhonePeMerchUPIICICI,599057351867,"2,270.67",,229319.70
11-01-2026,POS CENTRAL MALL NAGPUR,664068993706,"7,200.90",,222118.80
12-01-2026,UPIP2M470237837320AmazonPayUPIICICI,615711478884,"1,150.38",,220968.42
12-01-2026,UPIP2M458278247806RajeshNaikUPIFDRL,106589840880,"5,750.63",,215217.79
12-01-2026,UPIP2M076449863234MeeshoUPIPAYTM,893320402166,"5,650.56",,209567.23
13-01-2026,ATMCASHAXISYSC84181265NAGPUR,418435332530,"2,000.00",,207567.23
14-01-2026,NACH/MANDATE/SIP3441211/Mirae Asset MF,844731805000,"6,000.00",,201567.23
14-01-2026,UPIP2M447933223905MaheshShuklaUPIKKBK,657223161759,"8,850.69",,192716.54
15-01-2026,UPIP2M828726494344AirtelPaymenUPIPAYTM,093145971970,769.00,,191947.54
16-01-2026,UPIP2M463543067164FlipkartUPIPAYTM,047860824922,700.12,,191247.42
17-01-2026,UPIP2M518846352091MedPlusHealtUPIICICI,213772501465,"2,320.83",,188926.59
17-01-2026,UPIP2M517601391715BSNLBroadbanUPIICICI,413914668073,400.50,,188526.09
18-01-2026,UPIP2A289501051892SaritaSrivasUPIKKBK,581460021243,,"8,200.44",196726.53
19-01-2026,UPIP2M242345901687BrijeshSharmUPIBKID,387447511228,"7,450.64",,189275.89
19-01-2026,UPIP2M408676390189OlaCabsUPIPAYTM,179383063305,430.56,,188845.33
19-01-2026,UPIP2M784057133281UberIndiaUPIPAYTM,590818862722,440.97,,188404.36
19-01-2026,UPIP2M352438888791PhonePeMerchUPIICICI,788314242259,720.67,,187683.69
20-01-2026,ATMCASHAXISRFG98099550NAGPUR,484295350024,"3,500.00",,184183.69
20-01-2026,UPIP2M526435957655OlaCabsUPIICICI,213702097141,220.08,,183963.61
20-01-2026,UPIP2M886833653330BigBasketUPIICICI,306699758289,"2,740.48",,181223.13
20-01-2026,UPIP2M242113623520AmazonPayUPIICICI,109651050494,"2,680.24",,178542.89
20-01-2026,POS V MART NAGPUR,111311493409,"7,500.42",,171042.47
21-01-2026,UPIP2M629795123810AirtelPaymenUPIPAYTM,897513168384,529.00,,170513.47
21-01-2026,UPIP2M391992660157MSEDCLUPIUPIN,822615359133,600.48,,169912.99
22-01-2026,ATMCASHAXISHZI42523204NAGPUR,500003597466,"3,000.00",,166912.99
22-01-2026,UPIP2M627949915592VikramPandeyUPIBKID,604338074205,"8,250.20",,158662.79
23-01-2026,UPIP2M792856912958IndaneGasUPIICICI,045437498682,"1,550.37",,157112.42
23-01-2026,UPIP2M927104446765RapidoUPIPAYTM,475107779238,680.56,,156431.86
24-01-2026,POS PANTALOONS NAGPUR,103093027960,"7,400.66",,149031.20
24-01-2026,UPIP2M469423375118MayaTiwariUPIPUNB,559299706535,"5,600.75",,143430.45
25-01-2026,ATMCASHAXISWZL30862490NAGPUR,201783775940,"7,500.00",,135930.45
25-01-2026,POS SHELL FUEL STATION NAGPUR,058156096234,"3,850.88",,132079.57
25-01-2026,UPIP2M693943556828ZeptoUPIICICI,121383129798,250.30,,131829.27
26-01-2026,UPIP2A622207434788KrishnaKumarUPIKKBK,669956822329,,"8,150.32",139979.59
26-01-2026,UPIP2M850487241835OlaCabsUPIPAYTM,106002614496,120.11,,139859.48
26-01-2026,UPIP2M129410330349ACTFibernetUPIRAZORPAY,912343231492,"1,299.00",,138560.48
26-01-2026,UPIP2A562547996319MohanMukherjUPIBKID,130112754514,,"18,300.45",156860.93
27-01-2026,POS BHARAT PETROLEUM NAGPUR,997458886581,"2,400.07",,154460.86
27-01-2026,UPIP2M072913671971UberIndiaUPIPAYTM,037778654041,810.73,,153650.13
27-01-2026,ATMCASHAXISEKC14074393NAGPUR,496440883015,"3,500.00",,150150.13
29-01-2026,UPIP2A985377532023VijaySaxenaUPIUCBA,273880223943,,"3,150.47",153300.60
29-01-2026,IMPS/027093032177/Sanjay Khanna/BKID,807549415828,"9,600.64",,143699.96
30-01-2026,POS LIFESTYLE STORES NAGPUR,690644518275,"2,450.82",,141249.14
31-01-2026,Monthly Service Chrgs,195892055694,520.00,,140729.14
31-01-2026,UPIP2A971056037738VijayVermaUPIUCBA,531188840952,,"8,400.67",149129.81
31-01-2026,POS PANTALOONS NAGPUR,372049039741,"7,350.56",,141779.25
31-01-2026,GST ON CHARGES,187595167111,93.60,,141685.65
03-02-2026,UPIP2M412822660848DunzoUPIICICI,526218907269,450.66,,141234.99
03-02-2026,UPIP2M547843467985BigBasketUPIICICI,329050058360,"1,220.17",,140014.82
03-02-2026,UPIP2M842336095373BSNLBroadbanUPIICICI,524979625201,"1,480.45",,138534.37
03-02-2026,UPIP2M998010457180SushmaMalhotUPIBARB,375324652223,"6,600.72",,131933.65
04-02-2026,UPIP2M168552182046ApolloPharmaUPIICICI,114854208599,349.00,,131584.65
04-02-2026,UPIP2M067119641413OlaCabsUPIPAYTM,962198088770,170.96,,131413.69
05-02-2026,SALARY/S3403233736541/HDFC Life Insurance,151955570656,,"75,585.34",206999.03
05-02-2026,UPIP2M276901290465JyotiDuttaUPIHDFC,297581559339,"3,750.83",,203248.20
05-02-2026,UPIP2M883384925904ApolloPharmaUPIICICI,119029712705,490.09,,202758.11
05-02-2026,POS INDIAN OIL NAGPUR,696838378927,"1,550.01",,201208.10
06-02-2026,UPIP2M632693558895UberIndiaUPIPAYTM,607088304637,250.25,,200957.85
06-02-2026,UPIP2M669673529611ZeptoUPIICICI,751477107419,230.12,,200727.73
07-02-2026,ATMCASHAXISGYM42702487NAGPUR,614914685873,"10,000.00",,190727.73
07-02-2026,UPIP2M663742727045MeeshoUPIPAYTM,743373281053,"3,950.28",,186777.45
07-02-2026,UPIP2M786525820069TataAIALifeUPILICI,188628476792,"6,000.00",,180777.45
08-02-2026,UPIP2M982380853230UberIndiaUPIICICI,594336793267,550.02,,180227.43
08-02-2026,UPIP2A450634132906MinaSrivastaUPIUCBA,771082341302,,"17,750.15",197977.58
08-02-2026,UPIP2M231324734719FlipkartUPIICICI,058494885387,"2,370.39",,195607.19
10-02-2026,UPIP2M741217131603ManishRaoUPIBARB,978402520068,"17,750.13",,177857.06
10-02-2026,UPIP2M911690007355AmazonPayUPIICICI,641331830094,320.14,,177536.92
10-02-2026,NACH/MANDATE/RNT4339482/RENT MANDATE,101862300903,"25,000.00",,152536.92
10-02-2026,UPIP2M544947443168SwiggyUPIICICI,523797413291,"1,550.43",,150986.49
11-02-2026,POS METRO CASH CARRY NAGPUR,503858454921,"4,950.73",,146035.76
11-02-2026,UPIP2M266605275555HimanshuSingUPIBDBL,404943485957,"10,500.12",,135535.64
11-02-2026,ATMCASHAXISXHE38478686NAGPUR,195152716087,"8,500.00",,127035.64
11-02-2026,UPIP2A447329214143VikramVermaUPIUCBA,671247623749,,"11,300.34",138335.98
11-02-2026,UPIP2M151704131910BigBasketUPIICICI,791070729805,"1,810.54",,136525.44
11-02-2026,POS HP PETROL PUMP NAGPUR,536875782326,"1,200.75",,135324.69
12-02-2026,POS INDIAN OIL NAGPUR,729268004179,"1,300.58",,134024.11
12-02-2026,UPIP2M230841952648ZeptoUPIICICI,762204201301,"2,010.42",,132013.69
12-02-2026,UPIP2A761359011317VishalVermaUPIBARB,599929477214,,"18,550.86",150564.55
16-02-2026,UPIP2A444805464500VikasDesaiUPIUCBA,531495516632,,"7,750.54",158315.09
16-02-2026,NACH/MANDATE/SIP9044919/Mirae Asset MF,045480117828,"6,000.00",,152315.09
17-02-2026,UPIP2M211735595535PhonePeMerchUPIICICI,048388108670,530.06,,151785.03
18-02-2026,POS HP PETROL PUMP NAGPUR,411692141011,"2,650.44",,149134.59
18-02-2026,UPIP2M718609236865MSEDCLUPIUPIN,888253760951,"1,400.12",,147734.47
20-02-2026,UPIP2M173170565851IndaneGasUPIICICI,398700645585,"1,200.89",,146533.58
20-02-2026,UPIP2M686887037895OlaCabsUPIPAYTM,773901420234,840.20,,145693.38
22-02-2026,UPIP2A171323781552SunitaThaparUPIHDFC,003128826773,,"3,700.28",149393.66
23-02-2026,POS SHOPPERS STOP NAGPUR,972569145854,"2,800.98",,146592.68
23-02-2026,UPIP2M624539414226JioRechargeUPIICICI,322658527283,"2,740.94",,143851.74
23-02-2026,UPIP2A270417801232GeetaSharmaUPIUTIB,315601138641,,"9,550.41",153402.15
24-02-2026,ATMCASHAXISLFY25237094NAGPUR,658526368483,"8,000.00",,145402.15
24-02-2026,UPIP2M730794775398AmazonPayUPIICICI,904844888246,"2,360.14",,143042.01
24-02-2026,UPIP2M186021198366AirtelPaymenUPIPAYTM,285641723755,459.00,,142583.01
25-02-2026,UPIP2M595644042890AirtelPaymenUPIPAYTM,765805446033,559.00,,142024.01
25-02-2026,UPIP2M102855226016PaytmMallUPIICICI,102836404246,"1,930.14",,140093.87
26-02-2026,UPIP2M369793990391ZomatoUPIICICI,768432096816,"2,050.88",,138042.99
26-02-2026,UPIP2M225597997580BigBasketUPIICICI,827633981733,"1,960.34",,136082.65
26-02-2026,UPIP2M694214017068PhonePeMerchUPIICICI,675021873649,"1,750.94",,134331.71
26-02-2026,UPIP2M469489364608OlaCabsUPIPAYTM,088973137557,560.26,,133771.45
26-02-2026,UPIP2A473939653905AkashKapoorUPIUTIB,045526417376,,"19,400.72",153172.17
27-02-2026,Monthly Service Chrgs,157776354185,580.00,,152592.17
27-02-2026,UPIP2M869585565915AnjaliChatteUPIFDRL,761410556202,"17,900.70",,134691.47
27-02-2026,UPIP2M349270466096AirtelPaymenUPIPAYTM,331879678151,299.00,,134392.47
27-02-2026,GST ON CHARGES,555336125265,104.40,,134288.07
01-03-2026,POS RELIANCE PETROLEUM NAGPUR,251783038473,800.79,,133487.28
03-03-2026,UPIP2M316910276575DunzoUPIICICI,561900987667,150.07,,133337.21
03-03-2026,UPIP2M057420369287NareshShahUPIFDRL,012740301550,"4,250.40",,129086.81
03-03-2026,UPIP2A529490730249AshaKumarUPIUCBA,588657101302,,"16,750.58",145837.39
03-03-2026,POS RELIANCE MART NAGPUR,971748768102,"7,050.26",,138787.13
04-03-2026,UPIP2M697017835859FlipkartUPIPAYTM,723278044087,"1,000.47",,137786.66
04-03-2026,UPIP2M347495871891ZomatoUPIICICI,257382677384,"1,180.58",,136606.08
04-03-2026,UPIP2M725129869925ApolloPharmaUPIICICI,123270734529,"3,340.78",,133265.30
05-03-2026,UPIP2A982827949218KavitaThaparUPIFDRL,537157203244,,"6,900.18",140165.48
05-03-2026,UPIP2M321110823044AirtelPaymenUPIPAYTM,122000466027,459.00,,139706.48
05-03-2026,SALARY/S7677252993491/HDFC Life Insurance,057199616679,,"74,885.34",214591.82
07-03-2026,POS BIG BAZAAR NAGPUR,196860686784,"7,450.38",,207141.44
07-03-2026,UPIP2A827207331507ManojNambiarUPIUCBA,262223524522,,"5,200.89",212342.33
08-03-2026,UPIP2M159744487495BigBasketUPIICICI,028211922049,"2,460.04",,209882.29
08-03-2026,UPIP2M428820160712JioRechargeUPIICICI,363445124670,"2,640.61",,207241.68
08-03-2026,UPIP2M936839397652GauravKapoorUPIUCBA,828788399616,"4,950.59",,202291.09
08-03-2026,UPIP2M110462684440BlinkitUPIICICI,623099113391,"2,020.90",,200270.19
08-03-2026,NACH/MANDATE/RNT6564121/RENT MANDATE,948364883655,"25,000.00",,175270.19
09-03-2026,UPIP2M639441585079AirtelPaymenUPIPAYTM,849668204080,189.00,,175081.19
09-03-2026,NEFT/N5803382585216/Cipla Limited/SBIN0328788,363752786158,,"54,000.35",229081.54
10-03-2026,POS METRO CASH CARRY NAGPUR,204726564545,"6,650.01",,222431.53
10-03-2026,UPIP2M440316545178TataAIALifeUPILICI,329091726908,"6,000.00",,216431.53
11-03-2026,UPIP2M743559369737UberIndiaUPIICICI,717036221724,"2,600.67",,213830.86
12-03-2026,UPIP2M490698083845KrishnaSaxenUPIUTIB,332627317027,"18,400.50",,195430.36
12-03-2026,POS SHOPPERS STOP NAGPUR,716689152543,"8,200.28",,187230.08
12-03-2026,UPIP2M533746256439SwatiDasUPIBDBL,492026036416,"19,100.52",,168129.56
12-03-2026,IMPS/240895609673/Sneha Naik/BKID,622991553303,500.78,,167628.78
15-03-2026,UPIP2M065666864851MSEDCLUPIUPIN,004996597185,"2,350.35",,165278.43
15-03-2026,UPIP2M828646119685UberIndiaUPIICICI,626523578120,"2,020.53",,163257.90
16-03-2026,UPIP2M220535112051GauravPandeyUPIFDRL,263931733246,"17,700.10",,145557.80
16-03-2026,UPIP2M182946577141MakeMyTripUPIICICI,483674560936,649.00,,144908.80
16-03-2026,NACH/MANDATE/SIP5357454/Mirae Asset MF,277222644098,"6,000.00",,138908.80
16-03-2026,ATMCASHAXISMJI66696042NAGPUR,815250988810,"9,500.00",,129408.80
16-03-2026,UPIP2M991996789312UberIndiaUPIPAYTM,406336011366,290.75,,129118.05
18-03-2026,UPIP2M838722167981GauravPandeyUPIBARB,431988215826,"21,550.62",,107567.43
18-03-2026,UPIP2M297192678919SaurabhPillaUPIUTIB,029743172181,"10,400.69",,97166.74
18-03-2026,UPIP2M644616131428AshaSethiUPIUCBA,985852751477,"16,950.37",,80216.37
19-03-2026,POS STAR BAZAAR NAGPUR,239208341645,"6,900.94",,73315.43
20-03-2026,UPIP2M039574186035AirtelPaymenUPIPAYTM,087707974433,189.00,,73126.43
20-03-2026,UPIP2M407177913480UberIndiaUPIPAYTM,436802719376,520.74,,72605.69
20-03-2026,UPIP2M785906510418IndaneGasUPIICICI,622824929802,"1,700.81",,70904.88
21-03-2026,UPIP2M147028297028BigBasketUPIICICI,831638997728,280.02,,70624.86
22-03-2026,POS MAX FASHION NAGPUR,288327167412,"5,500.70",,65124.16
22-03-2026,UPIP2M475933625334ZomatoUPIICICI,585579632757,"2,050.54",,63073.62
23-03-2026,UPIP2M824943333042PaytmMallUPIICICI,018835393476,"2,130.84",,60942.78
23-03-2026,UPIP2M602793252409DineshDasUPIFDRL,690466406814,"4,250.17",,56692.61
24-03-2026,UPIP2M577100370066AmazonPayUPIICICI,723998775721,"2,380.19",,54312.42
24-03-2026,UPIP2M364445189819RapidoUPIPAYTM,417122367562,710.84,,53601.58
25-03-2026,POS METRO CASH CARRY NAGPUR,324527102704,"2,700.91",,50900.67
25-03-2026,POS RELIANCE PETROLEUM NAGPUR,772078924358,"1,150.20",,49750.47
25-03-2026,POS HP PETROL PUMP NAGPUR,270355942236,"1,400.11",,48350.36
26-03-2026,UPIP2M275936567069ZeptoUPIICICI,456131651044,"1,800.65",,46549.71
26-03-2026,POS HP PETROL PUMP NAGPUR,011228032348,800.54,,45749.17
27-03-2026,POS PANTALOONS NAGPUR,022383324070,"6,600.47",,39148.70
28-03-2026,UPIP2A486310311536NareshSenUPIFDRL,906199483400,,"15,100.99",54249.69
28-03-2026,INTEREST CREDIT,795519169354,,"1,000.42",55250.11
28-03-2026,POS STAR BAZAAR NAGPUR,136072138621,"4,200.65",,51049.46
29-03-2026,UPIP2A285788550440NehaVermaUPIUTIB,980713479458,,"7,750.50",58799.96
29-03-2026,UPIP2M233652094076ACTFibernetUPIRAZORPAY,054056849505,849.00,,57950.96
31-03-2026,ATMCASHAXISNCL20042932NAGPUR,517318046773,"1,500.00",,56450.96
31-03-2026,UPIP2M031792321315NareshDasUPIBARB,079078985388,"20,550.46",,35900.50
31-03-2026,UPIP2A187624583839SwatiSethiUPIHDFC,586889160756,,"2,700.78",38601.28
01-04-2026,UPIP2M634704961677MaheshSaxenaUPIBARB,412352172365,"10,300.29",,28300.99
02-04-2026,UPIP2A450588997284PriyaMishraUPIPUNB,530343342712,,"13,100.62",41401.61
03-04-2026,UPIP2M185333748174ZeptoUPIICICI,134481102113,"1,320.31",,40081.30
03-04-2026,UPIP2M571384217443VarunNaikUPIKKBK,492127958155,750.91,,39330.39
04-04-2026,UPIP2A224014940301SwatiMalhotrUPISBIN,300510298060,,"16,150.17",55480.56
04-04-2026,POS METRO CASH CARRY NAGPUR,023561024753,350.39,,55130.17
04-04-2026,UPIP2M457900747856KrishnaSethiUPIUCBA,301731429514,"2,650.20",,52479.97
05-04-2026,UPIP2M761988642257FlipkartUPIICICI,615738643761,"2,480.39",,49999.58
05-04-2026,UPIP2M261165774647OlaCabsUPIPAYTM,109529885145,520.18,,49479.40
05-04-2026,UPIP2M407994278612FlipkartUPIICICI,358495480443,"2,310.27",,47169.13
05-04-2026,SALARY/S6718855192341/HDFC Life Insurance,493582349327,,"70,888.34",118057.47
05-04-2026,UPIP2A095581522239GopalDasUPIHDFC,065659670944,,"4,650.16",122707.63
06-04-2026,UPIP2M622631197631ZeptoUPIICICI,913741646849,890.39,,121817.24
06-04-2026,ATMCASHAXISZEW06006085NAGPUR,715056956866,"4,000.00",,117817.24
07-04-2026,UPIP2M337155710420AirtelPaymenUPIPAYTM,354344886559,899.00,,116918.24
08-04-2026,POS MAX FASHION NAGPUR,198940450669,"2,550.30",,114367.94
08-04-2026,UPIP2M965125883944TataAIALifeUPILICI,400910322984,"6,000.00",,108367.94
08-04-2026,UPIP2A788858059015SanjayKulkarUPIBARB,049940064722,,"14,900.89",123268.83
09-04-2026,UPIP2M174667115538JioRechargeUPIICICI,386347742778,200.53,,123068.30
09-04-2026,UPIP2M763183252621SwiggyUPIICICI,228949230795,"1,790.41",,121277.89
10-04-2026,UPIP2A980812597086RadhaPillaiUPIFDRL,526100146575,,"21,750.99",143028.88
10-04-2026,NACH/MANDATE/RNT0385559/RENT MANDATE,577921588788,"25,000.00",,118028.88
10-04-2026,UPIP2A317004262110SantoshMenonUPIFDRL,100707433238,,"17,050.33",135079.21
10-04-2026,UPIP2M742217871965PankajThaparUPIUCBA,315662568161,"10,300.74",,124778.47
11-04-2026,UPIP2M566250863247IRCTCUPIICICI,935262180452,899.00,,123879.47
11-04-2026,UPIP2M322851787671PhonePeMerchUPIICICI,898204361904,900.68,,122978.79
12-04-2026,UPIP2M168100200807UberIndiaUPIPAYTM,573648537191,80.29,,122898.50
13-04-2026,UPIP2M262222617968ZomatoUPIICICI,597595231226,510.70,,122387.80
14-04-2026,NACH/MANDATE/SIP3441580/Mirae Asset MF,981971447062,"6,000.00",,116387.80
14-04-2026,UPIP2M876970857401RapidoUPIPAYTM,607531457507,750.60,,115637.20
14-04-2026,UPIP2M097340445125IndaneGasUPIICICI,483595866411,"2,550.72",,113086.48
15-04-2026,POS BHARAT PETROLEUM NAGPUR,408103226914,"2,900.64",,110185.84
16-04-2026,UPIP2M136205470596MedPlusHealtUPIICICI,611112400336,"3,260.95",,106924.89
18-04-2026,UPIP2M312189684318JioRechargeUPIICICI,496092476054,"2,340.49",,104584.40
18-04-2026,UPIP2M564928704124PaytmMallUPIICICI,801681847909,740.84,,103843.56
18-04-2026,UPIP2M389376281361JioRechargeUPIICICI,777158909124,"1,000.13",,102843.43
19-04-2026,UPIP2M069142011570BSNLBroadbanUPIICICI,153108231595,"1,730.21",,101113.22
19-04-2026,UPIP2M428696112196AirtelPaymenUPIPAYTM,644641236306,999.00,,100114.22
19-04-2026,UPIP2M433583197478RapidoUPIPAYTM,604849165121,690.13,,99424.09
19-04-2026,UPIP2M972787112397RajeshDubeyUPIBDBL,930826977357,"17,950.08",,81474.01
21-04-2026,UPIP2A393241364971MamtaBoseUPIBARB,577587349837,,"19,900.09",101374.10
21-04-2026,UPIP2A510226387711NikhilShuklaUPIUCBA,721642406428,,"16,150.88",117524.98
22-04-2026,UPIP2M610598204537MSEDCLUPIUPIN,405911006040,"2,050.53",,115474.45
23-04-2026,UPIP2M671084496845SoniaSrivastUPISBIN,529026598016,"14,100.73",,101373.72
23-04-2026,POS HP PETROL PUMP NAGPUR,617409848396,"1,850.35",,99523.37
24-04-2026,UPIP2A691484489208ArunAgarwalUPIBARB,382229063164,,"20,750.20",120273.57
24-04-2026,UPIP2A758819672955KunalRaoUPISBIN,362534329561,,"19,750.62",140024.19
26-04-2026,UPIP2M799731522774RapidoUPIPAYTM,465670820055,610.55,,139413.64
27-04-2026,UPIP2A305773490636AshishJoshiUPIBDBL,044000753518,,"1,250.38",140664.02
27-04-2026,POS METRO CASH CARRY NAGPUR,918754146117,"7,750.21",,132913.81
28-04-2026,UPIP2A742756235118ShwetaNambiaUPIUCBA,490423196033,,"17,050.85",149964.66
28-04-2026,UPIP2M458382073619MyntraUPIPAYTM,354210304057,"1,900.60",,148064.06
29-04-2026,POS SHOPPERS STOP NAGPUR,677019590724,"1,450.97",,146613.09
30-04-2026,POS PANTALOONS NAGPUR,776086609126,"4,200.11",,142412.98
30-04-2026,UPIP2A180451911873VandanaSaxenUPIUTIB,334142519819,,"10,950.32",153363.30
01-05-2026,UPIP2M916452774901JioRechargeUPIICICI,906457814385,"1,260.38",,152102.92
01-05-2026,ATMCASHAXISBKB41835530NAGPUR,805293067402,"3,500.00",,148602.92
01-05-2026,UPIP2M760815436594UberIndiaUPIICICI,922025505495,"2,440.65",,146162.27
01-05-2026,UPIP2M920972362873RapidoUPIPAYTM,307555488743,240.09,,145922.18
01-05-2026,POS RELIANCE MART NAGPUR,525872478021,"7,600.32",,138321.86
02-05-2026,UPIP2M436959563924DeepakChaudhUPIKKBK,504486738476,"8,850.56",,129471.30
02-05-2026,POS D MART NAGPUR,857022261077,"5,400.46",,124070.84
03-05-2026,UPIP2A514570681674SachinMukherUPIBKID,656379874451,,"21,350.56",145421.40
03-05-2026,POS MORE SUPER MARKET NAGPUR,462617342219,"1,650.17",,143771.23
03-05-2026,UPIP2M361940508437AmazonPayUPIICICI,647670231115,490.43,,143280.80
04-05-2026,UPIP2M753066426926GirishSrivasUPIPUNB,331377641553,750.30,,142530.50
04-05-2026,UPIP2M597388803812SunilIyerUPIKKBK,039074149273,"11,200.85",,131329.65
04-05-2026,SALARY/S1803475902929/HDFC Life Insurance,940144407908,,"75,036.34",206365.99
05-05-2026,UPIP2M184170263426UberIndiaUPIPAYTM,114119026102,500.74,,205865.25
06-05-2026,UPIP2M315870793404BlinkitUPIICICI,426288140002,880.69,,204984.56
06-05-2026,UPIP2M454813491770SachinMehtaUPIUTIB,557288881922,"12,700.84",,192283.72
06-05-2026,UPIP2A939059660317VijayChopraUPIFDRL,890681488695,,"8,350.33",200634.05
06-05-2026,UPIP2M598643630467UberIndiaUPIICICI,874703273256,"2,730.65",,197903.40
08-05-2026,NACH/MANDATE/RNT0434179/RENT MANDATE,192156259513,"25,000.00",,172903.40
