Bank Name,HDFC BANK LTD
Account Number,83253542733693
Account Holder Name,ANKIT MISHRA
Branch,CONNAUGHT PLACE
IFSC Code,HDFC0716052
Statement Period,01-12-2024 To 09-05-2026

Date,Description,Ref/ChequeNo,Debit,Credit,Balance
01/12/24,UPI-Uber India-uber@paytm-855769610232-DR VIA UPI,986345199185,110.37,,902459.15
03/12/24,UPI-Geeta Tiwari-geeta.tiwari@ptaxis-491486804370-DR VIA UPI,577172596898,"14,250.92",,888208.23
03/12/24,POS RELIANCE MART NOIDA,382564528758,"6,050.92",,882157.31
03/12/24,UPI-Shivam Kapoor-shivamkapo20@upi-616891669493-DR VIA UPI,478585595536,"6,300.96",,875856.35
04/12/24,UPI-BigBasket-bigbasket@ybl-441188708243-DR VIA UPI,042153794617,200.34,,875656.01
04/12/24,POS LIFESTYLE STORES NOIDA,813864088149,"6,800.27",,868855.74
05/12/24,UPI-Uber India-uber@paytm-569543930175-DR VIA UPI,362134065631,730.96,,868124.78
05/12/24,UPI-Rahul Bose-rahul556@kotak-610806652644-CR VIA UPI,562561184938,,"2,050.33",870175.11
05/12/24,UPI-Uber India-uber@paytm-715264774123-DR VIA UPI,593396248142,"1,290.40",,868884.71
05/12/24,UPI-Ajay Agarwal-ajayagar13@aubank-694926859811-DR VIA UPI,862335627738,"8,350.84",,860533.87
06/12/24,UPI-Paytm Mall-paytm@paytm-084051497701-DR VIA UPI,058904542884,810.42,,859723.45
06/12/24,POS MAX FASHION NOIDA,230363949752,"4,200.07",,855523.38
06/12/24,SALARY-S3301678212544/NEFT/Bajaj Auto Ltd,883618499456,,"82,880.75",938404.13
06/12/24,UPI-Rapido-rapido@icici-969452858025-DR VIA UPI,908188957195,570.92,,937833.21
07/12/24,UPI-Aditya Birla Sun Life-licindia@licindia-145731231703-DR VIA UPI,977295696741,"7,800.00",,930033.21
07/12/24,UPI-Paytm Mall-paytm@paytm-430722776277-DR VIA UPI,854570600260,"2,540.70",,927492.51
07/12/24,UPI-Ola Cabs-olamoney@ola-200883657385-DR VIA UPI,546551925599,190.66,,927301.85
07/12/24,ATW-XXXXXX9939-IHZ06209-NOIDA 712362953891,426467953980,"9,000.00",,918301.85
08/12/24,UPI-Apollo Pharmacy-apollopharmacy@ybl-657745051442-DR VIA UPI,037414091613,170.02,,918131.83
08/12/24,UPI-Anjali Sethi-anjali.sethi@ptyes-625951479330-CR VIA UPI,879105808692,,"6,500.13",924631.96
08/12/24,ECS-NACH-RNT0010693-RENT MANDATE,243644175908,"23,000.00",,901631.96
09/12/24,UPI-Myntra-myntra@ybl-223395440922-DR VIA UPI,128702596475,"4,050.17",,897581.79
09/12/24,IMPS-227572251926-Kunal Sen-KKBK-XXXXXXX3747-IMPSTXN,721533126989,"29,900.85",,867680.94
09/12/24,UPI-Vi Mobile-airtel@axis-699887493577-DR VIA UPI,747431576216,319.00,,867361.94
10/12/24,UPI-Sangita Gupta-sangita.gupta@okicici-445327783589-DR VIA UPI,487716384286,"9,600.64",,857761.30
11/12/24,UPI-Preeti Kulkarni-preeti271@upi-942580552368-DR VIA UPI,731144489049,"18,300.20",,839461.10
11/12/24,POS HP PETROL PUMP NOIDA,780533614392,"3,300.72",,836160.38
12/12/24,UPI-Mukesh Verma-0704377566@aubank-290072916502-CR VIA UPI,886672977075,,"12,700.57",848860.95
12/12/24,ECS-NACH-SIP3146922-Axis Mutual Fund,136596269770,"2,000.00",,846860.95
13/12/24,UPI-Nisha Malhotra-5747890015@ptsbi-938231406664-CR VIA UPI,777732590712,,"2,950.92",849811.87
13/12/24,UPI-Vikas Mishra-5588239632@kotak-153043974199-CR VIA UPI,604984584267,,"4,650.80",854462.67
13/12/24,POS PANTALOONS NOIDA,692580835876,"6,700.84",,847761.83
13/12/24,UPI-Rakesh Shah-rakesh904@ptaxis-591040534669-DR VIA UPI,677804732587,"9,350.92",,838410.91
13/12/24,UPI-Geeta Saxena-geetasaxe72@apl-266670471394-CR VIA UPI,837613900931,,"12,850.16",851261.07
13/12/24,UPI-MSEDCL-msedclpayment@upi-061628389199-DR VIA UPI,573566195230,750.58,,850510.49
14/12/24,ATW-XXXXXX1530-HAV04840-NOIDA 900579054762,428977417237,"6,000.00",,844510.49
14/12/24,UPI-Manish Thapar-manish667@paytm-720463753082-CR VIA UPI,961743660782,,"8,550.50",853060.99
14/12/24,UPI-Hathway-broadband@paytm-789124238956-DR VIA UPI,376853668417,849.00,,852211.99
15/12/24,UPI-Radha Chopra-radhachop86@upi-175031969987-CR VIA UPI,148295139743,,250.24,852462.23
15/12/24,UPI-Dunzo-dunzo@razorpay-859118684295-DR VIA UPI,232922246261,"1,980.84",,850481.39
15/12/24,POS BHARAT PETROLEUM NOIDA,201536137526,"3,050.54",,847430.85
16/12/24,UPI-BSNL Broadband-bsnlbroadband@upi-303013886526-DR VIA UPI,415046729529,340.66,,847090.19
16/12/24,POS SHELL FUEL STATION NOIDA,141975274534,"3,100.18",,843990.01
16/12/24,UPI-Paytm Mall-paytm@paytm-541622118645-DR VIA UPI,266606469989,"2,530.65",,841459.36
17/12/24,UPI-Manish Thapar-manish174@okaxis-614875474663-DR VIA UPI,434102040817,"10,100.01",,831359.35
17/12/24,UPI-Usha Tiwari-usha.tiwari@axl-896438738899-DR VIA UPI,674224265493,"4,650.35",,826709.00
18/12/24,UPI-Dunzo-dunzo@razorpay-062223760593-DR VIA UPI,792133218480,330.39,,826378.61
19/12/24,UPI-Indane Gas-indanegas@upi-970862497162-DR VIA UPI,372623745116,800.20,,825578.41
20/12/24,POS RELIANCE MART NOIDA,244250167009,"5,700.25",,819878.16
20/12/24,POS D MART NOIDA,359745837574,"7,050.45",,812827.71
20/12/24,UPI-Dunzo-dunzo@razorpay-466847879268-DR VIA UPI,507852312837,"1,520.91",,811306.80
20/12/24,UPI-Siddharth Ghosh-0722698174@upi-952906952564-CR VIA UPI,101179882015,,"3,950.85",815257.65
21/12/24,UPI-Myntra-myntra@ybl-443102607696-DR VIA UPI,479052151367,"4,850.20",,810407.45
21/12/24,NEFT*N7927691248411/Fortis Healthcare Lt/CR,791832406123,,"26,500.73",836908.18
21/12/24,UPI-Rapido-rapido@icici-586766650622-DR VIA UPI,019997779504,530.25,,836377.93
21/12/24,UPI-Vijay Bose-vijay932@apl-401093282349-DR VIA UPI,662422952388,"21,150.03",,815227.90
23/12/24,UPI-Uber India-uber@paytm-932755351174-DR VIA UPI,611387275787,"2,070.85",,813157.05
23/12/24,UPI-Flipkart-flipkart@ybl-099963494848-DR VIA UPI,322925840332,"1,500.87",,811656.18
24/12/24,UPI-Usha Singh-usha.singh@oksbi-218677066982-DR VIA UPI,179502309719,"13,700.38",,797955.80
25/12/24,UPI-Jio Recharge-jio@paytm-401310611632-DR VIA UPI,012012052565,"1,630.53",,796325.27
25/12/24,UPI-Sunita Sen-sunita970@ptsbi-646554038262-DR VIA UPI,302005348054,"13,650.06",,782675.21
26/12/24,UPI-BSNL Broadband-bsnlbroadband@upi-978923038823-DR VIA UPI,462104999460,620.44,,782054.77
26/12/24,UPI-Vi Mobile-airtel@axis-731720175554-DR VIA UPI,157194166056,739.00,,781315.77
26/12/24,UPI-Naresh Shukla-9619101620@okicici-844026446868-CR VIA UPI,836553165978,,950.25,782266.02
26/12/24,UPI-PhonePe Merchant-phonepe@ybl-948164355252-DR VIA UPI,507013274794,"1,700.43",,780565.59
28/12/24,INTEREST CREDIT,926705789972,,710.43,781276.02
28/12/24,MOBILE BANKING CHARGES,470532506712,210.00,,781066.02
28/12/24,GST ON CHARGES,834417447936,37.80,,781028.22
28/12/24,UPI-Apollo Pharmacy-apollopharmacy@ybl-184735296834-DR VIA UPI,590213789674,749.00,,780279.22
29/12/24,UPI-Jio Recharge-jio@paytm-704266831392-DR VIA UPI,063163604372,"2,080.40",,778198.82
30/12/24,POS LIFESTYLE STORES NOIDA,657439379539,"2,500.36",,775698.46
30/12/24,UPI-Flipkart-flipkart@ybl-264494400778-DR VIA UPI,401320156589,570.47,,775127.99
31/12/24,UPI-BigBasket-bigbasket@ybl-168538939122-DR VIA UPI,287542329122,"2,050.32",,773077.67
01/01/25,UPI-Uber India-uber@paytm-802534985692-DR VIA UPI,548449645416,900.16,,772177.51
01/01/25,ATW-XXXXXX3258-XDW77469-NOIDA 607730003611,691107873568,"8,000.00",,764177.51
01/01/25,UPI-Nykaa-nykaa@razorpay-971880650758-DR VIA UPI,015431317816,"5,050.91",,759126.60
02/01/25,UPI-Mohan Mukherjee-mohanmukh86@ptaxis-100648806429-CR VIA UPI,351988095229,,"18,350.68",777477.28
02/01/25,UPI-Uber India-uber@paytm-591805890709-DR VIA UPI,657076724100,"1,070.46",,776406.82
03/01/25,IMPS-662117405087-Varsha Ahuja-SBIN-XXXXXXX6571-IMPSTXN,925420302137,"24,300.98",,752105.84
04/01/25,UPI-Jio Recharge-jio@paytm-869818465543-DR VIA UPI,346311960222,"2,390.35",,749715.49
05/01/25,UPI-Vi Mobile-airtel@axis-626025790029-DR VIA UPI,171260166434,329.00,,749386.49
05/01/25,POS INDIAN OIL NOIDA,834719706812,"1,100.60",,748285.89
06/01/25,UPI-Amazon Pay-amazon@apl-920811160244-DR VIA UPI,096907962816,"2,480.81",,745805.08
07/01/25,UPI-Zepto-zepto@apl-558021308314-DR VIA UPI,782378036471,370.52,,745434.56
07/01/25,SALARY-S7853591150996/NEFT/Bajaj Auto Ltd,719424395377,,"82,470.75",827905.31
07/01/25,POS BRAND FACTORY NOIDA,643258562012,"4,950.07",,822955.24
08/01/25,UPI-Swiggy-swiggy@icici-555875132315-DR VIA UPI,476452060704,450.74,,822504.50
10/01/25,UPI-BSNL Broadband-bsnlbroadband@upi-715367823142-DR VIA UPI,497525828514,370.67,,822133.83
10/01/25,UPI-Blinkit-blinkit@kotak-382063559124-DR VIA UPI,078230912163,"2,470.12",,819663.71
10/01/25,POS RELIANCE MART NOIDA,781828375876,"3,350.31",,816313.40
11/01/25,UPI-MSEDCL-msedclpayment@upi-902655096691-DR VIA UPI,526167409092,"2,100.85",,814212.55
11/01/25,UPI-Vi Mobile-airtel@axis-099079380086-DR VIA UPI,548198819221,779.00,,813433.55
11/01/25,ECS-NACH-RNT7062345-RENT MANDATE,749920477475,"23,000.00",,790433.55
11/01/25,UPI-Deepa Tiwari-deepa.tiwari@ptaxis-913214255699-DR VIA UPI,998725706395,"6,600.31",,783833.24
12/01/25,ATW-XXXXXX0863-BYQ80144-NOIDA 940222461245,192084445985,"8,000.00",,775833.24
13/01/25,ECS-NACH-SIP8122178-Axis Mutual Fund,386928377449,"2,000.00",,773833.24
14/01/25,UPI-Varsha Kumar-varsha.kumar@upi-952595145762-DR VIA UPI,424199298684,"7,250.84",,766582.40
14/01/25,UPI-Indane Gas-indanegas@upi-788540611091-DR VIA UPI,841131667725,"1,200.78",,765381.62
14/01/25,UPI-Vi Mobile-airtel@axis-615072067216-DR VIA UPI,889618187728,649.00,,764732.62
15/01/25,UPI-Kunal Ahuja-kunal860@kotak-665184814078-DR VIA UPI,539548659792,"8,350.19",,756382.43
15/01/25,UPI-BSNL Broadband-bsnlbroadband@upi-515096541960-DR VIA UPI,134259389211,"1,400.61",,754981.82
15/01/25,UPI-Vi Mobile-airtel@axis-478351161296-DR VIA UPI,239189805574,239.00,,754742.82
17/01/25,UPI-Rapido-rapido@icici-929651134091-DR VIA UPI,307954450627,300.59,,754442.23
17/01/25,UPI-Zepto-zepto@apl-557025260929-DR VIA UPI,897116320810,380.92,,754061.31
17/01/25,UPI-Dunzo-dunzo@razorpay-131181024881-DR VIA UPI,561720195877,"1,090.29",,752971.02
18/01/25,UPI-BSNL Broadband-bsnlbroadband@upi-566021388126-DR VIA UPI,968211610360,"2,110.92",,750860.10
19/01/25,ATW-XXXXXX2728-ZUF31683-NOIDA 549438292876,319517980735,"5,000.00",,745860.10
20/01/25,POS RELIANCE PETROLEUM NOIDA,374688663200,"2,650.09",,743210.01
21/01/25,UPI-BigBasket-bigbasket@ybl-479978342954-DR VIA UPI,642848393532,"2,070.54",,741139.47
21/01/25,UPI-Uber India-uber@paytm-121540116860-DR VIA UPI,957271396831,"1,230.41",,739909.06
22/01/25,UPI-PhonePe Merchant-phonepe@ybl-823083238280-DR VIA UPI,437432119383,"1,070.58",,738838.48
23/01/25,UPI-Babita Pillai-babita330@ptsbi-847870367490-DR VIA UPI,645423341563,"7,450.51",,731387.97
25/01/25,UPI-BSNL Broadband-bsnlbroadband@upi-424499576211-DR VIA UPI,034570592957,"2,520.61",,728867.36
26/01/25,UPI-Rapido-rapido@icici-801962234222-DR VIA UPI,281609536606,810.11,,728057.25
27/01/25,ATW-XXXXXX7106-EDF34715-NOIDA 496634325048,237161252158,"4,000.00",,724057.25
27/01/25,UPI-Radha Patil-radha.patil@apl-673859967564-DR VIA UPI,069728506858,"11,250.39",,712806.86
27/01/25,POS MAX FASHION NOIDA,868454290427,"3,600.53",,709206.33
27/01/25,UPI-Sonia Chopra-soniachop98@upi-625856674492-CR VIA UPI,846108792123,,"5,450.55",714656.88
27/01/25,UPI-Deepak Nair-0749707823@paytm-105826746832-DR VIA UPI,547929674900,"7,700.32",,706956.56
28/01/25,UPI-Lalit Yadav-lalit316@oksbi-000148001538-DR VIA UPI,474124145338,"1,800.94",,705155.62
28/01/25,UPI-Flipkart-flipkart@ybl-772098375283-DR VIA UPI,394976195838,"2,400.27",,702755.35
28/01/25,UPI-Anita Shah-1440825838@oksbi-451472284387-CR VIA UPI,021986188768,,"20,600.16",723355.51
28/01/25,UPI-Vi Mobile-airtel@axis-712280785306-DR VIA UPI,168836331149,509.00,,722846.51
28/01/25,UPI-Gaurav Srivastava-gaurav.srivastava@oksbi-642739578302-DR VIA UPI,863614181593,"10,250.03",,712596.48
29/01/25,UPI-Ajay Patel-7141460738@aubank-394581056778-DR VIA UPI,294250250627,700.74,,711895.74
29/01/25,UPI-Vivek Sen-vivek997@upi-306787897400-DR VIA UPI,266776235508,"12,900.33",,698995.41
30/01/25,GST ON CHARGES,940120856094,19.80,,698975.61
30/01/25,MOBILE BANKING CHARGES,655557518415,110.00,,698865.61
01/02/25,UPI-Radha Iyer-3963781038@ybl-444126500666-CR VIA UPI,209213792414,,"19,750.36",718615.97
01/02/25,UPI-Vandana Reddy-vandana859@oksbi-867325938157-CR VIA UPI,774287140702,,"4,750.13",723366.10
01/02/25,UPI-Uber India-uber@paytm-011827031652-DR VIA UPI,803052662664,510.80,,722855.30
02/02/25,UPI-Vi Mobile-airtel@axis-383838877742-DR VIA UPI,521709483595,649.00,,722206.30
02/02/25,UPI-Rapido-rapido@icici-181540254321-DR VIA UPI,876286037837,90.60,,722115.70
04/02/25,UPI-Zepto-zepto@apl-257835354399-DR VIA UPI,285884142645,"2,500.80",,719614.90
06/02/25,SALARY-S0208842957031/NEFT/Bajaj Auto Ltd,433832156458,,"81,257.75",800872.65
07/02/25,UPI-Rekha Tiwari-rekha.tiwari@pthdfc-268629408510-CR VIA UPI,240111736886,,"2,550.51",803423.16
07/02/25,UPI-Zepto-zepto@apl-801081180762-DR VIA UPI,544972604762,"2,740.24",,800682.92
07/02/25,UPI-Nykaa-nykaa@razorpay-268623359488-DR VIA UPI,547481698932,"3,450.93",,797231.99
08/02/25,UPI-Rapido-rapido@icici-243597463331-DR VIA UPI,785021625580,900.00,,796331.99
08/02/25,IMPS-598763584135-Vishal Bose-BDBL-XXXXXXX1636-IMPSTXN,791656820851,"4,700.24",,791631.75
09/02/25,POS BHARAT PETROLEUM NOIDA,996555868180,"3,150.56",,788481.19
09/02/25,ECS-NACH-RNT4538022-RENT MANDATE,740447624089,"23,000.00",,765481.19
10/02/25,UPI-Rajesh Chatterjee-rajesh.chatterjee@kotak-231226621757-CR VIA UPI,315618263105,,"18,350.72",783831.91
10/02/25,UPI-Dunzo-dunzo@razorpay-577716496326-DR VIA UPI,952014076980,"1,960.21",,781871.70
11/02/25,UPI-Indane Gas-indanegas@upi-763310851548-DR VIA UPI,786379512590,"1,600.86",,780270.84
13/02/25,UPI-Anita Patel-anita.patel@apl-187544304908-CR VIA UPI,394503338309,,"4,300.76",784571.60
13/02/25,UPI-Zepto-zepto@apl-278408318748-DR VIA UPI,907945342871,"1,330.35",,783241.25
13/02/25,UPI-Blinkit-blinkit@kotak-702697922207-DR VIA UPI,821956537942,130.34,,783110.91
14/02/25,ECS-NACH-SIP3120296-Axis Mutual Fund,780288299520,"2,000.00",,781110.91
15/02/25,POS RELIANCE MART NOIDA,196776813559,"4,300.72",,776810.19
15/02/25,UPI-Geeta Yadav-geeta.yadav@ybl-609664196160-DR VIA UPI,961881775018,"15,900.31",,760909.88
16/02/25,UPI-MSEDCL-msedclpayment@upi-690525974376-DR VIA UPI,267894124242,"1,400.97",,759508.91
17/02/25,UPI-Netmeds-netmeds@paytm-271343539869-DR VIA UPI,035279852391,"1,100.28",,758408.63
17/02/25,POS STAR BAZAAR NOIDA,408735537303,"7,600.95",,750807.68
18/02/25,UPI-Ola Cabs-olamoney@ola-144516753686-DR VIA UPI,157640557891,"1,560.78",,749246.90
19/02/25,UPI-Dunzo-dunzo@razorpay-577747842176-DR VIA UPI,284635690108,"1,500.27",,747746.63
19/02/25,UPI-Vi Mobile-airtel@axis-709151414729-DR VIA UPI,344851991208,569.00,,747177.63
20/02/25,UPI-Maya Sethi-5328049405@aubank-540051918799-CR VIA UPI,775875927379,,"9,550.51",756728.14
20/02/25,POS SHELL FUEL STATION NOIDA,611000253712,"1,850.60",,754877.54
20/02/25,UPI-Paytm Mall-paytm@paytm-034067233685-DR VIA UPI,515347509748,"1,090.98",,753786.56
21/02/25,UPI-Uber India-uber@paytm-034285036536-DR VIA UPI,293956602860,760.65,,753025.91
21/02/25,UPI-Deepa Roy-deeparoy66@apl-764836347720-DR VIA UPI,494608597031,"4,250.24",,748775.67
21/02/25,UPI-Jyoti Agarwal-jyoti693@okhdfcbank-794267959932-DR VIA UPI,171828175650,"17,350.35",,731425.32
21/02/25,ATW-XXXXXX7106-HKE77131-NOIDA 067007363842,038626219258,"6,000.00",,725425.32
22/02/25,ATW-XXXXXX8095-XUF39474-NOIDA 660706897484,921965088096,"3,500.00",,721925.32
22/02/25,POS HP PETROL PUMP NOIDA,395901432688,"3,800.87",,718124.45
23/02/25,UPI-Harish Ghosh-harish211@aubank-751013493633-CR VIA UPI,282284511788,,"21,250.21",739374.66
23/02/25,UPI-Mamta Pillai-2494518811@paytm-703906445082-DR VIA UPI,967411137888,"14,500.65",,724874.01
24/02/25,UPI-Uber India-uber@paytm-035650740979-DR VIA UPI,085980120895,810.87,,724063.14
24/02/25,POS V MART NOIDA,149924899957,"1,900.55",,722162.59
24/02/25,UPI-Ola Cabs-olamoney@ola-468791341903-DR VIA UPI,808777633510,230.07,,721932.52
26/02/25,UPI-Shreya Iyer-shreya.iyer@apl-545949285151-CR VIA UPI,911138993522,,"1,200.65",723133.17
28/02/25,UPI-Zomato-zomato@axisbank-735754582810-DR VIA UPI,122500370079,"1,950.31",,721182.86
28/02/25,UPI-Dunzo-dunzo@razorpay-853036004553-DR VIA UPI,569849561442,"1,150.72",,720032.14
28/02/25,UPI-Zepto-zepto@apl-319663460947-DR VIA UPI,898990527022,"2,250.55",,717781.59
01/03/25,IMPS-364963355241-Usha Ghosh-UTIB-XXXXXXX2776-IMPSTXN,349876868795,"31,800.08",,685981.51
02/03/25,UPI-Flipkart-flipkart@ybl-139829242670-DR VIA UPI,899894345395,"1,970.29",,684011.22
03/03/25,UPI-Rapido-rapido@icici-561461688718-DR VIA UPI,426470083962,320.08,,683691.14
03/03/25,UPI-Rapido-rapido@icici-367709536517-DR VIA UPI,934459982872,270.89,,683420.25
03/03/25,POS BIG BAZAAR NOIDA,202217670511,"7,800.65",,675619.60
03/03/25,MOBILE BANKING CHARGES,420184473828,370.00,,675249.60
03/03/25,GST ON CHARGES,819802927905,66.60,,675183.00
03/03/25,UPI-Swiggy-swiggy@icici-617410665617-DR VIA UPI,426625726164,"1,320.51",,673862.49
03/03/25,UPI-Dunzo-dunzo@razorpay-709300866877-DR VIA UPI,713580779255,460.56,,673401.93
03/03/25,UPI-Kapil Srivastava-6780423523@ptsbi-693917987616-CR VIA UPI,582062062205,,"11,050.49",684452.42
03/03/25,UPI-Vi Mobile-airtel@axis-174573031984-DR VIA UPI,407235083023,319.00,,684133.42
04/03/25,UPI-Vivek Reddy-8951991263@okaxis-879642387745-DR VIA UPI,816501505309,"7,050.83",,677082.59
06/03/25,UPI-Flipkart-flipkart@ybl-108999629361-DR VIA UPI,900810307129,"2,320.33",,674762.26
06/03/25,UPI-Mohan Dutta-mohan797@oksbi-578440478532-CR VIA UPI,002261368667,,"10,250.15",685012.41
07/03/25,UPI-Uber India-uber@paytm-380467765375-DR VIA UPI,092478101867,500.76,,684511.65
07/03/25,SALARY-S1747044390241/NEFT/Bajaj Auto Ltd,471573310071,,"85,025.75",769537.40
08/03/25,UPI-Jio Recharge-jio@paytm-008247894758-DR VIA UPI,277050031433,"2,250.30",,767287.10
09/03/25,UPI-Hathway-broadband@paytm-030449883654-DR VIA UPI,091883683892,"1,299.00",,765988.10
09/03/25,UPI-Sumit Verma-sumit909@okicici-220046518200-CR VIA UPI,496493134495,,"2,150.50",768138.60
09/03/25,UPI-Rani Sethi-6384572015@ptsbi-910809478476-CR VIA UPI,094725111304,,"19,600.93",787739.53
09/03/25,POS BHARAT PETROLEUM NOIDA,608002365267,"4,200.07",,783539.46
09/03/25,UPI-Apollo Pharmacy-apollopharmacy@ybl-311205748414-DR VIA UPI,025073169757,"3,320.61",,780218.85
10/03/25,UPI-Vi Mobile-airtel@axis-675601571111-DR VIA UPI,253472096911,319.00,,779899.85
10/03/25,UPI-Vi Mobile-airtel@axis-187463905433-DR VIA UPI,360337578905,749.00,,779150.85
10/03/25,UPI-Rapido-rapido@icici-048559382528-DR VIA UPI,213467117817,830.67,,778320.18
11/03/25,ECS-NACH-RNT6434133-RENT MANDATE,128323276672,"23,000.00",,755320.18
11/03/25,UPI-Sapna Sharma-sapna692@apl-633584062396-CR VIA UPI,986409495026,,"14,750.46",770070.64
11/03/25,UPI-Varsha Iyer-varsha.iyer@axl-974050138479-CR VIA UPI,697883025201,,"13,600.38",783671.02
11/03/25,POS PANTALOONS NOIDA,046505579793,"8,300.80",,775370.22
12/03/25,POS MORE SUPER MARKET NOIDA,900213860543,"6,200.63",,769169.59
12/03/25,UPI-Lalit Shukla-lalit501@okaxis-872636289176-DR VIA UPI,862838291636,"11,950.91",,757218.68
12/03/25,UPI-Flipkart-flipkart@ybl-199569558434-DR VIA UPI,520755935661,"4,700.97",,752517.71
12/03/25,UPI-Geeta Menon-geeta636@upi-440437451812-CR VIA UPI,016403418526,,"6,500.75",759018.46
12/03/25,ECS-NACH-SIP4297744-Axis Mutual Fund,244301555460,"2,000.00",,757018.46
13/03/25,UPI-Aditya Birla Sun Life-licindia@licindia-779786573243-DR VIA UPI,019406479592,"7,800.00",,749218.46
13/03/25,POS STAR BAZAAR NOIDA,727781459144,"8,500.59",,740717.87
14/03/25,UPI-Krishna Agarwal-krishna.agarwal@kotak-289612736178-CR VIA UPI,883204382785,,"14,050.99",754768.86
14/03/25,UPI-Renu Rao-renurao55@oksbi-040774485398-DR VIA UPI,830383369826,"3,550.30",,751218.56
14/03/25,ATW-XXXXXX5242-ORM74957-NOIDA 943891510631,348403566274,"7,500.00",,743718.56
16/03/25,UPI-Mina Srivastava-7532189826@ptaxis-142637884785-CR VIA UPI,970401388066,,"16,100.30",759818.86
17/03/25,UPI-Myntra-myntra@ybl-653257037147-DR VIA UPI,291279939606,900.47,,758918.39
17/03/25,UPI-Arjun Jain-arjun283@pthdfc-712483549634-CR VIA UPI,121367838752,,"13,400.88",772319.27
17/03/25,UPI-MSEDCL-msedclpayment@upi-081491131139-DR VIA UPI,045011249803,"1,800.16",,770519.11
17/03/25,UPI-PhonePe Merchant-phonepe@ybl-431956265861-DR VIA UPI,588316685923,"1,730.91",,768788.20
18/03/25,UPI-Rahul Patel-rahulpate31@ptyes-625707323753-DR VIA UPI,954441055496,"20,400.22",,748387.98
18/03/25,POS CENTRAL MALL NOIDA,844516279309,"3,000.90",,745387.08
18/03/25,POS STAR BAZAAR NOIDA,979931621841,"7,650.68",,737736.40
19/03/25,UPI-Ritu Das-ritudas61@ptaxis-840491173556-DR VIA UPI,151270638545,"1,100.52",,736635.88
19/03/25,UPI-Jio Recharge-jio@paytm-954985079036-DR VIA UPI,644492285444,"2,140.26",,734495.62
20/03/25,UPI-Indane Gas-indanegas@upi-751172641287-DR VIA UPI,712467875849,"2,350.68",,732144.94
20/03/25,UPI-Uber India-uber@paytm-175966204911-DR VIA UPI,378302910236,330.04,,731814.90
20/03/25,ATW-XXXXXX1561-LYU85430-NOIDA 578208952823,339331866610,"1,500.00",,730314.90
20/03/25,UPI-Hotstar-hotstar@hdfcbank-591827486840-DR VIA UPI,187989215838,699.00,,729615.90
22/03/25,UPI-Uber India-uber@paytm-663951843440-DR VIA UPI,197917459606,100.49,,729515.41
22/03/25,UPI-Radha Bose-radha.bose@paytm-138178553963-DR VIA UPI,874662212899,"11,150.40",,718365.01
22/03/25,POS V MART NOIDA,739953622912,"4,200.08",,714164.93
23/03/25,POS BHARAT PETROLEUM NOIDA,572625028380,"1,300.03",,712864.90
23/03/25,UPI-Paytm Mall-paytm@paytm-038625448824-DR VIA UPI,622845667979,"1,620.51",,711244.39
25/03/25,UPI-Vi Mobile-airtel@axis-560098145664-DR VIA UPI,732368837702,229.00,,711015.39
25/03/25,POS RELIANCE PETROLEUM NOIDA,147859735530,"3,800.76",,707214.63
25/03/25,UPI-Geeta Kumar-geeta339@pthdfc-063723691064-DR VIA UPI,588928847033,950.67,,706263.96
25/03/25,POS VISHAL MEGA MART NOIDA,571625936746,"1,700.92",,704563.04
26/03/25,INTEREST CREDIT,419845319351,,335.97,704899.01
29/03/25,MOBILE BANKING CHARGES,231982126151,280.00,,704619.01
29/03/25,GST ON CHARGES,126106529747,50.40,,704568.61
30/03/25,UPI-Dinesh Agarwal-dineshagar23@ybl-481757646103-CR VIA UPI,501368803151,,"5,150.16",709718.77
30/03/25,UPI-Sneha Singh-snehasing97@upi-406588345942-CR VIA UPI,325551059866,,"12,900.66",722619.43
31/03/25,UPI-Uber India-uber@paytm-596440793884-DR VIA UPI,762695947440,"1,140.83",,721478.60
31/03/25,UPI-PhonePe Merchant-phonepe@ybl-763116104233-DR VIA UPI,896577111682,"1,480.70",,719997.90
31/03/25,UPI-Dunzo-dunzo@razorpay-495475598601-DR VIA UPI,433542431553,"2,210.16",,717787.74
01/04/25,UPI-Uber India-uber@paytm-399956540559-DR VIA UPI,548589832698,600.18,,717187.56
02/04/25,POS INDIAN OIL NOIDA,595848247627,"1,100.39",,716087.17
03/04/25,UPI-Swiggy-swiggy@icici-256494168767-DR VIA UPI,338829532820,"1,980.84",,714106.33
03/04/25,POS CENTRAL MALL NOIDA,419259866573,"2,550.80",,711555.53
03/04/25,UPI-Myntra-myntra@ybl-953363690427-DR VIA UPI,922231836781,350.27,,711205.26
03/04/25,UPI-Amazon Pay-amazon@apl-771103952616-DR VIA UPI,454845060797,940.33,,710264.93
04/04/25,UPI-Ola Cabs-olamoney@ola-994283815393-DR VIA UPI,768628374164,810.28,,709454.65
04/04/25,UPI-BigBasket-bigbasket@ybl-159576473382-DR VIA UPI,703885625978,"2,150.43",,707304.22
05/04/25,UPI-IRCTC-irctc@upi-434654965921-DR VIA UPI,929950008332,599.00,,706705.22
05/04/25,ATW-XXXXXX7310-NPQ88524-NOIDA 721123960700,097361630329,"3,000.00",,703705.22
06/04/25,UPI-Kavita Mukherjee-kavita.mukherjee@paytm-448645412892-DR VIA UPI,872478894712,"12,450.28",,691254.94
06/04/25,SALARY-S3180745239281/NEFT/Bajaj Auto Ltd,426376863251,,"80,685.75",771940.69
06/04/25,UPI-Vi Mobile-airtel@axis-409154551580-DR VIA UPI,934837077949,219.00,,771721.69
06/04/25,POS METRO CASH CARRY NOIDA,727870551158,"4,400.69",,767321.00
07/04/25,UPI-Rapido-rapido@icici-993804891285-DR VIA UPI,780253638707,180.95,,767140.05
07/04/25,UPI-Paytm Mall-paytm@paytm-638958806597-DR VIA UPI,005473268801,"2,350.55",,764789.50
08/04/25,UPI-Zepto-zepto@apl-997510268592-DR VIA UPI,552538199540,680.76,,764108.74
09/04/25,ECS-NACH-RNT8825203-RENT MANDATE,871551734768,"23,000.00",,741108.74
09/04/25,UPI-Rapido-rapido@icici-416244879502-DR VIA UPI,311735184286,450.52,,740658.22
09/04/25,UPI-Sonia Yadav-sonia.yadav@ptaxis-396133313677-CR VIA UPI,267383756458,,"11,900.19",752558.41
10/04/25,UPI-Myntra-myntra@ybl-087739350357-DR VIA UPI,147158764836,"5,000.61",,747557.80
11/04/25,UPI-MSEDCL-msedclpayment@upi-458110378339-DR VIA UPI,797755818753,600.90,,746956.90
11/04/25,UPI-Poonam Kumar-poonam.kumar@paytm-842027152445-CR VIA UPI,036563016687,,"19,300.89",766257.79
11/04/25,UPI-Paytm Mall-paytm@paytm-356271019762-DR VIA UPI,496957264693,470.82,,765786.97
12/04/25,UPI-Arun Menon-0655988772@ptyes-683097910161-CR VIA UPI,790509654133,,"11,300.71",777087.68
12/04/25,UPI-Pooja Sethi-poojaseth24@ybl-934782371447-DR VIA UPI,025962261175,"16,000.77",,761086.91
13/04/25,POS CENTRAL MALL NOIDA,847065230696,"1,500.68",,759586.23
13/04/25,UPI-Mukesh Pillai-mukeshpill16@apl-388491175569-CR VIA UPI,717747916674,,"18,250.81",777837.04
13/04/25,UPI-Vikas Tiwari-vikastiwa30@aubank-100456446176-CR VIA UPI,260401434625,,"6,750.18",784587.22
15/04/25,UPI-Mahesh Khanna-9314411492@ibl-886102120415-DR VIA UPI,002442601337,100.28,,784486.94
16/04/25,ECS-NACH-SIP6268457-Axis Mutual Fund,775075676452,"2,000.00",,782486.94
16/04/25,UPI-Jio Recharge-jio@paytm-672988304106-DR VIA UPI,516107592250,"1,820.51",,780666.43
16/04/25,UPI-Amazon Pay-amazon@apl-017573864202-DR VIA UPI,911826307418,360.22,,780306.21
16/04/25,POS LIFESTYLE STORES NOIDA,267533336186,"1,950.99",,778355.22
17/04/25,UPI-Harish Mishra-0949419291@upi-469914203676-CR VIA UPI,143411109376,,"2,900.23",781255.45
17/04/25,UPI-Krishna Bajaj-krishna554@ptsbi-816223671120-DR VIA UPI,645315029753,"17,550.20",,763705.25
18/04/25,UPI-PhonePe Merchant-phonepe@ybl-149745684821-DR VIA UPI,061253381758,850.72,,762854.53
19/04/25,UPI-Rajan Tiwari-rajan.tiwari@oksbi-714143094199-DR VIA UPI,533663020475,"9,500.12",,753354.41
19/04/25,UPI-Zomato-zomato@axisbank-934355795689-DR VIA UPI,920052326780,940.29,,752414.12
19/04/25,UPI-Varsha Dutta-varsha.dutta@ptyes-621109098181-DR VIA UPI,175276778901,"11,950.98",,740463.14
19/04/25,IMPS-151051711841-Gopal Chatterjee-SBIN-XXXXXXX0095-IMPSTXN,862246708821,"4,000.69",,736462.45
20/04/25,UPI-Archana Gupta-archanagupt58@ptaxis-894236214520-CR VIA UPI,635838243704,,"4,000.79",740463.24
20/04/25,UPI-Indane Gas-indanegas@upi-819841634860-DR VIA UPI,698101629699,"1,300.10",,739163.14
20/04/25,UPI-Mamta Rao-mamta.rao@okaxis-381495056450-CR VIA UPI,349547957400,,"2,700.37",741863.51
23/04/25,POS SHELL FUEL STATION NOIDA,945088247301,"2,850.59",,739012.92
23/04/25,UPI-Nykaa-nykaa@razorpay-483854888663-DR VIA UPI,820895499304,600.03,,738412.89
24/04/25,UPI-Vi Mobile-airtel@axis-289067626965-DR VIA UPI,059794273316,919.00,,737493.89
24/04/25,UPI-Rapido-rapido@icici-548171871338-DR VIA UPI,331434639736,100.11,,737393.78
24/04/25,UPI-BSNL Broadband-bsnlbroadband@upi-261340961018-DR VIA UPI,328453092633,"2,570.68",,734823.10
24/04/25,UPI-Sachin Bose-4479785187@okicici-515630219348-DR VIA UPI,856695994044,"6,850.05",,727973.05
26/04/25,UPI-Rapido-rapido@icici-113371249107-DR VIA UPI,242367742873,400.47,,727572.58
26/04/25,UPI-PhonePe Merchant-phonepe@ybl-591070004963-DR VIA UPI,258491614488,"1,580.15",,725992.43
26/04/25,UPI-Uber India-uber@paytm-646068420582-DR VIA UPI,158794353261,900.40,,725092.03
27/04/25,UPI-Blinkit-blinkit@kotak-715636627201-DR VIA UPI,692275450696,"2,270.54",,722821.49
27/04/25,UPI-Ashish Iyer-7681070722@ptaxis-654692579200-CR VIA UPI,423969335329,,"10,450.39",733271.88
28/04/25,ATW-XXXXXX3884-XIW71023-NOIDA 540298549782,888726552902,"4,500.00",,728771.88
29/04/25,POS BIG BAZAAR NOIDA,065976716296,"2,900.40",,725871.48
29/04/25,POS RELIANCE MART NOIDA,940660524848,"1,250.17",,724621.31
01/05/25,UPI-Yogesh Bose-yogesh534@paytm-273782783603-DR VIA UPI,762468023324,"17,950.06",,706671.25
01/05/25,POS D MART NOIDA,511647868247,"6,750.70",,699920.55
01/05/25,POS SHELL FUEL STATION NOIDA,095349279082,"4,250.78",,695669.77
02/05/25,POS RELIANCE MART NOIDA,453260709626,950.13,,694719.64
03/05/25,UPI-Zomato-zomato@axisbank-760679289673-DR VIA UPI,645556018989,"1,640.44",,693079.20
05/05/25,UPI-Uber India-uber@paytm-407581990986-DR VIA UPI,692006495130,890.67,,692188.53
06/05/25,SALARY-S4986870690123/NEFT/Bajaj Auto Ltd,210860624894,,"81,746.75",773935.28
06/05/25,ATW-XXXXXX0961-UJM41968-NOIDA 407852484692,384317166050,"2,500.00",,771435.28
07/05/25,UPI-Kavya Nair-0952364785@okicici-159744045974-CR VIA UPI,212820113189,,350.13,771785.41
07/05/25,UPI-Renu Rao-3282282802@apl-516073251587-DR VIA UPI,486305960458,"10,700.16",,761085.25
07/05/25,UPI-Spotify-spotify@icici-971831805211-DR VIA UPI,940390427189,999.00,,760086.25
08/05/25,UPI-Ola Cabs-olamoney@ola-819258791778-DR VIA UPI,772381456445,970.35,,759115.90
10/05/25,POS INDIAN OIL NOIDA,653499543868,"2,850.21",,756265.69
11/05/25,ATW-XXXXXX7931-FUT51137-NOIDA 685089607019,165491117931,"10,000.00",,746265.69
11/05/25,ECS-NACH-RNT1123898-RENT MANDATE,511428872310,"23,000.00",,723265.69
11/05/25,UPI-Amazon Pay-amazon@apl-078431542851-DR VIA UPI,948290745303,"3,650.15",,719615.54
11/05/25,UPI-Vivek Yadav-vivek.yadav@pthdfc-703568477100-CR VIA UPI,659980275219,,"6,900.95",726516.49
12/05/25,ATW-XXXXXX6183-QSF94409-NOIDA 320200060058,925838277675,"9,500.00",,717016.49
12/05/25,UPI-Sarita Verma-sarita671@apl-899314996437-CR VIA UPI,661705495780,,"10,900.69",727917.18
13/05/25,UPI-Vi Mobile-airtel@axis-391227984684-DR VIA UPI,562011271294,999.00,,726918.18
13/05/25,UPI-Sarita Singh-1812525314@okhdfcbank-560212969981-CR VIA UPI,875729841169,,"10,800.16",737718.34
14/05/25,UPI-Blinkit-blinkit@kotak-282165102326-DR VIA UPI,783188539253,"2,390.37",,735327.97
14/05/25,UPI-BSNL Broadband-bsnlbroadband@upi-155234990365-DR VIA UPI,941415106414,"2,770.48",,732557.49
14/05/25,UPI-Anil Jain-anil219@okhdfcbank-680192910111-CR VIA UPI,287803030451,,"3,550.35",736107.84
14/05/25,UPI-Nikhil Malhotra-nikhil.malhotra@okaxis-131220574949-DR VIA UPI,193693726273,"12,400.80",,723707.04
14/05/25,UPI-Uber India-uber@paytm-844756480230-DR VIA UPI,971957761223,730.15,,722976.89
15/05/25,UPI-Hathway-broadband@paytm-475553323998-DR VIA UPI,806346613228,649.00,,722327.89
15/05/25,ECS-NACH-SIP9587550-Axis Mutual Fund,996540908975,"2,000.00",,720327.89
15/05/25,UPI-Flipkart-flipkart@ybl-378414717229-DR VIA UPI,304780361625,"1,120.22",,719207.67
17/05/25,UPI-Paytm Mall-paytm@paytm-967613540154-DR VIA UPI,427541798263,510.01,,718697.66
17/05/25,UPI-Preeti Sen-5189121452@ptsbi-535433130065-CR VIA UPI,465460657677,,"1,600.65",720298.31
18/05/25,UPI-Ola Cabs-olamoney@ola-736251775168-DR VIA UPI,471426710258,240.96,,720057.35
18/05/25,UPI-BigBasket-bigbasket@ybl-674353541905-DR VIA UPI,565735564907,"1,660.28",,718397.07
18/05/25,UPI-Vi Mobile-airtel@axis-135588892337-DR VIA UPI,012046566942,289.00,,718108.07
19/05/25,UPI-Varun Das-3927781989@ibl-274593839156-DR VIA UPI,758462469123,"21,250.71",,696857.36
20/05/25,UPI-MSEDCL-msedclpayment@upi-280358176438-DR VIA UPI,368523558205,"4,200.22",,692657.14
20/05/25,UPI-Rapido-rapido@icici-837650501927-DR VIA UPI,320485893246,750.46,,691906.68
20/05/25,UPI-BigBasket-bigbasket@ybl-661364501041-DR VIA UPI,188426008985,"2,560.99",,689345.69
20/05/25,UPI-Gaurav Saxena-gauravsaxe77@ibl-610701942055-CR VIA UPI,358456026358,,"12,500.58",701846.27
21/05/25,UPI-Deepak Bose-deepakbose57@pthdfc-732427952746-CR VIA UPI,725814698346,,"14,000.15",715846.42
21/05/25,IMPS-863984361743-Seema Jain-BKID-XXXXXXX0967-IMPSTXN,189122044148,"24,500.64",,691345.78
21/05/25,UPI-Jio Recharge-jio@paytm-656046731301-DR VIA UPI,987992837264,"1,770.68",,689575.10
22/05/25,POS METRO CASH CARRY NOIDA,524985325476,"2,700.58",,686874.52
22/05/25,UPI-Indane Gas-indanegas@upi-513713702204-DR VIA UPI,608349194862,850.17,,686024.35
22/05/25,UPI-Rakesh Kumar-rakeshkuma36@ptyes-801523157299-DR VIA UPI,794924166905,"2,350.01",,683674.34
23/05/25,UPI-Uber India-uber@paytm-211103363221-DR VIA UPI,539288443044,790.59,,682883.75
23/05/25,UPI-Myntra-myntra@ybl-478226954176-DR VIA UPI,417757304888,"2,500.39",,680383.36
24/05/25,UPI-Poonam Sen-poonam824@ybl-552159223821-CR VIA UPI,258898996775,,"4,000.86",684384.22
24/05/25,UPI-Vi Mobile-airtel@axis-663935103239-DR VIA UPI,367640486082,279.00,,684105.22
25/05/25,UPI-Nykaa-nykaa@razorpay-359588790834-DR VIA UPI,179885289740,"5,200.70",,678904.52
25/05/25,UPI-Vi Mobile-airtel@axis-612637424492-DR VIA UPI,493712395252,239.00,,678665.52
26/05/25,IMPS-206440214443-Brijesh Malhotra-KKBK-XXXXXXX4392-IMPSTXN,336871229983,"43,400.29",,635265.23
26/05/25,POS BRAND FACTORY NOIDA,632079289642,"2,200.89",,633064.34
26/05/25,ATW-XXXXXX4082-WMZ85015-NOIDA 096292233660,912686765269,"4,000.00",,629064.34
28/05/25,UPI-Vandana Mehta-5063698186@kotak-285357942995-CR VIA UPI,905623692792,,"2,150.21",631214.55
28/05/25,ATW-XXXXXX1735-KKE90136-NOIDA 738171876251,346166237498,"3,500.00",,627714.55
29/05/25,UPI-Uber India-uber@paytm-343692970126-DR VIA UPI,045689234019,780.67,,626933.88
29/05/25,ATW-XXXXXX0940-PTS47337-NOIDA 788236217331,527653215496,"4,500.00",,622433.88
29/05/25,POS PANTALOONS NOIDA,302392155037,"2,350.82",,620083.06
30/05/25,POS SHELL FUEL STATION NOIDA,745715271396,"3,200.86",,616882.20
30/05/25,POS BHARAT PETROLEUM NOIDA,699071347626,"1,400.80",,615481.40
30/05/25,UPI-Mohit Chaudhary-mohit.chaudhary@kotak-269949571091-DR VIA UPI,958045811646,"13,900.06",,601581.34
31/05/25,MOBILE BANKING CHARGES,352309030672,200.00,,601381.34
31/05/25,GST ON CHARGES,370276896988,36.00,,601345.34
01/06/25,UPI-Flipkart-flipkart@ybl-280891536611-DR VIA UPI,733292230005,"1,950.42",,599394.92
01/06/25,UPI-Jio Recharge-jio@paytm-538537745148-DR VIA UPI,124666136869,"1,670.47",,597724.45
03/06/25,UPI-Maya Roy-maya.roy@kotak-042443500662-DR VIA UPI,562125844922,"20,600.15",,577124.30
03/06/25,ATW-XXXXXX9734-DYN59339-NOIDA 813128252715,418552856529,"3,500.00",,573624.30
03/06/25,UPI-Neha Nair-neha.nair@okhdfcbank-075235752483-DR VIA UPI,477895091709,"16,400.94",,557223.36
05/06/25,UPI-Gaurav Mehta-gaurav.mehta@kotak-754995633837-CR VIA UPI,833564360332,,"16,500.58",573723.94
05/06/25,UPI-Vi Mobile-airtel@axis-412814226927-DR VIA UPI,858647547451,689.00,,573034.94
06/06/25,SALARY-S0864017268770/NEFT/Bajaj Auto Ltd,042210117970,,"80,914.75",653949.69
06/06/25,UPI-Meena Sethi-meena.sethi@ptaxis-814310500864-CR VIA UPI,946214306492,,"19,850.08",673799.77
06/06/25,POS LIFESTYLE STORES NOIDA,304864318649,"1,800.28",,671999.49
06/06/25,UPI-Rapido-rapido@icici-746345241246-DR VIA UPI,282015814029,740.25,,671259.24
07/06/25,UPI-1mg-tatahealth@icici-483086627659-DR VIA UPI,964695672840,"2,410.52",,668848.72
07/06/25,UPI-Vi Mobile-airtel@axis-005220669370-DR VIA UPI,308532587143,819.00,,668029.72
07/06/25,UPI-Amazon Pay-amazon@apl-525425560699-DR VIA UPI,270206647650,"1,930.56",,666099.16
07/06/25,POS D MART NOIDA,239352979180,"7,300.60",,658798.56
08/06/25,POS HP PETROL PUMP NOIDA,192374976746,"2,550.47",,656248.09
09/06/25,UPI-BSNL Broadband-bsnlbroadband@upi-545148954877-DR VIA UPI,098628289952,"2,280.11",,653967.98
10/06/25,UPI-Kiran Sharma-3758801522@apl-604345903041-CR VIA UPI,288511869895,,"20,100.95",674068.93
10/06/25,UPI-Zomato-zomato@axisbank-843841803492-DR VIA UPI,948739785803,920.67,,673148.26
10/06/25,UPI-Dunzo-dunzo@razorpay-545065540498-DR VIA UPI,916324457530,"2,730.04",,670418.22
10/06/25,UPI-Blinkit-blinkit@kotak-196501035646-DR VIA UPI,207305281314,"1,900.21",,668518.01
10/06/25,UPI-Hathway-broadband@paytm-145750616212-DR VIA UPI,003179130956,349.00,,668169.01
10/06/25,POS HP PETROL PUMP NOIDA,675439584577,"2,550.80",,665618.21
10/06/25,UPI-Vi Mobile-airtel@axis-550568263424-DR VIA UPI,365891306926,729.00,,664889.21
11/06/25,UPI-Abhishek Sharma-1224820821@ptaxis-576181274083-DR VIA UPI,715117014067,"7,550.76",,657338.45
11/06/25,ECS-NACH-RNT4457533-RENT MANDATE,028722666266,"23,000.00",,634338.45
11/06/25,UPI-Paytm Mall-paytm@paytm-819446490579-DR VIA UPI,606964646910,"1,330.59",,633007.86
12/06/25,UPI-Paytm Mall-paytm@paytm-983585508197-DR VIA UPI,943065068641,730.11,,632277.75
12/06/25,UPI-Aditya Birla Sun Life-licindia@licindia-624168052770-DR VIA UPI,655213118477,"7,800.00",,624477.75
13/06/25,UPI-Ramesh Patil-rameshpati95@pthdfc-019592632702-DR VIA UPI,088296709194,"4,800.03",,619677.72
14/06/25,UPI-Varsha Bajaj-varshabaja15@pthdfc-510614324851-DR VIA UPI,953655975201,"9,300.67",,610377.05
14/06/25,UPI-Indane Gas-indanegas@upi-080851685217-DR VIA UPI,425991324301,"1,250.34",,609126.71
14/06/25,UPI-MSEDCL-msedclpayment@upi-810422407298-DR VIA UPI,034970415454,"3,950.86",,605175.85
15/06/25,ECS-NACH-SIP0952006-Axis Mutual Fund,451954128357,"2,000.00",,603175.85
15/06/25,UPI-Shivam Sharma-shivam470@ptsbi-894732616477-DR VIA UPI,752594146962,800.29,,602375.56
16/06/25,UPI-Rapido-rapido@icici-085804010091-DR VIA UPI,501697694454,470.74,,601904.82
17/06/25,UPI-Jio Recharge-jio@paytm-425390200756-DR VIA UPI,189813991217,220.79,,601684.03
17/06/25,UPI-Gopal Bose-gopal.bose@oksbi-797394308280-DR VIA UPI,062118783822,"19,450.66",,582233.37
18/06/25,UPI-Amit Ghosh-1840194021@paytm-914073241396-CR VIA UPI,465511421264,,"21,650.12",603883.49
18/06/25,UPI-Jio Recharge-jio@paytm-131664360697-DR VIA UPI,392898370292,320.87,,603562.62
19/06/25,UPI-Ola Cabs-olamoney@ola-617573392994-DR VIA UPI,361113376336,150.78,,603411.84
19/06/25,UPI-Paytm Mall-paytm@paytm-395899303043-DR VIA UPI,338727065382,"2,560.97",,600850.87
19/06/25,UPI-Harish Shah-7636155605@oksbi-982732344408-CR VIA UPI,243230811537,,"10,400.76",611251.63
21/06/25,UPI-Practo-practo@paytm-526219228806-DR VIA UPI,152566251075,349.00,,610902.63
21/06/25,UPI-IRCTC-irctc@upi-750063982918-DR VIA UPI,442931855613,149.00,,610753.63
21/06/25,UPI-Ola Cabs-olamoney@ola-963414119216-DR VIA UPI,326689826020,860.36,,609893.27
22/06/25,UPI-Archana Bose-archana254@paytm-605191914857-DR VIA UPI,978354664817,450.00,,609443.27
22/06/25,ATW-XXXXXX0297-DPI33266-NOIDA 708430105250,524713354051,"2,000.00",,607443.27
22/06/25,POS HP PETROL PUMP NOIDA,137755312449,"2,800.07",,604643.20
23/06/25,UPI-Manoj Singh-manoj244@apl-499834161970-CR VIA UPI,490810392625,,"10,000.66",614643.86
24/06/25,POS MORE SUPER MARKET NOIDA,340831897914,"4,350.67",,610293.19
24/06/25,ATW-XXXXXX1380-VKI93281-NOIDA 802146246766,991471255049,"7,000.00",,603293.19
24/06/25,UPI-Rapido-rapido@icici-085738461171-DR VIA UPI,696229770447,740.64,,602552.55
24/06/25,POS BRAND FACTORY NOIDA,853186197710,"1,350.67",,601201.88
25/06/25,ATW-XXXXXX7014-APZ72648-NOIDA 500840471343,669751424726,"5,000.00",,596201.88
26/06/25,ATW-XXXXXX2993-SBZ59518-NOIDA 507674727812,975904398543,"5,500.00",,590701.88
27/06/25,POS CENTRAL MALL NOIDA,633088885924,"5,900.07",,584801.81
27/06/25,IMPS-548839104937-Varun Singh-FDRL-XXXXXXX8349-IMPSTXN,202362550303,"2,200.42",,582601.39
27/06/25,GST ON CHARGES,371964433097,23.40,,582577.99
27/06/25,MOBILE BANKING CHARGES,113708262517,130.00,,582447.99
27/06/25,UPI-Akash Bajaj-akash.bajaj@aubank-001566719438-CR VIA UPI,847632909463,,"12,500.56",594948.55
28/06/25,UPI-Uber India-uber@paytm-834263067945-DR VIA UPI,501201671215,130.63,,594817.92
28/06/25,INTEREST CREDIT,160949014937,,140.34,594958.26
28/06/25,UPI-Radha Pandey-radha713@ibl-996566756429-DR VIA UPI,218547647939,"12,500.01",,582458.25
01/07/25,UPI-Priya Verma-0572682077@ybl-621865354231-DR VIA UPI,835767723533,"5,700.44",,576757.81
01/07/25,ATW-XXXXXX8688-DOW02364-NOIDA 265643875564,938232138684,"4,500.00",,572257.81
01/07/25,UPI-BSNL Broadband-bsnlbroadband@upi-772893931250-DR VIA UPI,398918769586,860.77,,571397.04
03/07/25,UPI-Paytm Mall-paytm@paytm-819038382904-DR VIA UPI,951636471376,"2,070.73",,569326.31
03/07/25,UPI-Flipkart-flipkart@ybl-942459500046-DR VIA UPI,343579955293,"2,850.14",,566476.17
04/07/25,UPI-Rani Verma-raniverm58@ptsbi-168770834271-DR VIA UPI,641825941455,"13,950.68",,552525.49
04/07/25,POS MAX FASHION NOIDA,810911463020,"4,650.55",,547874.94
05/07/25,UPI-Ola Cabs-olamoney@ola-977734586562-DR VIA UPI,501696311389,290.42,,547584.52
05/07/25,UPI-Sachin Rao-sachinrao64@ibl-068440047094-DR VIA UPI,071831111090,"8,450.72",,539133.80
05/07/25,POS BHARAT PETROLEUM NOIDA,003742148784,"3,600.86",,535532.94
06/07/25,UPI-Ola Cabs-olamoney@ola-335824784801-DR VIA UPI,252455816689,"1,210.75",,534322.19
06/07/25,UPI-Practo-practo@paytm-070068154773-DR VIA UPI,164048664923,749.00,,533573.19
07/07/25,SALARY-S7820386739698/NEFT/Bajaj Auto Ltd,877915344711,,"81,821.75",615394.94
07/07/25,ATW-XXXXXX6475-FQX51283-NOIDA 074893600629,291171877701,"8,500.00",,606894.94
07/07/25,UPI-Blinkit-blinkit@kotak-649184384349-DR VIA UPI,579620180467,460.80,,606434.14
07/07/25,UPI-Uber India-uber@paytm-365127862815-DR VIA UPI,279247557004,940.23,,605493.91
07/07/25,UPI-Ola Cabs-olamoney@ola-717120258089-DR VIA UPI,332382339635,750.44,,604743.47
08/07/25,NEFT*N6378411331749/IBM India Pvt Ltd/CR,556245698252,,"27,500.50",632243.97
09/07/25,UPI-Paytm Mall-paytm@paytm-289452063552-DR VIA UPI,382672972574,520.65,,631723.32
09/07/25,UPI-Vi Mobile-airtel@axis-020506364553-DR VIA UPI,798065525161,229.00,,631494.32
10/07/25,UPI-Spotify-spotify@icici-212224125920-DR VIA UPI,653595415538,799.00,,630695.32
11/07/25,ECS-NACH-RNT0447986-RENT MANDATE,582817220085,"23,000.00",,607695.32
11/07/25,UPI-PhonePe Merchant-phonepe@ybl-470728296445-DR VIA UPI,187247299014,"2,340.79",,605354.53
11/07/25,UPI-Gopal Sethi-gopal692@axl-317911366658-DR VIA UPI,471570120117,"15,950.26",,589404.27
13/07/25,POS SHELL FUEL STATION NOIDA,244960753091,"3,900.29",,585503.98
13/07/25,UPI-Santosh Iyer-1067363821@ibl-098402219104-DR VIA UPI,418908513377,"15,700.38",,569803.60
14/07/25,UPI-BSNL Broadband-bsnlbroadband@upi-411674880327-DR VIA UPI,606698999835,980.44,,568823.16
14/07/25,UPI-Anita Menon-anita.menon@aubank-294009021459-DR VIA UPI,598654274578,"11,700.81",,557122.35
15/07/25,UPI-Ramesh Patel-4927980952@ybl-449128517340-DR VIA UPI,271985794635,"3,950.13",,553172.22
15/07/25,UPI-Ritu Yadav-ritu.yadav@aubank-206008937166-CR VIA UPI,454840314971,,"1,600.55",554772.77
15/07/25,UPI-Girish Mishra-girish965@upi-268146467328-CR VIA UPI,809137398924,,"3,050.68",557823.45
16/07/25,ECS-NACH-SIP6406709-Axis Mutual Fund,643934081596,"2,000.00",,555823.45
16/07/25,UPI-PhonePe Merchant-phonepe@ybl-022351914088-DR VIA UPI,706111151417,"1,080.29",,554743.16
16/07/25,POS INDIAN OIL NOIDA,845853536732,"4,200.57",,550542.59
17/07/25,UPI-Flipkart-flipkart@ybl-077553271876-DR VIA UPI,020608551957,"1,010.31",,549532.28
18/07/25,IMPS-780301132963-Rajesh Iyer-KKBK-XXXXXXX2405-IMPSTXN,614881130585,"11,400.34",,538131.94
19/07/25,POS RELIANCE PETROLEUM NOIDA,357829964220,"2,500.83",,535631.11
19/07/25,POS D MART NOIDA,403563746957,"1,850.33",,533780.78
19/07/25,UPI-Indane Gas-indanegas@upi-348265092123-DR VIA UPI,990775868000,"2,100.09",,531680.69
20/07/25,POS SHOPPERS STOP NOIDA,399028765680,"4,200.29",,527480.40
21/07/25,UPI-Uber India-uber@paytm-157896875212-DR VIA UPI,068905592975,560.77,,526919.63
21/07/25,UPI-Flipkart-flipkart@ybl-397293750825-DR VIA UPI,198416605016,"1,760.44",,525159.19
22/07/25,UPI-Rapido-rapido@icici-503221491713-DR VIA UPI,631132555633,150.55,,525008.64
23/07/25,UPI-MSEDCL-msedclpayment@upi-224044645227-DR VIA UPI,245199208316,"2,350.48",,522658.16
23/07/25,UPI-Rapido-rapido@icici-827093044226-DR VIA UPI,892825981844,320.37,,522337.79
23/07/25,UPI-Lata Mukherjee-8323627055@upi-021123759066-CR VIA UPI,951742167806,,"10,550.70",532888.49
25/07/25,UPI-Dunzo-dunzo@razorpay-007059538326-DR VIA UPI,299229895561,"2,230.67",,530657.82
25/07/25,UPI-Deepak Kapoor-deepak.kapoor@ibl-271180443418-CR VIA UPI,041905051367,,"20,050.22",550708.04
25/07/25,UPI-Zepto-zepto@apl-511878395127-DR VIA UPI,486970127381,190.46,,550517.58
26/07/25,ATW-XXXXXX7472-ZIJ00671-NOIDA 694061868866,125794433602,"2,000.00",,548517.58
27/07/25,POS STAR BAZAAR NOIDA,372539046175,300.98,,548216.60
27/07/25,ATW-XXXXXX6060-MQT86828-NOIDA 790483862147,768722343775,"9,500.00",,538716.60
28/07/25,UPI-Vi Mobile-airtel@axis-388240350001-DR VIA UPI,294993897464,329.00,,538387.60
29/07/25,UPI-Blinkit-blinkit@kotak-490349095498-DR VIA UPI,838563944912,"1,200.26",,537187.34
31/07/25,POS MAX FASHION NOIDA,937684194426,"6,800.02",,530387.32
31/07/25,ATW-XXXXXX5769-DGK71611-NOIDA 274934181391,613996482279,"2,500.00",,527887.32
01/08/25,UPI-Lalit Gupta-lalitgupt19@pthdfc-887468099306-DR VIA UPI,661215176728,"6,050.57",,521836.75
01/08/25,IMPS-319832960340-Sunita Tiwari-BKID-XXXXXXX9873-IMPSTXN,521159397291,"8,700.89",,513135.86
03/08/25,POS HP PETROL PUMP NOIDA,600308096560,"1,550.64",,511585.22
03/08/25,UPI-Dunzo-dunzo@razorpay-701824084548-DR VIA UPI,224928693229,"1,860.82",,509724.40
03/08/25,UPI-Amazon Pay-amazon@apl-818124316410-DR VIA UPI,590739406097,350.02,,509374.38
04/08/25,UPI-Dunzo-dunzo@razorpay-598707939283-DR VIA UPI,885230054226,750.26,,508624.12
04/08/25,UPI-Amazon Pay-amazon@apl-087612563850-DR VIA UPI,147005174252,"4,950.18",,503673.94
04/08/25,IMPS-906323549881-Renu Kulkarni-BKID-XXXXXXX8950-IMPSTXN,432799373339,"31,700.77",,471973.17
05/08/25,UPI-Rapido-rapido@icici-249978536286-DR VIA UPI,597195238602,900.01,,471073.16
05/08/25,UPI-Ola Cabs-olamoney@ola-985848083826-DR VIA UPI,488614617624,"2,280.48",,468792.68
06/08/25,SALARY-S6140360628081/NEFT/Bajaj Auto Ltd,380418221158,,"85,398.75",554191.43
06/08/25,ATW-XXXXXX2487-NCF78338-NOIDA 782461889621,657394550051,"5,000.00",,549191.43
07/08/25,UPI-Suresh Dutta-sureshdutt10@ptsbi-863314646484-CR VIA UPI,489995822423,,"9,200.23",558391.66
09/08/25,POS MAX FASHION NOIDA,975494025047,"4,000.03",,554391.63
09/08/25,POS LIFESTYLE STORES NOIDA,558914259134,650.41,,553741.22
10/08/25,UPI-Vi Mobile-airtel@axis-668917179744-DR VIA UPI,720991344572,809.00,,552932.22
10/08/25,UPI-Vi Mobile-airtel@axis-157796665933-DR VIA UPI,400311487578,959.00,,551973.22
10/08/25,ECS-NACH-RNT3615878-RENT MANDATE,571547754430,"23,000.00",,528973.22
11/08/25,UPI-Vi Mobile-airtel@axis-197236024651-DR VIA UPI,744056153743,899.00,,528074.22
11/08/25,UPI-Usha Tiwari-usha356@ptyes-001255841166-DR VIA UPI,301685307662,"19,600.28",,508473.94
12/08/25,UPI-Swiggy-swiggy@icici-284441580014-DR VIA UPI,370287015106,"1,120.96",,507352.98
13/08/25,ATW-XXXXXX2098-SSR89302-NOIDA 167312637281,285455762623,"7,000.00",,500352.98
13/08/25,UPI-Nisha Khanna-nisha127@okicici-343083618582-CR VIA UPI,871790020253,,"4,200.18",504553.16
14/08/25,UPI-Ola Cabs-olamoney@ola-189004906879-DR VIA UPI,652283671371,250.41,,504302.75
14/08/25,UPI-Hathway-broadband@paytm-819275404847-DR VIA UPI,219300142118,749.00,,503553.75
14/08/25,UPI-PhonePe Merchant-phonepe@ybl-158049751071-DR VIA UPI,875543493495,620.13,,502933.62
14/08/25,ECS-NACH-SIP5840631-Axis Mutual Fund,605352689574,"2,000.00",,500933.62
15/08/25,POS LIFESTYLE STORES NOIDA,129918181939,"1,750.31",,499183.31
15/08/25,UPI-Mukesh Pandey-mukesh.pandey@aubank-071616455552-CR VIA UPI,404140285561,,"3,500.57",502683.88
16/08/25,UPI-Vi Mobile-airtel@axis-275998596651-DR VIA UPI,021606940248,989.00,,501694.88
16/08/25,UPI-Shweta Ghosh-7412645051@ptsbi-877355181749-DR VIA UPI,889482580005,"4,700.54",,496994.34
17/08/25,UPI-Flipkart-flipkart@ybl-452332690692-DR VIA UPI,271221199292,"2,200.35",,494793.99
17/08/25,UPI-Indane Gas-indanegas@upi-892865400328-DR VIA UPI,432898123827,"1,000.12",,493793.87
17/08/25,UPI-MSEDCL-msedclpayment@upi-279438444755-DR VIA UPI,018103549581,"4,100.99",,489692.88
17/08/25,UPI-Zepto-zepto@apl-246646401821-DR VIA UPI,408516981622,"1,110.98",,488581.90
18/08/25,UPI-Uber India-uber@paytm-873584179612-DR VIA UPI,519860588388,650.96,,487930.94
19/08/25,POS HP PETROL PUMP NOIDA,648648492141,"2,750.87",,485180.07
19/08/25,UPI-Blinkit-blinkit@kotak-511626636839-DR VIA UPI,370484311720,"2,410.23",,482769.84
19/08/25,POS PANTALOONS NOIDA,511798393790,"1,400.46",,481369.38
20/08/25,UPI-Ola Cabs-olamoney@ola-308833424734-DR VIA UPI,566141013268,180.52,,481188.86
20/08/25,UPI-Jio Recharge-jio@paytm-525140731648-DR VIA UPI,344698134461,"1,790.31",,479398.55
20/08/25,POS PANTALOONS NOIDA,118550645461,650.73,,478747.82
22/08/25,ATW-XXXXXX8362-ZKA49253-NOIDA 805318264478,937537600558,"2,500.00",,476247.82
23/08/25,UPI-Amazon Pay-amazon@apl-854027284084-DR VIA UPI,684775031150,470.08,,475777.74
23/08/25,UPI-Ashish Kumar-ashish.kumar@ptaxis-085886406120-CR VIA UPI,508637811660,,"14,950.27",490728.01
23/08/25,UPI-Ola Cabs-olamoney@ola-745720143283-DR VIA UPI,373572045295,770.04,,489957.97
24/08/25,UPI-PhonePe Merchant-phonepe@ybl-520551360970-DR VIA UPI,887304397324,"1,010.26",,488947.71
25/08/25,ATW-XXXXXX0150-OHG91480-NOIDA 889229311666,674474195239,"4,000.00",,484947.71
25/08/25,ATW-XXXXXX1036-EWL91936-NOIDA 796668752814,946022876044,"1,500.00",,483447.71
25/08/25,POS MAX FASHION NOIDA,725838805924,"2,450.94",,480996.77
25/08/25,UPI-Swiggy-swiggy@icici-539294645102-DR VIA UPI,754016265303,"2,210.88",,478785.89
25/08/25,UPI-Sumit Kapoor-sumit.kapoor@ptaxis-277793887786-CR VIA UPI,102350776052,,"5,400.38",484186.27
27/08/25,UPI-Dinesh Bose-dinesh490@apl-498990568653-DR VIA UPI,071917097138,"19,200.60",,464985.67
27/08/25,UPI-Paytm Mall-paytm@paytm-186529131717-DR VIA UPI,463763882160,270.62,,464715.05
28/08/25,UPI-Zomato-zomato@axisbank-588474718160-DR VIA UPI,281910240334,830.13,,463884.92
29/08/25,UPI-Girish Chatterjee-girish768@axl-718602759341-CR VIA UPI,567802403784,,"20,600.60",484485.52
29/08/25,UPI-Vi Mobile-airtel@axis-526224541151-DR VIA UPI,386460552020,229.00,,484256.52
31/08/25,UPI-Flipkart-flipkart@ybl-367013147950-DR VIA UPI,027632002744,"1,030.66",,483225.86
01/09/25,POS HP PETROL PUMP NOIDA,634983538149,"2,400.53",,480825.33
01/09/25,UPI-Vikram Sethi-7067738816@ybl-628743587360-DR VIA UPI,410739012922,"21,050.05",,459775.28
01/09/25,POS SHOPPERS STOP NOIDA,822593635767,"5,550.39",,454224.89
02/09/25,POS CENTRAL MALL NOIDA,013451301187,"2,150.40",,452074.49
03/09/25,UPI-Sunita Naik-sunita.naik@okicici-568114079183-DR VIA UPI,229216807190,"13,450.50",,438623.99
03/09/25,UPI-Ola Cabs-olamoney@ola-867792890153-DR VIA UPI,910435620904,880.62,,437743.37
04/09/25,UPI-Kavya Singh-kavyasing11@ptyes-724460263689-DR VIA UPI,527971752654,"20,200.89",,417542.48
04/09/25,UPI-Vi Mobile-airtel@axis-036525552338-DR VIA UPI,066042623058,759.00,,416783.48
04/09/25,UPI-Flipkart-flipkart@ybl-029401838077-DR VIA UPI,384089762923,"5,400.51",,411382.97
05/09/25,UPI-Dunzo-dunzo@razorpay-191553343557-DR VIA UPI,772448658528,670.38,,410712.59
06/09/25,UPI-Aditya Birla Sun Life-licindia@licindia-678272628576-DR VIA UPI,411437457422,"7,800.00",,402912.59
06/09/25,SALARY-S7202547167010/NEFT/Bajaj Auto Ltd,583713366332,,"84,643.75",487556.34
06/09/25,UPI-Vi Mobile-airtel@axis-106234158321-DR VIA UPI,951345435407,559.00,,486997.34
07/09/25,UPI-Seema Patil-seemapati10@paytm-439712762188-DR VIA UPI,193303305330,"1,700.60",,485296.74
08/09/25,UPI-Pankaj Jain-pankajjain90@apl-867601808030-CR VIA UPI,768130677101,,"8,800.01",494096.75
08/09/25,UPI-Suresh Kulkarni-sureshkulk96@okicici-183863459744-CR VIA UPI,860742942486,,"1,800.76",495897.51
09/09/25,POS BHARAT PETROLEUM NOIDA,095176844324,"4,350.48",,491547.03
10/09/25,POS INDIAN OIL NOIDA,122937917598,"2,500.40",,489046.63
10/09/25,UPI-Vikas Chatterjee-vikaschat20@pthdfc-315047095360-DR VIA UPI,635599263288,"15,500.19",,473546.44
11/09/25,ECS-NACH-RNT6182892-RENT MANDATE,955029654179,"23,000.00",,450546.44
12/09/25,ATW-XXXXXX9606-FCW87874-NOIDA 009494521248,427488797167,"1,500.00",,449046.44
13/09/25,UPI-Priya Verma-priya943@aubank-024727854381-CR VIA UPI,542335658317,,"8,400.76",457447.20
13/09/25,POS BHARAT PETROLEUM NOIDA,328219559071,"2,400.00",,455047.20
13/09/25,POS MAX FASHION NOIDA,891291054942,"6,250.20",,448797.00
13/09/25,UPI-Shweta Khanna-3995538575@ptyes-098342450505-CR VIA UPI,652888239121,,"4,100.34",452897.34
14/09/25,UPI-PhonePe Merchant-phonepe@ybl-719962179838-DR VIA UPI,834258140707,990.27,,451907.07
14/09/25,POS D MART NOIDA,348941394714,"1,850.58",,450056.49
14/09/25,UPI-Hotstar-hotstar@hdfcbank-606562934704-DR VIA UPI,420183448914,649.00,,449407.49
14/09/25,UPI-Ola Cabs-olamoney@ola-192887938829-DR VIA UPI,253914591813,370.61,,449036.88
14/09/25,UPI-Indane Gas-indanegas@upi-645034016362-DR VIA UPI,289853424099,"2,550.59",,446486.29
15/09/25,UPI-Blinkit-blinkit@kotak-359893519732-DR VIA UPI,726135898948,"1,530.56",,444955.73
15/09/25,UPI-Vi Mobile-airtel@axis-483089407794-DR VIA UPI,170089622240,639.00,,444316.73
15/09/25,ECS-NACH-SIP0070878-Axis Mutual Fund,277035673743,"2,000.00",,442316.73
16/09/25,UPI-MSEDCL-msedclpayment@upi-121551408859-DR VIA UPI,647632972934,"3,550.58",,438766.15
17/09/25,UPI-Amazon Pay-amazon@apl-699447488585-DR VIA UPI,806740146159,"2,300.99",,436465.16
17/09/25,UPI-Amazon Pay-amazon@apl-327789726676-DR VIA UPI,594211727841,"3,600.48",,432864.68
17/09/25,UPI-Girish Reddy-girishredd74@oksbi-727623997169-DR VIA UPI,120193185961,"8,650.89",,424213.79
18/09/25,UPI-Zepto-zepto@apl-972214595288-DR VIA UPI,844155907124,840.27,,423373.52
18/09/25,UPI-Poonam Pillai-poonam.pillai@okaxis-719469680558-CR VIA UPI,305410176621,,"1,100.74",424474.26
20/09/25,POS LIFESTYLE STORES NOIDA,126772526080,"5,300.17",,419174.09
20/09/25,UPI-Rapido-rapido@icici-083452342073-DR VIA UPI,172224400780,470.95,,418703.14
20/09/25,NEFT*N6569970565241/Blue Dart Express Lt/CR,719350049322,,"43,000.00",461703.14
20/09/25,UPI-Jio Recharge-jio@paytm-275146107270-DR VIA UPI,813558470941,570.27,,461132.87
21/09/25,ATW-XXXXXX1892-KHR13247-NOIDA 079485067387,064596795629,"4,000.00",,457132.87
21/09/25,UPI-Asha Nambiar-asha.nambiar@oksbi-612720281178-DR VIA UPI,479949218162,"18,500.55",,438632.32
22/09/25,UPI-Kamal Iyer-5488893381@oksbi-364906662659-CR VIA UPI,617550939282,,"21,000.10",459632.42
23/09/25,UPI-Naveen Reddy-naveen.reddy@paytm-696651197226-CR VIA UPI,795349679246,,"14,050.15",473682.57
23/09/25,UPI-Hathway-broadband@paytm-756519514349-DR VIA UPI,563977474311,349.00,,473333.57
23/09/25,UPI-Vi Mobile-airtel@axis-417905525094-DR VIA UPI,187582132791,399.00,,472934.57
24/09/25,UPI-Uber India-uber@paytm-006920243569-DR VIA UPI,313610337470,240.82,,472693.75
24/09/25,UPI-Flipkart-flipkart@ybl-979548790405-DR VIA UPI,562013934403,180.74,,472513.01
25/09/25,UPI-Paytm Mall-paytm@paytm-526785971535-DR VIA UPI,905101937861,"2,460.25",,470052.76
26/09/25,MOBILE BANKING CHARGES,727767369597,320.00,,469732.76
26/09/25,POS MAX FASHION NOIDA,887522248930,"4,400.65",,465332.11
26/09/25,INTEREST CREDIT,068764999890,,575.54,465907.65
26/09/25,GST ON CHARGES,199562158381,57.60,,465850.05
26/09/25,UPI-Krishna Yadav-5304476182@upi-653693330358-DR VIA UPI,494751011660,"7,650.06",,458199.99
26/09/25,UPI-Vi Mobile-airtel@axis-334629823147-DR VIA UPI,399319074837,419.00,,457780.99
27/09/25,UPI-Dunzo-dunzo@razorpay-704627550622-DR VIA UPI,283536951866,120.05,,457660.94
29/09/25,UPI-Blinkit-blinkit@kotak-721215633540-DR VIA UPI,234085236348,"1,420.78",,456240.16
01/10/25,POS V MART NOIDA,191978640209,"4,500.54",,451739.62
01/10/25,POS CENTRAL MALL NOIDA,535896019716,"1,500.97",,450238.65
01/10/25,UPI-Ola Cabs-olamoney@ola-231436107074-DR VIA UPI,928079365615,220.74,,450017.91
01/10/25,ATW-XXXXXX4470-UAL42200-NOIDA 811330470938,953721759965,"1,500.00",,448517.91
02/10/25,POS SHELL FUEL STATION NOIDA,506708922240,"4,100.19",,444417.72
02/10/25,ATW-XXXXXX2856-APQ63780-NOIDA 914742727029,965099362464,"3,500.00",,440917.72
03/10/25,POS MAX FASHION NOIDA,655711917789,"3,200.18",,437717.54
03/10/25,UPI-Blinkit-blinkit@kotak-806533785513-DR VIA UPI,748661095237,500.97,,437216.57
03/10/25,UPI-Rohit Menon-rohit635@ptsbi-617001811901-DR VIA UPI,565865773844,"9,150.82",,428065.75
03/10/25,UPI-Zepto-zepto@apl-239859058200-DR VIA UPI,924422629333,310.35,,427755.40
03/10/25,UPI-Mamta Ahuja-mamta692@upi-156281013252-DR VIA UPI,207602732269,"15,650.85",,412104.55
05/10/25,UPI-Vi Mobile-airtel@axis-716688492456-DR VIA UPI,152103746298,959.00,,411145.55
05/10/25,POS INDIAN OIL NOIDA,290173441083,"1,450.89",,409694.66
05/10/25,UPI-Swiggy-swiggy@icici-617057378398-DR VIA UPI,620983621639,670.58,,409024.08
06/10/25,UPI-BSNL Broadband-bsnlbroadband@upi-866038040841-DR VIA UPI,755241614465,"1,010.90",,408013.18
06/10/25,SALARY-S8428352067441/NEFT/Bajaj Auto Ltd,286252912887,,"80,814.75",488827.93
07/10/25,POS RELIANCE PETROLEUM NOIDA,315781287415,"4,400.32",,484427.61
07/10/25,ATW-XXXXXX8480-BOE50262-NOIDA 988941753117,235584373399,"5,000.00",,479427.61
07/10/25,UPI-BSNL Broadband-bsnlbroadband@upi-454492532258-DR VIA UPI,092711154609,"2,340.37",,477087.24
07/10/25,UPI-Siddharth Thapar-siddharththap29@upi-599380356946-DR VIA UPI,787118558086,"11,050.30",,466036.94
08/10/25,UPI-Akash Singh-akashsing24@ptyes-493874302291-CR VIA UPI,490842384745,,"7,100.60",473137.54
08/10/25,ECS-NACH-RNT5043918-RENT MANDATE,485705937740,"23,000.00",,450137.54
09/10/25,UPI-Ola Cabs-olamoney@ola-910693478788-DR VIA UPI,275861446168,820.40,,449317.14
09/10/25,IMPS-547419254157-Sushma Nambiar-BKID-XXXXXXX7965-IMPSTXN,997171648954,"44,700.98",,404616.16
09/10/25,UPI-Maya Singh-6665164742@ptsbi-836685743546-CR VIA UPI,773793565618,,"13,750.22",418366.38
12/10/25,UPI-Indane Gas-indanegas@upi-198879086947-DR VIA UPI,149959845569,"2,150.89",,416215.49
13/10/25,UPI-MedPlus Health-medplus@icici-888390620647-DR VIA UPI,971417876440,"2,380.47",,413835.02
13/10/25,UPI-Harish Malhotra-harish.malhotra@oksbi-914646800396-CR VIA UPI,523276073860,,"16,750.28",430585.30
15/10/25,UPI-Zomato-zomato@axisbank-867072477739-DR VIA UPI,564425802136,310.93,,430274.37
15/10/25,UPI-Rajan Banerjee-rajan.banerjee@apl-086513036390-DR VIA UPI,301212047985,"17,600.14",,412674.23
15/10/25,UPI-Zepto-zepto@apl-299709306091-DR VIA UPI,365418361982,"1,820.65",,410853.58
15/10/25,UPI-Vi Mobile-airtel@axis-091021471199-DR VIA UPI,156239885592,759.00,,410094.58
16/10/25,UPI-Uber India-uber@paytm-729921930255-DR VIA UPI,599113035900,610.74,,409483.84
16/10/25,UPI-Zomato-zomato@axisbank-018093373043-DR VIA UPI,357726968101,"1,510.09",,407973.75
16/10/25,UPI-Paytm Mall-paytm@paytm-501245791428-DR VIA UPI,692997217636,200.83,,407772.92
16/10/25,UPI-Zomato-zomato@axisbank-972657443748-DR VIA UPI,103103625942,310.67,,407462.25
18/10/25,UPI-Poonam Kumar-poonamkuma71@okhdfcbank-987657123652-DR VIA UPI,729557546911,"18,950.84",,388511.41
18/10/25,POS PANTALOONS NOIDA,672525130164,"4,500.67",,384010.74
18/10/25,UPI-Kavya Chopra-kavya334@axl-881354883373-DR VIA UPI,966736269555,"9,750.06",,374260.68
18/10/25,UPI-Vi Mobile-airtel@axis-844173322014-DR VIA UPI,243135300713,999.00,,373261.68
19/10/25,ECS-NACH-SIP6213416-Axis Mutual Fund,026577521268,"2,000.00",,371261.68
19/10/25,UPI-Jio Recharge-jio@paytm-328186108536-DR VIA UPI,599148914873,"2,700.88",,368560.80
19/10/25,UPI-BigBasket-bigbasket@ybl-857003279501-DR VIA UPI,058481979001,470.85,,368089.95
19/10/25,UPI-Meesho-meesho@ybl-707048080169-DR VIA UPI,230247796682,"3,550.04",,364539.91
19/10/25,NEFT*N1240116567035/Cipla Limited/CR,861734730420,,"27,000.36",391540.27
19/10/25,POS SHOPPERS STOP NOIDA,190044753594,"4,350.04",,387190.23
19/10/25,UPI-BSNL Broadband-bsnlbroadband@upi-345584018402-DR VIA UPI,564727238926,"2,290.52",,384899.71
20/10/25,UPI-Jio Recharge-jio@paytm-662561883220-DR VIA UPI,122766450200,850.23,,384049.48
21/10/25,UPI-Vi Mobile-airtel@axis-459791059177-DR VIA UPI,189878956042,389.00,,383660.48
21/10/25,UPI-MSEDCL-msedclpayment@upi-764438909632-DR VIA UPI,744990539370,"3,250.82",,380409.66
21/10/25,UPI-Radha Yadav-6533605760@pthdfc-683023856536-DR VIA UPI,913194390958,"3,800.28",,376609.38
22/10/25,UPI-Rapido-rapido@icici-314972975189-DR VIA UPI,659533967876,290.51,,376318.87
22/10/25,UPI-Ramesh Jain-rameshjain18@oksbi-846532117998-DR VIA UPI,979602795368,"19,450.32",,356868.55
23/10/25,POS HP PETROL PUMP NOIDA,637760893674,"2,150.00",,354718.55
23/10/25,UPI-Ola Cabs-olamoney@ola-091111859094-DR VIA UPI,202192374371,610.63,,354107.92
25/10/25,UPI-BigBasket-bigbasket@ybl-597012694153-DR VIA UPI,716755280669,"1,770.14",,352337.78
26/10/25,UPI-PhonePe Merchant-phonepe@ybl-911601258474-DR VIA UPI,423871876646,"1,190.75",,351147.03
27/10/25,UPI-Uber India-uber@paytm-188770171319-DR VIA UPI,579496804904,870.12,,350276.91
29/10/25,UPI-PhonePe Merchant-phonepe@ybl-850935003244-DR VIA UPI,809484745256,"1,910.24",,348366.67
30/10/25,UPI-BSNL Broadband-bsnlbroadband@upi-285395974032-DR VIA UPI,335877566916,990.81,,347375.86
30/10/25,MOBILE BANKING CHARGES,912226935179,310.00,,347065.86
30/10/25,GST ON CHARGES,660569929492,55.80,,347010.06
02/11/25,UPI-BSNL Broadband-bsnlbroadband@upi-795906818335-DR VIA UPI,977857959314,"1,570.70",,345439.36
02/11/25,UPI-Zomato-zomato@axisbank-389085531022-DR VIA UPI,981894813734,"2,190.07",,343249.29
02/11/25,UPI-MakeMyTrip-makemytrip@axisbank-960342711537-DR VIA UPI,653562498893,649.00,,342600.29
02/11/25,UPI-Dunzo-dunzo@razorpay-904737128479-DR VIA UPI,433485998606,"2,290.41",,340309.88
03/11/25,UPI-Dunzo-dunzo@razorpay-602069739127-DR VIA UPI,949677723242,"1,600.94",,338708.94
04/11/25,UPI-Flipkart-flipkart@ybl-161757317956-DR VIA UPI,994459788635,"2,450.05",,336258.89
04/11/25,UPI-Jio Recharge-jio@paytm-887996269494-DR VIA UPI,262912862354,"2,550.12",,333708.77
06/11/25,UPI-Dunzo-dunzo@razorpay-363316620833-DR VIA UPI,335951160838,430.15,,333278.62
06/11/25,POS RELIANCE PETROLEUM NOIDA,662394832054,"4,100.90",,329177.72
06/11/25,UPI-Apollo Pharmacy-apollopharmacy@ybl-506662792821-DR VIA UPI,181403804862,490.69,,328687.03
07/11/25,SALARY-S8030570279238/NEFT/Bajaj Auto Ltd,293789749218,,"83,887.75",412574.78
07/11/25,UPI-Pallavi Sharma-pallavishar95@okicici-997611590703-CR VIA UPI,134314266777,,"14,100.41",426675.19
08/11/25,UPI-Sanjay Das-0398218945@ptsbi-805542655522-DR VIA UPI,073893814221,"2,100.85",,424574.34
09/11/25,UPI-Meesho-meesho@ybl-005595399281-DR VIA UPI,260742947954,"4,650.84",,419923.50
09/11/25,UPI-BigBasket-bigbasket@ybl-595454744992-DR VIA UPI,115853845219,700.29,,419223.21
10/11/25,ECS-NACH-RNT0061917-RENT MANDATE,559490037905,"23,000.00",,396223.21
11/11/25,UPI-Arjun Saxena-arjun.saxena@axl-505040467120-CR VIA UPI,515868983222,,"12,850.51",409073.72
11/11/25,UPI-Uber India-uber@paytm-071287908895-DR VIA UPI,017661438066,"2,680.48",,406393.24
13/11/25,POS LIFESTYLE STORES NOIDA,933382089643,"1,200.54",,405192.70
13/11/25,UPI-Paytm Mall-paytm@paytm-189520050019-DR VIA UPI,256011953894,"1,980.12",,403212.58
14/11/25,UPI-Flipkart-flipkart@ybl-201739816105-DR VIA UPI,145868860380,"4,250.94",,398961.64
14/11/25,NEFT*N7726585415375/Bajaj Finserv Ltd/CR,051164656516,,"12,000.73",410962.37
14/11/25,UPI-Vikram Das-vikram.das@ptaxis-478496113272-DR VIA UPI,703835436097,"14,100.49",,396861.88
15/11/25,UPI-Vi Mobile-airtel@axis-327670768097-DR VIA UPI,262695645969,829.00,,396032.88
15/11/25,POS SHOPPERS STOP NOIDA,062570599481,"1,050.49",,394982.39
15/11/25,UPI-Ola Cabs-olamoney@ola-068395241970-DR VIA UPI,237023467517,220.96,,394761.43
15/11/25,UPI-Uber India-uber@paytm-251934177471-DR VIA UPI,164833002044,210.98,,394550.45
15/11/25,ECS-NACH-SIP0109240-Axis Mutual Fund,208395575155,"2,000.00",,392550.45
16/11/25,ATW-XXXXXX7571-LVR84084-NOIDA 446571247916,702897945137,"6,500.00",,386050.45
17/11/25,UPI-Zepto-zepto@apl-333191532452-DR VIA UPI,891111520481,"1,330.60",,384719.85
17/11/25,UPI-Ola Cabs-olamoney@ola-037849969143-DR VIA UPI,198280936803,560.39,,384159.46
18/11/25,UPI-Flipkart-flipkart@ybl-721888684459-DR VIA UPI,984491751159,"5,050.63",,379108.83
19/11/25,UPI-Ola Cabs-olamoney@ola-443152387292-DR VIA UPI,806428327841,180.65,,378928.18
19/11/25,UPI-Nisha Dutta-nishadutt12@axl-980890983203-CR VIA UPI,078142366368,,"21,300.77",400228.95
19/11/25,UPI-Asha Patil-asha.patil@ibl-876220832912-DR VIA UPI,833479504593,"8,950.31",,391278.64
19/11/25,UPI-MSEDCL-msedclpayment@upi-908765096376-DR VIA UPI,685599164434,"3,450.15",,387828.49
22/11/25,UPI-Uber India-uber@paytm-230114322139-DR VIA UPI,613029045601,"2,370.63",,385457.86
23/11/25,UPI-Gopal Chaudhary-9773952288@ptsbi-883775184083-DR VIA UPI,336823035007,"1,550.79",,383907.07
23/11/25,UPI-Manish Sethi-manish404@okaxis-855973078076-CR VIA UPI,941216901860,,"11,500.70",395407.77
24/11/25,UPI-Neha Banerjee-neha242@axl-049924192344-CR VIA UPI,483977610275,,"9,900.90",405308.67
24/11/25,UPI-Indane Gas-indanegas@upi-030682598518-DR VIA UPI,082488233483,"1,600.70",,403707.97
25/11/25,POS MORE SUPER MARKET NOIDA,021532013466,"3,900.50",,399807.47
26/11/25,ATW-XXXXXX4653-PYV14407-NOIDA 994715653318,623076853990,"7,000.00",,392807.47
26/11/25,UPI-Uber India-uber@paytm-983528913706-DR VIA UPI,064632142854,"1,490.40",,391317.07
27/11/25,UPI-Dunzo-dunzo@razorpay-680126435862-DR VIA UPI,237073967223,"1,470.27",,389846.80
28/11/25,GST ON CHARGES,219247886377,34.20,,389812.60
28/11/25,UPI-Rapido-rapido@icici-191957962362-DR VIA UPI,532028434851,130.42,,389682.18
28/11/25,UPI-Vi Mobile-airtel@axis-936744823503-DR VIA UPI,076902587303,679.00,,389003.18
28/11/25,MOBILE BANKING CHARGES,737018342567,190.00,,388813.18
28/11/25,POS BHARAT PETROLEUM NOIDA,194728048872,"4,150.03",,384663.15
29/11/25,UPI-Amazon Pay-amazon@apl-027520710667-DR VIA UPI,476807631809,"1,600.35",,383062.80
29/11/25,POS RELIANCE PETROLEUM NOIDA,357798923113,"2,400.16",,380662.64
30/11/25,UPI-Geeta Agarwal-geeta.agarwal@oksbi-653286168253-CR VIA UPI,382135623494,,"5,100.59",385763.23
30/11/25,UPI-Varsha Desai-varshadesa29@ybl-276784149149-CR VIA UPI,094198892774,,"6,400.68",392163.91
01/12/25,UPI-Nisha Bajaj-5453431893@ybl-240298146288-CR VIA UPI,146315264248,,"8,800.62",400964.53
02/12/25,UPI-Santosh Chatterjee-santosh.chatterjee@okhdfcbank-985496152896-DR VIA UPI,914019406461,"13,300.72",,387663.81
03/12/25,UPI-Rapido-rapido@icici-467567119554-DR VIA UPI,625635094852,540.79,,387123.02
03/12/25,UPI-BigBasket-bigbasket@ybl-923006048723-DR VIA UPI,421044617013,"1,670.54",,385452.48
04/12/25,UPI-Aditya Birla Sun Life-licindia@licindia-560361238134-DR VIA UPI,521784551675,"7,800.00",,377652.48
04/12/25,UPI-Maya Banerjee-8814843926@okhdfcbank-296066372546-DR VIA UPI,433876262814,"5,900.26",,371752.22
04/12/25,UPI-Zomato-zomato@axisbank-083934193238-DR VIA UPI,790439931564,900.09,,370852.13
04/12/25,UPI-Sunil Srivastava-sunilsriv95@axl-652229221104-CR VIA UPI,903309913339,,"7,350.35",378202.48
05/12/25,UPI-Vi Mobile-airtel@axis-609057620885-DR VIA UPI,261464299507,549.00,,377653.48
06/12/25,UPI-Asha Joshi-asha.joshi@aubank-025912496661-DR VIA UPI,845785584638,"13,800.87",,363852.61
07/12/25,NEFT*N5004168451407/Tech Mahindra Ltd/CR,702549035883,,"14,000.72",377853.33
07/12/25,SALARY-S7964196762271/NEFT/Bajaj Auto Ltd,909266877345,,"85,830.75",463684.08
08/12/25,UPI-Kunal Thapar-kunal805@kotak-696832648141-DR VIA UPI,562678100224,"1,400.79",,462283.29
08/12/25,ATW-XXXXXX0436-SMW57573-NOIDA 538500635617,208338071679,"2,000.00",,460283.29
10/12/25,UPI-Siddharth Sethi-siddharth354@okaxis-705682656221-CR VIA UPI,128710455238,,"20,200.60",480483.89
10/12/25,ATW-XXXXXX2586-OCF67397-NOIDA 148570815705,992238094566,"8,500.00",,471983.89
10/12/25,UPI-MSEDCL-msedclpayment@upi-758560817048-DR VIA UPI,497338752756,"2,050.61",,469933.28
11/12/25,POS STAR BAZAAR NOIDA,413338255547,"4,600.86",,465332.42
11/12/25,POS SHELL FUEL STATION NOIDA,863556653612,"2,000.15",,463332.27
11/12/25,ECS-NACH-RNT2450156-RENT MANDATE,839594804017,"23,000.00",,440332.27
12/12/25,UPI-Amazon Pay-amazon@apl-334955860943-DR VIA UPI,860280231084,"5,500.54",,434831.73
13/12/25,UPI-Geeta Mishra-2299520756@upi-738556744818-CR VIA UPI,573216856801,,"7,350.53",442182.26
14/12/25,UPI-Vi Mobile-airtel@axis-367170697986-DR VIA UPI,599890597310,799.00,,441383.26
15/12/25,POS SHELL FUEL STATION NOIDA,951476290333,"1,300.09",,440083.17
15/12/25,UPI-Indane Gas-indanegas@upi-064383707392-DR VIA UPI,671041310747,"2,300.57",,437782.60
15/12/25,UPI-Amazon Pay-amazon@apl-001282507074-DR VIA UPI,003658228094,280.32,,437502.28
15/12/25,ECS-NACH-SIP8528719-Axis Mutual Fund,304135258734,"2,000.00",,435502.28
15/12/25,UPI-Ola Cabs-olamoney@ola-583885574007-DR VIA UPI,568787685330,330.62,,435171.66
16/12/25,POS PANTALOONS NOIDA,507166971756,"1,450.87",,433720.79
16/12/25,POS INDIAN OIL NOIDA,827732544384,"2,700.66",,431020.13
17/12/25,UPI-Uber India-uber@paytm-690234399548-DR VIA UPI,028867906245,430.16,,430589.97
17/12/25,ATW-XXXXXX7726-HPJ44259-NOIDA 910549511675,428957509146,"4,000.00",,426589.97
17/12/25,UPI-Radha Banerjee-radha583@ibl-518245620555-DR VIA UPI,327544136103,"9,700.83",,416889.14
17/12/25,POS INDIAN OIL NOIDA,870873551790,"3,000.59",,413888.55
18/12/25,UPI-Vi Mobile-airtel@axis-975208518878-DR VIA UPI,155596477723,939.00,,412949.55
19/12/25,UPI-Jio Recharge-jio@paytm-156226238840-DR VIA UPI,031371965581,"1,720.74",,411228.81
19/12/25,UPI-Maya Pillai-mayapill62@pthdfc-792676886070-CR VIA UPI,955382710259,,"8,350.41",419579.22
20/12/25,POS LIFESTYLE STORES NOIDA,117461345315,"5,550.66",,414028.56
21/12/25,UPI-Hathway-broadband@paytm-903543175789-DR VIA UPI,920475891387,599.00,,413429.56
21/12/25,UPI-Swiggy-swiggy@icici-989908392909-DR VIA UPI,441099459931,"1,210.38",,412219.18
21/12/25,UPI-Gopal Ahuja-gopal.ahuja@pthdfc-451159264432-CR VIA UPI,883109754908,,"17,050.09",429269.27
22/12/25,UPI-PhonePe Merchant-phonepe@ybl-800287051383-DR VIA UPI,315197400448,"1,490.27",,427779.00
22/12/25,UPI-Zepto-zepto@apl-800530565871-DR VIA UPI,353462914579,"2,470.07",,425308.93
23/12/25,UPI-BigBasket-bigbasket@ybl-594954560319-DR VIA UPI,594105770309,"2,700.92",,422608.01
24/12/25,UPI-BigBasket-bigbasket@ybl-723575986905-DR VIA UPI,733435704152,"1,530.13",,421077.88
25/12/25,UPI-BSNL Broadband-bsnlbroadband@upi-196661088185-DR VIA UPI,194413821913,"1,680.63",,419397.25
25/12/25,UPI-Nykaa-nykaa@razorpay-145358152260-DR VIA UPI,599060954017,"1,050.06",,418347.19
25/12/25,UPI-Blinkit-blinkit@kotak-352816386714-DR VIA UPI,349006406710,610.30,,417736.89
25/12/25,UPI-Zepto-zepto@apl-471200160545-DR VIA UPI,821912939870,"2,490.66",,415246.23
26/12/25,UPI-Pankaj Malhotra-pankajmalh92@ybl-286124133080-CR VIA UPI,984828578560,,"14,050.11",429296.34
27/12/25,UPI-Swiggy-swiggy@icici-578770467539-DR VIA UPI,344487979269,"1,600.54",,427695.80
28/12/25,UPI-Mamta Menon-mamtameno25@ibl-733237334226-DR VIA UPI,496535146871,"1,750.75",,425945.05
28/12/25,UPI-Pooja Mukherjee-7559265960@okaxis-502614746064-DR VIA UPI,432770035783,"11,350.35",,414594.70
28/12/25,INTEREST CREDIT,343187652723,,335.75,414930.45
29/12/25,ATW-XXXXXX7726-VMG38821-NOIDA 782231217675,268230690032,"4,500.00",,410430.45
29/12/25,UPI-Ankit Tiwari-3942604549@pthdfc-969960790240-CR VIA UPI,543488313632,,"1,900.12",412330.57
29/12/25,UPI-Amazon Pay-amazon@apl-294142059275-DR VIA UPI,231468382834,"2,200.93",,410129.64
29/12/25,UPI-Swiggy-swiggy@icici-446095072306-DR VIA UPI,112631417769,230.15,,409899.49
30/12/25,UPI-Kavya Kulkarni-9027883465@oksbi-227229862332-DR VIA UPI,861050309076,"1,550.43",,408349.06
31/12/25,UPI-Usha Chatterjee-usha788@ptyes-658279627265-CR VIA UPI,697776712912,,"14,600.64",422949.70
31/12/25,UPI-Sonia Mehta-sonia.mehta@paytm-438894429360-DR VIA UPI,662680063674,"12,800.64",,410149.06
31/12/25,UPI-Sachin Dubey-sachin365@axl-613822849223-CR VIA UPI,810596891550,,"3,450.35",413599.41
31/12/25,UPI-Swati Shukla-swatishuk96@ptaxis-934320482127-DR VIA UPI,577254106930,700.27,,412899.14
01/01/26,UPI-Amazon Pay-amazon@apl-556982691326-DR VIA UPI,202686410000,960.54,,411938.60
01/01/26,UPI-Zepto-zepto@apl-785406128850-DR VIA UPI,217901224283,"1,150.74",,410787.86
01/01/26,POS INDIAN OIL NOIDA,556294478808,"4,500.45",,406287.41
02/01/26,UPI-Poonam Pillai-poonampill77@kotak-965154912642-CR VIA UPI,742937752446,,"20,450.37",426737.78
02/01/26,UPI-Santosh Shukla-santoshshuk47@ibl-382327331194-DR VIA UPI,449526406760,"13,750.05",,412987.73
02/01/26,UPI-Akash Kulkarni-akashkulk17@ptaxis-453671258557-DR VIA UPI,737792636005,"3,100.15",,409887.58
02/01/26,POS RELIANCE MART NOIDA,701694415650,"4,300.88",,405586.70
04/01/26,UPI-Vi Mobile-airtel@axis-438649624539-DR VIA UPI,428337483555,609.00,,404977.70
04/01/26,POS MAX FASHION NOIDA,333273085209,"7,750.81",,397226.89
04/01/26,UPI-Sunil Bajaj-sunilbaja18@ibl-128530137615-CR VIA UPI,814178170174,,"11,750.19",408977.08
04/01/26,POS SHELL FUEL STATION NOIDA,592907530634,"3,000.45",,405976.63
05/01/26,POS SHOPPERS STOP NOIDA,454216431477,"4,800.70",,401175.93
05/01/26,UPI-Kiran Sethi-kiran.sethi@okaxis-681817343202-CR VIA UPI,079952753189,,"9,750.15",410926.08
06/01/26,UPI-Meesho-meesho@ybl-667126920190-DR VIA UPI,180042997098,750.62,,410175.46
07/01/26,SALARY-S1266491301996/NEFT/Bajaj Auto Ltd,208470380283,,"80,832.75",491008.21
07/01/26,UPI-Saurabh Dutta-saurabh151@okaxis-609277498184-CR VIA UPI,416591489246,,"5,700.72",496708.93
07/01/26,UPI-Lalit Jain-6031808888@apl-427232100420-CR VIA UPI,975965479610,,"6,550.08",503259.01
08/01/26,UPI-Manoj Shah-2466969833@ptsbi-861295988703-CR VIA UPI,233078358244,,"21,200.03",524459.04
08/01/26,POS RELIANCE PETROLEUM NOIDA,368822391083,"2,350.40",,522108.64
08/01/26,UPI-Hathway-broadband@paytm-779046103870-DR VIA UPI,644418762191,"1,049.00",,521059.64
08/01/26,POS INDIAN OIL NOIDA,561376551294,"1,150.78",,519908.86
09/01/26,POS D MART NOIDA,369601117871,"3,650.70",,516258.16
09/01/26,UPI-Ola Cabs-olamoney@ola-350496188302-DR VIA UPI,528754678805,"2,620.83",,513637.33
09/01/26,UPI-MSEDCL-msedclpayment@upi-264109457568-DR VIA UPI,012661142710,750.34,,512886.99
10/01/26,UPI-BSNL Broadband-bsnlbroadband@upi-613979894883-DR VIA UPI,991082103975,410.56,,512476.43
11/01/26,ECS-NACH-RNT2635793-RENT MANDATE,566661606062,"23,000.00",,489476.43
12/01/26,UPI-Zomato-zomato@axisbank-032235036483-DR VIA UPI,809499746757,"1,170.22",,488306.21
12/01/26,UPI-Pallavi Chopra-6333042333@ptsbi-577872766381-DR VIA UPI,661011582380,"1,450.46",,486855.75
12/01/26,ECS-NACH-SIP8629905-Axis Mutual Fund,874614695442,"2,000.00",,484855.75
13/01/26,ATW-XXXXXX7761-OFL17135-NOIDA 422529598728,951007636290,"7,500.00",,477355.75
16/01/26,UPI-Rapido-rapido@icici-054738382950-DR VIA UPI,910784808390,190.73,,477165.02
17/01/26,POS PANTALOONS NOIDA,197699206804,"7,800.38",,469364.64
17/01/26,UPI-Apollo Pharmacy-apollopharmacy@ybl-968933289799-DR VIA UPI,731254327973,149.00,,469215.64
18/01/26,UPI-BSNL Broadband-bsnlbroadband@upi-216046348812-DR VIA UPI,874529738914,"1,250.75",,467964.89
18/01/26,UPI-Mina Sen-minasen44@okaxis-663832607780-DR VIA UPI,295024941382,600.00,,467364.89
19/01/26,ATW-XXXXXX9901-BWQ76247-NOIDA 491388216964,198330784669,"2,000.00",,465364.89
20/01/26,UPI-BSNL Broadband-bsnlbroadband@upi-664466829754-DR VIA UPI,547549228153,"1,560.26",,463804.63
20/01/26,UPI-Indane Gas-indanegas@upi-433414491979-DR VIA UPI,425519080310,"2,150.77",,461653.86
20/01/26,POS BRAND FACTORY NOIDA,396657137350,"7,700.65",,453953.21
21/01/26,UPI-Rahul Patil-rahulpati97@apl-547309128599-DR VIA UPI,280562953030,"18,900.84",,435052.37
22/01/26,UPI-Harish Ahuja-3320263924@okaxis-005418692743-DR VIA UPI,924370274471,"21,200.48",,413851.89
23/01/26,UPI-Gaurav Desai-gauravdesa66@aubank-771458575982-DR VIA UPI,037378531851,"21,300.46",,392551.43
25/01/26,UPI-Nykaa-nykaa@razorpay-465943208081-DR VIA UPI,141749149193,"5,300.05",,387251.38
25/01/26,UPI-Siddharth Patil-0550446965@ybl-217740969786-CR VIA UPI,199331547137,,"6,400.33",393651.71
25/01/26,UPI-Jio Recharge-jio@paytm-934081158201-DR VIA UPI,426137988471,"2,150.29",,391501.42
26/01/26,UPI-Priya Nambiar-priya107@ptsbi-729496313424-DR VIA UPI,522924690498,"19,150.87",,372350.55
26/01/26,UPI-1mg-tatahealth@icici-619090633999-DR VIA UPI,968915467145,"2,970.74",,369379.81
26/01/26,UPI-Blinkit-blinkit@kotak-854418513731-DR VIA UPI,693348436906,"1,190.82",,368188.99
27/01/26,MOBILE BANKING CHARGES,548028617479,190.00,,367998.99
27/01/26,GST ON CHARGES,512621963690,34.20,,367964.79
27/01/26,UPI-Girish Tiwari-girish.tiwari@ptaxis-044723129611-DR VIA UPI,847893919216,"4,000.62",,363964.17
27/01/26,POS VISHAL MEGA MART NOIDA,521731713688,"3,150.90",,360813.27
27/01/26,UPI-Uber India-uber@paytm-003954032876-DR VIA UPI,127611033504,680.59,,360132.68
27/01/26,UPI-Rapido-rapido@icici-942137762148-DR VIA UPI,411938931073,120.38,,360012.30
28/01/26,UPI-Vi Mobile-airtel@axis-024227105409-DR VIA UPI,984718023430,529.00,,359483.30
29/01/26,UPI-Rapido-rapido@icici-289412343607-DR VIA UPI,621298371537,350.00,,359133.30
29/01/26,UPI-Vi Mobile-airtel@axis-942596400507-DR VIA UPI,609121256820,639.00,,358494.30
30/01/26,UPI-BSNL Broadband-bsnlbroadband@upi-193555253475-DR VIA UPI,579431244882,"1,820.11",,356674.19
30/01/26,ATW-XXXXXX0570-SSF89166-NOIDA 114519672912,787295917882,"8,000.00",,348674.19
01/02/26,UPI-Rani Mukherjee-ranimukh31@okicici-862606880483-DR VIA UPI,566927575522,"3,050.48",,345623.71
02/02/26,POS MAX FASHION NOIDA,667269174081,"1,000.71",,344623.00
02/02/26,UPI-Spotify-spotify@icici-046913330111-DR VIA UPI,037235512834,399.00,,344224.00
03/02/26,UPI-PhonePe Merchant-phonepe@ybl-887175123570-DR VIA UPI,949236344204,620.74,,343603.26
04/02/26,UPI-Ola Cabs-olamoney@ola-507290342822-DR VIA UPI,717346231080,300.81,,343302.45
04/02/26,UPI-Anjali Menon-anjali744@oksbi-206579798472-CR VIA UPI,038506162605,,"16,850.15",360152.60
04/02/26,UPI-Flipkart-flipkart@ybl-127777359855-DR VIA UPI,503232439884,890.47,,359262.13
05/02/26,UPI-Rapido-rapido@icici-059105831501-DR VIA UPI,188606095382,550.32,,358711.81
07/02/26,UPI-Jio Recharge-jio@paytm-517975724552-DR VIA UPI,219000406683,"1,490.83",,357220.98
07/02/26,SALARY-S2373229835559/NEFT/Bajaj Auto Ltd,324543388720,,"83,979.75",441200.73
08/02/26,UPI-Vi Mobile-airtel@axis-549849732323-DR VIA UPI,285109728900,859.00,,440341.73
09/02/26,POS BHARAT PETROLEUM NOIDA,287344003218,"1,000.37",,439341.36
10/02/26,UPI-Zomato-zomato@axisbank-246808895987-DR VIA UPI,403606183835,"2,130.54",,437210.82
10/02/26,UPI-Hathway-broadband@paytm-926453798171-DR VIA UPI,964994343370,549.00,,436661.82
10/02/26,ECS-NACH-RNT8628177-RENT MANDATE,105367710238,"23,000.00",,413661.82
11/02/26,UPI-Jio Recharge-jio@paytm-012819373335-DR VIA UPI,206153014683,"1,800.31",,411861.51
11/02/26,UPI-Jio Recharge-jio@paytm-658681309065-DR VIA UPI,391996279248,"2,600.17",,409261.34
12/02/26,UPI-Deepak Chatterjee-deepak496@upi-754748005715-DR VIA UPI,424175867781,"12,850.11",,396411.23
13/02/26,ATW-XXXXXX8079-ZJY84796-NOIDA 151095557754,810939837090,"8,500.00",,387911.23
13/02/26,UPI-Mohan Sharma-mohan.sharma@ibl-300399415834-CR VIA UPI,564769143239,,"10,350.57",398261.80
13/02/26,UPI-Blinkit-blinkit@kotak-413768706531-DR VIA UPI,513534603465,"1,410.10",,396851.70
15/02/26,UPI-Radha Mishra-radha.mishra@ybl-114718490376-CR VIA UPI,347632901652,,"5,200.37",402052.07
15/02/26,ATW-XXXXXX4194-XTK08714-NOIDA 538481769778,361980682921,"9,000.00",,393052.07
15/02/26,POS SHELL FUEL STATION NOIDA,946319540534,"2,400.06",,390652.01
15/02/26,UPI-Zomato-zomato@axisbank-954184328701-DR VIA UPI,385343216648,920.32,,389731.69
16/02/26,UPI-Rapido-rapido@icici-339403785151-DR VIA UPI,809617113306,840.93,,388890.76
16/02/26,UPI-Vi Mobile-airtel@axis-894855247750-DR VIA UPI,687552974261,799.00,,388091.76
16/02/26,ECS-NACH-SIP7920387-Axis Mutual Fund,210037143364,"2,000.00",,386091.76
17/02/26,IMPS-042618753876-Anil Banerjee-BKID-XXXXXXX2739-IMPSTXN,147220826500,"21,000.00",,365091.76
19/02/26,UPI-MSEDCL-msedclpayment@upi-632495371939-DR VIA UPI,944231384200,"4,150.97",,360940.79
19/02/26,UPI-Hotstar-hotstar@hdfcbank-644891215272-DR VIA UPI,593666978705,799.00,,360141.79
21/02/26,UPI-Vi Mobile-airtel@axis-431564384445-DR VIA UPI,308508254158,269.00,,359872.79
22/02/26,UPI-Geeta Pandey-geeta591@okhdfcbank-539672093077-DR VIA UPI,971351633843,"11,050.70",,348822.09
23/02/26,UPI-PhonePe Merchant-phonepe@ybl-563057440448-DR VIA UPI,043415225009,"1,460.27",,347361.82
23/02/26,UPI-Ola Cabs-olamoney@ola-284925959503-DR VIA UPI,040658169165,"2,800.30",,344561.52
23/02/26,UPI-Prashant Jain-prashantjain37@oksbi-446931565402-DR VIA UPI,742294900838,"20,550.40",,324011.12
24/02/26,UPI-Indane Gas-indanegas@upi-344687118063-DR VIA UPI,747557935239,"2,150.54",,321860.58
24/02/26,UPI-Jio Recharge-jio@paytm-021334905584-DR VIA UPI,259880881307,"1,460.69",,320399.89
24/02/26,UPI-Vi Mobile-airtel@axis-974664683736-DR VIA UPI,797116670579,759.00,,319640.89
25/02/26,UPI-Paytm Mall-paytm@paytm-451228797039-DR VIA UPI,141576954483,"1,610.06",,318030.83
25/02/26,UPI-Ritu Das-3836615190@aubank-342746827941-DR VIA UPI,986271902537,"5,050.45",,312980.38
25/02/26,UPI-Vi Mobile-airtel@axis-472535181220-DR VIA UPI,143932715334,459.00,,312521.38
25/02/26,UPI-Zepto-zepto@apl-127441957849-DR VIA UPI,257421781712,800.92,,311720.46
25/02/26,ATW-XXXXXX7987-XHK57036-NOIDA 241210795622,470020477347,"5,500.00",,306220.46
25/02/26,UPI-Jio Recharge-jio@paytm-396843903652-DR VIA UPI,193943236030,"1,420.23",,304800.23
26/02/26,GST ON CHARGES,255010538950,106.20,,304694.03
26/02/26,UPI-Mahesh Sen-mahesh916@ibl-344702359286-CR VIA UPI,848940075001,,450.50,305144.53
26/02/26,POS METRO CASH CARRY NOIDA,646088327069,"3,950.80",,301193.73
26/02/26,MOBILE BANKING CHARGES,289782624433,590.00,,300603.73
27/02/26,UPI-Uber India-uber@paytm-735864094203-DR VIA UPI,466774035013,880.25,,299723.48
27/02/26,UPI-Uber India-uber@paytm-466638375475-DR VIA UPI,379404793634,610.00,,299113.48
28/02/26,POS SHOPPERS STOP NOIDA,974940304185,"6,400.95",,292712.53
28/02/26,UPI-Ola Cabs-olamoney@ola-016297672345-DR VIA UPI,973087743588,220.72,,292491.81
28/02/26,UPI-Flipkart-flipkart@ybl-852299880307-DR VIA UPI,748507855747,"5,000.66",,287491.15
01/03/26,UPI-Paytm Mall-paytm@paytm-103986812664-DR VIA UPI,492242936104,"2,680.13",,284811.02
02/03/26,UPI-Ola Cabs-olamoney@ola-704712585896-DR VIA UPI,513147715637,840.07,,283970.95
02/03/26,UPI-Swiggy-swiggy@icici-227180218067-DR VIA UPI,632924216333,220.97,,283749.98
02/03/26,UPI-Sunil Dubey-sunil.dubey@aubank-320980221983-CR VIA UPI,928665514616,,"3,800.52",287550.50
02/03/26,UPI-BSNL Broadband-bsnlbroadband@upi-249880576392-DR VIA UPI,708427080309,970.42,,286580.08
02/03/26,UPI-Anil Pillai-anilpill86@ptaxis-226025270567-DR VIA UPI,802599730424,"22,000.44",,264579.64
02/03/26,UPI-Nisha Iyer-nishaiyer68@ptaxis-986630732832-DR VIA UPI,638330893691,"13,300.38",,251279.26
02/03/26,UPI-Mukesh Saxena-mukesh.saxena@okhdfcbank-206904146966-DR VIA UPI,768029698806,"20,650.19",,230629.07
03/03/26,UPI-Dunzo-dunzo@razorpay-850098094737-DR VIA UPI,666305963253,"2,510.68",,228118.39
03/03/26,UPI-Kavya Chopra-kavyachop54@ibl-064279053873-CR VIA UPI,440040582136,,"3,000.45",231118.84
03/03/26,UPI-Jyoti Khanna-jyotikhan63@ybl-148599240298-DR VIA UPI,805485378029,"2,250.45",,228868.39
04/03/26,UPI-Paytm Mall-paytm@paytm-880714370720-DR VIA UPI,681581758889,"2,310.80",,226557.59
06/03/26,UPI-Sunita Chatterjee-sunita.chatterjee@ybl-953348006389-DR VIA UPI,551774700030,"9,050.83",,217506.76
06/03/26,UPI-Vi Mobile-airtel@axis-686228060155-DR VIA UPI,500953969443,999.00,,216507.76
07/03/26,UPI-Anil Nambiar-anilnamb41@aubank-426394492312-DR VIA UPI,752579314775,"17,750.33",,198757.43
07/03/26,POS MORE SUPER MARKET NOIDA,079096814045,"5,900.81",,192856.62
07/03/26,SALARY-S2469124757714/NEFT/Bajaj Auto Ltd,864803764239,,"80,869.75",273726.37
08/03/26,UPI-Prashant Mukherjee-prashantmukh75@upi-588175290088-CR VIA UPI,668493326135,,"11,950.56",285676.93
10/03/26,UPI-Ola Cabs-olamoney@ola-901813401989-DR VIA UPI,283878071000,830.23,,284846.70
11/03/26,UPI-Netmeds-netmeds@paytm-657317186020-DR VIA UPI,720499493594,"3,160.11",,281686.59
11/03/26,UPI-Indane Gas-indanegas@upi-086539682166-DR VIA UPI,237407799561,"1,950.15",,279736.44
11/03/26,UPI-Lata Roy-3403069772@paytm-243067889697-DR VIA UPI,288037735174,"3,200.69",,276535.75
11/03/26,UPI-Geeta Chopra-geetachop51@ibl-120859923880-CR VIA UPI,516370944847,,"4,750.60",281286.35
11/03/26,ATW-XXXXXX6988-ZNN32497-NOIDA 434371801087,386497981558,"5,000.00",,276286.35
12/03/26,ECS-NACH-RNT8008808-RENT MANDATE,972197016217,"23,000.00",,253286.35
13/03/26,UPI-Spotify-spotify@icici-252826701170-DR VIA UPI,300269129062,399.00,,252887.35
13/03/26,UPI-Aditya Birla Sun Life-licindia@licindia-734483412042-DR VIA UPI,204531527966,"7,800.00",,245087.35
13/03/26,UPI-Uber India-uber@paytm-643767068994-DR VIA UPI,847992133117,290.80,,244796.55
14/03/26,UPI-Siddharth Srivastava-3775207165@aubank-665765181845-DR VIA UPI,781093381157,"13,100.04",,231696.51
14/03/26,UPI-Swiggy-swiggy@icici-040593328577-DR VIA UPI,382712822596,750.48,,230946.03
15/03/26,UPI-Rapido-rapido@icici-970226994215-DR VIA UPI,401109989422,560.50,,230385.53
16/03/26,UPI-Vi Mobile-airtel@axis-859918875334-DR VIA UPI,766644487984,799.00,,229586.53
16/03/26,POS RELIANCE PETROLEUM NOIDA,978535146861,"2,550.55",,227035.98
16/03/26,UPI-Jio Recharge-jio@paytm-344033803662-DR VIA UPI,924187166426,"2,070.03",,224965.95
16/03/26,POS VISHAL MEGA MART NOIDA,971501381806,"2,700.35",,222265.60
17/03/26,ECS-NACH-SIP0159056-Axis Mutual Fund,602270290190,"2,000.00",,220265.60
17/03/26,UPI-Myntra-myntra@ybl-687202170814-DR VIA UPI,279784154211,"5,300.16",,214965.44
18/03/26,UPI-Preeti Shah-preeti135@axl-378847851654-CR VIA UPI,300596195718,,"5,000.57",219966.01
19/03/26,UPI-PhonePe Merchant-phonepe@ybl-014636520519-DR VIA UPI,511012676401,"1,340.37",,218625.64
19/03/26,UPI-PhonePe Merchant-phonepe@ybl-494822396521-DR VIA UPI,773030613559,690.47,,217935.17
19/03/26,UPI-Vi Mobile-airtel@axis-462690916963-DR VIA UPI,102524016961,299.00,,217636.17
19/03/26,UPI-MSEDCL-msedclpayment@upi-343202391001-DR VIA UPI,758379329904,"1,900.74",,215735.43
20/03/26,IMPS-380356095766-Lata Ahuja-PUNB-XXXXXXX8015-IMPSTXN,248921200138,"1,800.35",,213935.08
20/03/26,POS BHARAT PETROLEUM NOIDA,707862411893,900.82,,213034.26
21/03/26,UPI-Vandana Mukherjee-vandana542@kotak-970503697132-CR VIA UPI,456832951835,,"8,850.64",221884.90
23/03/26,UPI-Paytm Mall-paytm@paytm-841049109774-DR VIA UPI,203980015649,"1,780.10",,220104.80
23/03/26,UPI-Usha Ahuja-usha.ahuja@ptyes-554941697392-DR VIA UPI,378831608311,"18,550.78",,201554.02
24/03/26,UPI-Dunzo-dunzo@razorpay-877528857032-DR VIA UPI,978165615142,230.37,,201323.65
24/03/26,UPI-Ola Cabs-olamoney@ola-864625295305-DR VIA UPI,662586805029,"1,890.71",,199432.94
25/03/26,INTEREST CREDIT,825049232354,,"1,105.07",200538.01
25/03/26,UPI-Babita Reddy-babita768@ptaxis-031639318385-DR VIA UPI,501028226598,"10,150.54",,190387.47
25/03/26,UPI-BSNL Broadband-bsnlbroadband@upi-894266395463-DR VIA UPI,985352233760,920.83,,189466.64
26/03/26,UPI-Uber India-uber@paytm-328709515690-DR VIA UPI,393096259371,500.89,,188965.75
26/03/26,UPI-Kavya Tiwari-kavya.tiwari@ptsbi-773953160234-DR VIA UPI,681212870419,"12,700.67",,176265.08
26/03/26,POS MORE SUPER MARKET NOIDA,957771935293,"4,600.27",,171664.81
27/03/26,UPI-Rapido-rapido@icici-395590713243-DR VIA UPI,775845547120,280.37,,171384.44
27/03/26,UPI-Amazon Pay-amazon@apl-563024990674-DR VIA UPI,502568218699,"3,600.38",,167784.06
27/03/26,UPI-Rapido-rapido@icici-262493337934-DR VIA UPI,803536465169,350.54,,167433.52
27/03/26,UPI-PhonePe Merchant-phonepe@ybl-625360679571-DR VIA UPI,714097261806,290.48,,167143.04
28/03/26,ATW-XXXXXX6026-TAB84755-NOIDA 741350152366,769438655767,"9,500.00",,157643.04
29/03/26,UPI-Flipkart-flipkart@ybl-236991313274-DR VIA UPI,461471252407,450.74,,157192.30
30/03/26,UPI-Sumit Bajaj-sumit220@ptyes-124960691133-CR VIA UPI,113931799639,,"17,200.79",174393.09
31/03/26,UPI-Zomato-zomato@axisbank-629820927348-DR VIA UPI,952423837963,170.62,,174222.47
31/03/26,UPI-BigBasket-bigbasket@ybl-800078459283-DR VIA UPI,217212403121,"2,610.69",,171611.78
31/03/26,POS BIG BAZAAR NOIDA,812953312665,"8,400.51",,163211.27
01/04/26,UPI-Dinesh Menon-5647399837@ybl-182978134523-CR VIA UPI,339494177766,,"8,900.48",172111.75
01/04/26,POS BHARAT PETROLEUM NOIDA,602430986326,"4,300.62",,167811.13
01/04/26,UPI-Gopal Menon-2420243042@aubank-758506478146-DR VIA UPI,846203346405,"18,550.35",,149260.78
02/04/26,UPI-Ola Cabs-olamoney@ola-580528375774-DR VIA UPI,336204243816,260.09,,149000.69
02/04/26,UPI-Zepto-zepto@apl-772901746186-DR VIA UPI,527871580575,"2,410.90",,146589.79
03/04/26,UPI-Zomato-zomato@axisbank-407475634138-DR VIA UPI,210283754799,"2,120.81",,144468.98
04/04/26,POS METRO CASH CARRY NOIDA,968192912676,"7,350.31",,137118.67
04/04/26,UPI-Rapido-rapido@icici-015202431065-DR VIA UPI,335215238636,500.97,,136617.70
04/04/26,UPI-Hathway-broadband@paytm-901833050180-DR VIA UPI,608543397590,349.00,,136268.70
04/04/26,UPI-BigBasket-bigbasket@ybl-403343461738-DR VIA UPI,621965805223,"1,350.74",,134917.96
05/04/26,UPI-Rahul Verma-rahul.verma@oksbi-480804324949-DR VIA UPI,102489522127,"2,850.38",,132067.58
06/04/26,UPI-Vi Mobile-airtel@axis-985991216346-DR VIA UPI,954149126084,989.00,,131078.58
06/04/26,UPI-BSNL Broadband-bsnlbroadband@upi-395062705982-DR VIA UPI,633898124427,"2,470.86",,128607.72
07/04/26,UPI-Rapido-rapido@icici-148735647034-DR VIA UPI,736841156352,820.97,,127786.75
07/04/26,SALARY-S8816114028810/NEFT/Bajaj Auto Ltd,690108945029,,"81,264.75",209051.50
08/04/26,ECS-NACH-RNT9458887-RENT MANDATE,379898711476,"23,000.00",,186051.50
09/04/26,ATW-XXXXXX2221-XAM81911-NOIDA 422710230673,115676222150,"3,500.00",,182551.50
09/04/26,ATW-XXXXXX1034-AWE99938-NOIDA 409875308099,687751938727,"6,500.00",,176051.50
10/04/26,POS STAR BAZAAR NOIDA,683271979588,600.38,,175451.12
10/04/26,UPI-Dunzo-dunzo@razorpay-150176781776-DR VIA UPI,429747095709,"1,370.08",,174081.04
11/04/26,UPI-Arjun Mukherjee-arjun.mukherjee@ptaxis-638840412152-DR VIA UPI,775893563197,850.71,,173230.33
11/04/26,UPI-Shivam Pillai-3711140570@kotak-474894660564-CR VIA UPI,938157603125,,"10,950.21",184180.54
11/04/26,POS BHARAT PETROLEUM NOIDA,014851140783,"2,150.94",,182029.60
11/04/26,UPI-Vi Mobile-airtel@axis-162555027821-DR VIA UPI,067807755322,469.00,,181560.60
12/04/26,POS CENTRAL MALL NOIDA,231070680116,"4,450.83",,177109.77
12/04/26,UPI-Ola Cabs-olamoney@ola-761270481338-DR VIA UPI,922222798405,"2,030.29",,175079.48
13/04/26,UPI-Shreya Mukherjee-shreyamukh19@paytm-088548207911-CR VIA UPI,967614029221,,"17,800.70",192880.18
13/04/26,UPI-Rakesh Rao-rakeshrao10@ibl-008587999727-DR VIA UPI,845450501605,"6,850.91",,186029.27
14/04/26,UPI-Indane Gas-indanegas@upi-203902488933-DR VIA UPI,116828772889,"1,000.85",,185028.42
15/04/26,UPI-Abhishek Chatterjee-abhishek655@ptsbi-560067323858-DR VIA UPI,599167917272,"13,700.66",,171327.76
15/04/26,UPI-Rapido-rapido@icici-850272926290-DR VIA UPI,064951749403,410.01,,170917.75
15/04/26,UPI-Preeti Yadav-preetiyada43@axl-874732334088-DR VIA UPI,766497163051,"3,050.40",,167867.35
15/04/26,NEFT*N4637162066420/Lupin Limited/CR,573253699411,,"19,000.35",186867.70
16/04/26,UPI-BigBasket-bigbasket@ybl-464465539521-DR VIA UPI,486208553891,420.11,,186447.59
17/04/26,POS SHELL FUEL STATION NOIDA,097051569830,"3,100.65",,183346.94
17/04/26,UPI-Sanjay Desai-sanjay.desai@kotak-034683992746-CR VIA UPI,357933139808,,"8,350.43",191697.37
17/04/26,UPI-Vi Mobile-airtel@axis-757877021369-DR VIA UPI,040492527472,569.00,,191128.37
17/04/26,UPI-Kavya Kulkarni-kavya.kulkarni@ibl-308738214291-DR VIA UPI,831107248472,"13,750.70",,177377.67
17/04/26,UPI-Myntra-myntra@ybl-619593736433-DR VIA UPI,540422463475,"5,750.16",,171627.51
18/04/26,ATW-XXXXXX6004-PIC62224-NOIDA 830633054328,954236689084,"1,500.00",,170127.51
18/04/26,UPI-Nykaa-nykaa@razorpay-311565749850-DR VIA UPI,976546392283,"1,100.95",,169026.56
18/04/26,POS BIG BAZAAR NOIDA,877013943736,"1,300.74",,167725.82
19/04/26,UPI-Jio Recharge-jio@paytm-166445702498-DR VIA UPI,488334503339,"2,460.63",,165265.19
19/04/26,ECS-NACH-SIP9677781-Axis Mutual Fund,839185591428,"2,000.00",,163265.19
19/04/26,IMPS-500379266519-Neha Chaudhary-SBIN-XXXXXXX0112-IMPSTXN,392310943108,"42,700.10",,120565.09
20/04/26,UPI-MSEDCL-msedclpayment@upi-926224404271-DR VIA UPI,455860306116,"2,800.75",,117764.34
20/04/26,UPI-Flipkart-flipkart@ybl-281368473119-DR VIA UPI,489696548609,"2,180.81",,115583.53
20/04/26,UPI-Nykaa-nykaa@razorpay-195320286243-DR VIA UPI,629071230243,"3,500.45",,112083.08
21/04/26,POS METRO CASH CARRY NOIDA,754207139113,"6,100.14",,105982.94
21/04/26,UPI-Blinkit-blinkit@kotak-351789258080-DR VIA UPI,443906804078,"2,130.37",,103852.57
21/04/26,ATW-XXXXXX8588-CQW85194-NOIDA 625607022867,191389470288,"7,000.00",,96852.57
21/04/26,UPI-Vishal Rao-vishal.rao@paytm-111176283388-DR VIA UPI,616829507482,"5,500.94",,91351.63
22/04/26,UPI-Kavita Kapoor-3521593358@ptaxis-401110981114-DR VIA UPI,259211335565,"4,050.66",,87300.97
22/04/26,UPI-Harish Mishra-harish778@okhdfcbank-476057874966-DR VIA UPI,880910055960,"3,900.69",,83400.28
23/04/26,UPI-IRCTC-irctc@upi-703426815877-DR VIA UPI,247627530328,899.00,,82501.28
23/04/26,POS MORE SUPER MARKET NOIDA,348793047648,"6,150.64",,76350.64
23/04/26,POS SHOPPERS STOP NOIDA,949531074111,"2,650.69",,73699.95
24/04/26,UPI-Arun Shah-arunshah11@axl-679391970271-CR VIA UPI,708237616069,,"3,600.00",77299.95
25/04/26,UPI-Vi Mobile-airtel@axis-363991817968-DR VIA UPI,025187696956,869.00,,76430.95
25/04/26,UPI-Paytm Mall-paytm@paytm-878946691423-DR VIA UPI,561354505130,"1,760.78",,74670.17
25/04/26,UPI-Paytm Mall-paytm@paytm-489292485867-DR VIA UPI,019881943371,"1,170.10",,73500.07
26/04/26,UPI-Sunita Ahuja-sunitaahuj65@okicici-072988912485-DR VIA UPI,685712661980,"4,650.56",,68849.51
27/04/26,UPI-Ola Cabs-olamoney@ola-161041292713-DR VIA UPI,072236925663,"1,860.22",,66989.29
27/04/26,UPI-Tarun Gupta-tarungupt87@pthdfc-615795740592-CR VIA UPI,328949455462,,"12,750.71",79740.00
27/04/26,UPI-Rahul Kapoor-rahul511@okaxis-043786705089-DR VIA UPI,670885765526,"6,850.83",,72889.17
27/04/26,UPI-Uber India-uber@paytm-846759736048-DR VIA UPI,274406509177,450.59,,72438.58
28/04/26,UPI-1mg-tatahealth@icici-965207346639-DR VIA UPI,534391100989,450.96,,71987.62
28/04/26,UPI-Lata Nair-latanair28@okaxis-263914522049-DR VIA UPI,573365028884,"19,250.22",,52737.40
29/04/26,UPI-Vi Mobile-airtel@axis-928509057612-DR VIA UPI,852826450283,459.00,,52278.40
30/04/26,UPI-Zepto-zepto@apl-358582271777-DR VIA UPI,998781882473,"2,740.73",,49537.67
30/04/26,UPI-Deepak Pillai-deepak167@ptyes-519912017881-CR VIA UPI,617747877188,,"16,350.66",65888.33
01/05/26,UPI-Swiggy-swiggy@icici-941588437218-DR VIA UPI,391954150437,"1,140.54",,64747.79
01/05/26,POS MORE SUPER MARKET NOIDA,179507645752,"1,900.74",,62847.05
01/05/26,ATW-XXXXXX7378-WVX05411-NOIDA 916550653206,240383677366,"6,000.00",,56847.05
01/05/26,MOBILE BANKING CHARGES,486203262092,320.00,,56527.05
01/05/26,UPI-Ankit Jain-ankitjain41@kotak-182806519864-CR VIA UPI,465239747296,,"4,650.78",61177.83
01/05/26,GST ON CHARGES,404865029710,57.60,,61120.23
03/05/26,ATW-XXXXXX3453-TPN21200-NOIDA 223532415440,812671543456,"6,500.00",,54620.23
03/05/26,UPI-Mina Jain-6469350197@okhdfcbank-542391898572-CR VIA UPI,119720999236,,"1,950.81",56571.04
04/05/26,UPI-Anita Roy-anita.roy@okaxis-955353622169-CR VIA UPI,943792094243,,"3,750.93",60321.97
06/05/26,UPI-Dunzo-dunzo@razorpay-004891599785-DR VIA UPI,687515158569,"2,310.32",,58011.65
06/05/26,UPI-Pooja Kapoor-9374064067@okhdfcbank-314024305658-DR VIA UPI,338802346411,"19,700.24",,38311.41
06/05/26,POS CENTRAL MALL NOIDA,522338163002,"2,550.93",,35760.48
06/05/26,UPI-Blinkit-blinkit@kotak-215488811157-DR VIA UPI,713027778124,"1,730.87",,34029.61
06/05/26,UPI-Vi Mobile-airtel@axis-062943119855-DR VIA UPI,163953112541,179.00,,33850.61
07/05/26,UPI-Flipkart-flipkart@ybl-516646605085-DR VIA UPI,721062500296,550.00,,33300.61
07/05/26,SALARY-S1265775735773/NEFT/Bajaj Auto Ltd,784396878529,,"84,371.75",117672.36
07/05/26,UPI-Meesho-meesho@ybl-681814810863-DR VIA UPI,977513693882,"4,150.42",,113521.94
08/05/26,UPI-Priya Patel-7915901933@aubank-860192716734-CR VIA UPI,927309753987,,"20,600.91",134122.85
09/05/26,UPI-Hathway-broadband@paytm-222026005116-DR VIA UPI,520400291376,799.00,,133323.85
09/05/26,UPI-Zomato-zomato@axisbank-211208358942-DR VIA UPI,744557397218,"2,230.08",,131093.77
09/05/26,UPI-IRCTC-irctc@upi-362163644436-DR VIA UPI,080179273426,699.00,,130394.77
