Bank Name,THE FEDERAL BANK LIMITED
Account Number,84709757456713
Account Holder Name,RADHA MENON
Branch,MG ROAD
IFSC Code,FDRL0787463
Statement Period,01-12-2024 To 09-05-2026

Date,Description,Ref/ChequeNo,Debit,Credit,Balance
01-12-2024,UPI/DR/462907902653/Sunita/HDFC/sunitameht51@kotak/UPI,575219919343,"13,000.73",,194142.41
01-12-2024,POS RELIANCE PETROLEUM PATNA,834043938873,"4,000.46",,190141.95
01-12-2024,UPI/CR/482683722213/Anjali/HDFC/anjali181@oksbi/UPI,379325594411,,"16,050.62",206192.57
02-12-2024,UPI/DR/091233903001/BSNL/RAZORPAY/broadband@paytm/UPI,788631664670,"1,149.00",,205043.57
02-12-2024,UPI/DR/961911393940/Amazon/ICICI/amazon@apl/UPI,575868098404,860.01,,204183.56
03-12-2024,POS SHELL FUEL STATION PATNA,532785048010,"1,700.27",,202483.29
04-12-2024,POS RELIANCE MART PATNA,944410704503,"1,450.00",,201033.29
05-12-2024,UPI/DR/649861637618/Zepto/ICICI/zepto@apl/UPI,131354763292,370.87,,200662.42
05-12-2024,POS PANTALOONS PATNA,761559711014,"1,950.13",,198712.29
06-12-2024,UPI/DR/000920237042/Airtel/PAYTM/airtel@axis/UPI,015074053816,999.00,,197713.29
06-12-2024,UPI/DR/641631137820/Meesho/PAYTM/meesho@ybl/UPI,633075588662,"5,850.10",,191863.19
07-12-2024,ATM CASH WITHDRAWAL/31787/PATNA,171257059797,"7,500.00",,184363.19
07-12-2024,UPI/DR/330058144016/Aditya/LICI/licindia@licindia/UPI,310067347721,"5,400.00",,178963.19
07-12-2024,SALARY CREDIT/S2992073906165/Raymond Ltd,563825213828,,"128,002.81",306966.00
08-12-2024,IMPS/P2M/161248697856//Mamta Pillai/BDBL,608627703960,"35,200.35",,271765.65
09-12-2024,UPI/DR/408854245020/1mg/ICICI/tatahealth@icici/UPI,521042104527,760.48,,271005.17
09-12-2024,UPI/CR/353348800273/Yogesh/BARB/yogeshchop45@aubank/UPI,291974782536,,"12,950.23",283955.40
09-12-2024,UPI/DR/291229200975/CESC/UPIN/cescpayment@upi/UPI,398887129770,"2,600.39",,281355.01
09-12-2024,ATM CASH WITHDRAWAL/07266/PATNA,438216751902,"5,500.00",,275855.01
10-12-2024,UPI/DR/594606317345/Rohit/BDBL/9045769705@okaxis/UPI,850642798882,"14,000.13",,261854.88
10-12-2024,POS V MART PATNA,456476213705,"1,250.85",,260604.03
10-12-2024,POS SHELL FUEL STATION PATNA,476817264445,"2,150.81",,258453.22
11-12-2024,UPI/DR/521607530250/Indane/ICICI/indanegas@upi/UPI,505390435229,850.36,,257602.86
11-12-2024,NACH/MANDATE/RNT9499371/RENT MANDATE,576987077600,"9,000.00",,248602.86
13-12-2024,UPI/CR/452394731759/Rekha/FDRL/rekhajain14@okicici/UPI,571709436678,,"19,900.65",268503.51
13-12-2024,UPI/DR/384223550964/Usha/UCBA/ushapill84@ybl/UPI,074305565615,"6,050.31",,262453.20
14-12-2024,UPI/DR/271211260176/Anil/HDFC/0895955362@ptsbi/UPI,086139190163,"1,700.45",,260752.75
14-12-2024,UPI/DR/184491197828/Zomato/ICICI/zomato@axisbank/UPI,055509085260,"1,170.87",,259581.88
14-12-2024,UPI/DR/690957414951/Sunita/HDFC/2549016658@okaxis/UPI,753557719199,"11,950.62",,247631.26
15-12-2024,NACH/MANDATE/SIP1990852/Axis Mutual Fund,664256064229,"9,000.00",,238631.26
15-12-2024,UPI/DR/993317301584/Rahul/BDBL/rahul765@okaxis/UPI,400905210908,"18,750.18",,219881.08
16-12-2024,UPI/DR/494939768986/Blinkit/ICICI/blinkit@kotak/UPI,722982834079,"2,190.43",,217690.65
16-12-2024,UPI/DR/507847969548/Zepto/ICICI/zepto@apl/UPI,477647172349,"1,990.71",,215699.94
16-12-2024,UPI/DR/752021386542/Airtel/PAYTM/airtel@axis/UPI,135361734676,909.00,,214790.94
16-12-2024,UPI/DR/806295408461/Myntra/PAYTM/myntra@ybl/UPI,614854028207,700.36,,214090.58
16-12-2024,ATM CASH WITHDRAWAL/66977/PATNA,960353252030,"6,000.00",,208090.58
17-12-2024,UPI/DR/400086564285/Kiran/PUNB/kiranahuj61@ybl/UPI,197312672362,"16,350.20",,191740.38
17-12-2024,UPI/DR/557081085210/Flipkart/ICICI/flipkart@ybl/UPI,015191976582,"2,250.10",,189490.28
17-12-2024,UPI/DR/412562641596/Airtel/PAYTM/airtel@axis/UPI,627813857314,689.00,,188801.28
18-12-2024,UPI/DR/703903019192/Jio/ICICI/jio@paytm/UPI,236493439516,"1,390.39",,187410.89
18-12-2024,UPI/DR/225955456442/Airtel/PAYTM/airtel@axis/UPI,766192985894,769.00,,186641.89
19-12-2024,UPI/DR/356028191785/Ola/PAYTM/olamoney@ola/UPI,665552561099,430.03,,186211.86
20-12-2024,UPI/DR/631790461926/Girish/SBIN/girish.rao@ybl/UPI,317830890992,"11,500.97",,174710.89
20-12-2024,UPI/DR/520912018199/Mamta/KKBK/mamta886@ptyes/UPI,645858673891,"7,700.88",,167010.01
20-12-2024,POS CENTRAL MALL PATNA,109051378277,"8,000.21",,159009.80
20-12-2024,UPI/DR/742105084808/Sarita/BDBL/sarita.shukla@okhdfcbank/UPI,323858064756,"14,650.00",,144359.80
22-12-2024,UPI/CR/694305447015/Deepa/SBIN/deepachop55@apl/UPI,135000571397,,"4,150.81",148510.61
23-12-2024,UPI/DR/957228634770/Ola/PAYTM/olamoney@ola/UPI,559905644394,820.38,,147690.23
23-12-2024,UPI/CR/412255725210/Sanjay/BARB/7807604054@ptsbi/UPI,421010468341,,"17,250.45",164940.68
24-12-2024,UPI/DR/384586785731/Sumit/BKID/sumit877@oksbi/UPI,050739958751,"4,800.53",,160140.15
24-12-2024,UPI/DR/100793818875/Prashant/PUNB/prashant.nambiar@upi/UPI,053734645482,"6,650.36",,153489.79
24-12-2024,UPI/DR/800405250299/Zepto/ICICI/zepto@apl/UPI,980316359387,"1,920.31",,151569.48
26-12-2024,UPI/DR/801766942530/Amazon/PAYTM/amazon@apl/UPI,789482263798,850.38,,150719.10
26-12-2024,UPI/DR/277546796960/Uber/PAYTM/uber@paytm/UPI,813650964704,290.10,,150429.00
26-12-2024,UPI/CR/682484816864/Vijay/BKID/vijayredd64@pthdfc/UPI,453540043815,,"10,150.60",160579.60
27-12-2024,UPI/DR/116975889526/PhonePe/ICICI/phonepe@ybl/UPI,675635677180,"1,080.07",,159499.53
27-12-2024,UPI/DR/075830218950/Uber/PAYTM/uber@paytm/UPI,647791142958,890.52,,158609.01
28-12-2024,UPI/DR/255764548798/Vishal/KKBK/vishal.das@oksbi/UPI,842075780320,"17,150.45",,141458.56
28-12-2024,UPI/DR/306843064679/Uber/PAYTM/uber@paytm/UPI,587540437211,470.29,,140988.27
28-12-2024,INTEREST CREDIT,434129287956,,190.25,141178.52
29-12-2024,ATM CASH WITHDRAWAL/19525/PATNA,787056174186,"6,500.00",,134678.52
30-12-2024,UPI/DR/633444402779/BigBasket/ICICI/bigbasket@ybl/UPI,676274065144,310.57,,134367.95
30-12-2024,TRANSACTION CHARGES,601598043474,330.00,,134037.95
30-12-2024,ATM CASH WITHDRAWAL/81899/PATNA,489984510370,"5,500.00",,128537.95
30-12-2024,UPI/CR/645838455748/Meena/BDBL/meenaredd56@pthdfc/UPI,734328573779,,"9,600.64",138138.59
30-12-2024,GST ON CHARGES,631757414805,59.40,,138079.19
31-12-2024,POS HP PETROL PUMP PATNA,879739329546,"1,150.02",,136929.17
02-01-2025,POS SHOPPERS STOP PATNA,004599753622,"3,100.06",,133829.11
03-01-2025,UPI/DR/215424249384/Jio/ICICI/jio@paytm/UPI,707746265690,170.18,,133658.93
03-01-2025,UPI/DR/547232001942/Dunzo/ICICI/dunzo@razorpay/UPI,560145935689,"2,530.91",,131128.02
03-01-2025,POS STAR BAZAAR PATNA,046193569782,"1,600.41",,129527.61
03-01-2025,UPI/DR/792149412933/Uber/PAYTM/uber@paytm/UPI,931804026967,90.69,,129436.92
04-01-2025,UPI/CR/189586273492/Siddharth/HDFC/siddharth.khanna@axl/UPI,024558901784,,"2,550.11",131987.03
06-01-2025,SALARY CREDIT/S9400343271860/Raymond Ltd,213864105288,,"126,768.81",258755.84
06-01-2025,UPI/DR/919914352135/Ola/PAYTM/olamoney@ola/UPI,671623161416,130.93,,258624.91
06-01-2025,POS STAR BAZAAR PATNA,277080906370,300.50,,258324.41
07-01-2025,UPI/DR/837222465817/Flipkart/ICICI/flipkart@ybl/UPI,341009043657,"2,800.33",,255524.08
08-01-2025,UPI/DR/958752577437/Amazon/ICICI/amazon@apl/UPI,861842306909,"2,090.41",,253433.67
08-01-2025,UPI/CR/859520127743/Naveen/UTIB/6721763641@ptaxis/UPI,698423844781,,"15,150.39",268584.06
08-01-2025,UPI/DR/386105496762/Sanjay/UCBA/4049769030@okaxis/UPI,930441235276,"15,400.40",,253183.66
09-01-2025,NACH/MANDATE/RNT4724176/RENT MANDATE,193906405841,"9,000.00",,244183.66
09-01-2025,POS D MART PATNA,248896755707,"3,450.21",,240733.45
09-01-2025,POS BRAND FACTORY PATNA,348707123480,"7,750.07",,232983.38
09-01-2025,ATM CASH WITHDRAWAL/12866/PATNA,459737155256,"5,000.00",,227983.38
10-01-2025,POS MAX FASHION PATNA,052944050046,"8,250.91",,219732.47
10-01-2025,POS RELIANCE PETROLEUM PATNA,287060067897,"3,850.02",,215882.45
10-01-2025,NEFT/N8897939109838/Capgemini India,906069200507,,"20,500.65",236383.10
11-01-2025,UPI/DR/907228604243/CESC/UPIN/cescpayment@upi/UPI,812388468925,"1,500.44",,234882.66
12-01-2025,UPI/DR/460278932472/Aditya/LICI/licindia@licindia/UPI,638884282196,"5,400.00",,229482.66
13-01-2025,UPI/DR/888426957606/Uber/ICICI/uber@paytm/UPI,327252359510,360.89,,229121.77
14-01-2025,POS RELIANCE PETROLEUM PATNA,274610266786,"2,800.41",,226321.36
16-01-2025,UPI/DR/440869102497/Blinkit/ICICI/blinkit@kotak/UPI,163945955171,"2,450.64",,223870.72
16-01-2025,UPI/DR/646663426542/Airtel/PAYTM/airtel@axis/UPI,854446129506,789.00,,223081.72
16-01-2025,NACH/MANDATE/SIP8520033/Axis Mutual Fund,669842196110,"9,000.00",,214081.72
17-01-2025,UPI/DR/757098505660/Vikram/UCBA/vikram893@ptyes/UPI,370074259620,"15,050.46",,199031.26
17-01-2025,UPI/DR/350347574821/Mamta/FDRL/mamta123@oksbi/UPI,171961478344,"7,400.02",,191631.24
17-01-2025,UPI/DR/758474075188/Ritu/HDFC/8081900451@oksbi/UPI,075519456932,"3,100.45",,188530.79
18-01-2025,UPI/DR/999019356039/Airtel/PAYTM/airtel@axis/UPI,139357518499,589.00,,187941.79
18-01-2025,UPI/DR/311833265930/Naveen/UTIB/naveen995@okaxis/UPI,528570908444,"8,550.38",,179391.41
18-01-2025,UPI/CR/049882146301/Vishal/KKBK/vishal595@okaxis/UPI,949746958394,,"2,150.63",181542.04
19-01-2025,POS D MART PATNA,933231522404,"6,950.23",,174591.81
19-01-2025,UPI/DR/784332497849/Ola/ICICI/olamoney@ola/UPI,418912952739,"1,350.68",,173241.13
19-01-2025,UPI/DR/994608297421/Swiggy/ICICI/swiggy@icici/UPI,910688788535,"1,120.76",,172120.37
20-01-2025,UPI/DR/867143800141/Flipkart/ICICI/flipkart@ybl/UPI,594901070605,"1,040.13",,171080.24
21-01-2025,UPI/DR/296644252005/Lalit/KKBK/1345074343@apl/UPI,482689725510,"21,850.46",,149229.78
21-01-2025,UPI/DR/293519464028/Zomato/ICICI/zomato@axisbank/UPI,213450020140,"2,660.06",,146569.72
22-01-2025,UPI/DR/734510183402/Airtel/PAYTM/airtel@axis/UPI,951386982806,689.00,,145880.72
22-01-2025,UPI/DR/697702719424/Indane/ICICI/indanegas@upi/UPI,816003687830,"1,550.00",,144330.72
22-01-2025,UPI/DR/305420656935/Amazon/ICICI/amazon@apl/UPI,148711592388,"2,580.02",,141750.70
22-01-2025,UPI/DR/625487383960/Arjun/HDFC/arjun.agarwal@ybl/UPI,548006960554,550.00,,141200.70
22-01-2025,UPI/DR/874241661291/Amazon/ICICI/amazon@apl/UPI,669898858274,780.60,,140420.10
24-01-2025,ATM CASH WITHDRAWAL/08416/PATNA,127140741294,"5,000.00",,135420.10
25-01-2025,POS BHARAT PETROLEUM PATNA,198432089416,"3,500.86",,131919.24
25-01-2025,UPI/DR/763949089062/Zomato/ICICI/zomato@axisbank/UPI,112104359084,600.69,,131318.55
26-01-2025,UPI/DR/158981648218/Amazon/PAYTM/amazon@apl/UPI,653226784404,850.34,,130468.21
26-01-2025,UPI/DR/391811502139/Gopal/HDFC/gopal854@okhdfcbank/UPI,953810356733,"8,400.08",,122068.13
26-01-2025,UPI/DR/721058595510/Paytm/ICICI/paytm@paytm/UPI,610885452429,"1,640.50",,120427.63
26-01-2025,UPI/DR/459390810256/1mg/ICICI/tatahealth@icici/UPI,342784890457,"3,130.78",,117296.85
27-01-2025,UPI/DR/523617704960/Ola/PAYTM/olamoney@ola/UPI,415662654211,180.75,,117116.10
27-01-2025,UPI/DR/506846115558/Flipkart/PAYTM/flipkart@ybl/UPI,780083996796,"5,300.71",,111815.39
27-01-2025,POS STAR BAZAAR PATNA,868073317729,"5,100.43",,106714.96
27-01-2025,UPI/DR/732800331260/Swiggy/ICICI/swiggy@icici/UPI,924070115053,"1,890.38",,104824.58
28-01-2025,ATM CASH WITHDRAWAL/10154/PATNA,109507625662,"4,500.00",,100324.58
28-01-2025,GST ON CHARGES,255609708967,30.60,,100293.98
28-01-2025,TRANSACTION CHARGES,853977723681,170.00,,100123.98
29-01-2025,ATM CASH WITHDRAWAL/32916/PATNA,449333111579,"6,500.00",,93623.98
29-01-2025,UPI/DR/874772032269/Ola/PAYTM/olamoney@ola/UPI,391609585720,770.31,,92853.67
30-01-2025,UPI/CR/629718017782/Himanshu/FDRL/himanshunaik22@ibl/UPI,304948018662,,"20,850.68",113704.35
30-01-2025,UPI/CR/881244607060/Kunal/BKID/kunalthap65@okicici/UPI,857257524759,,"14,700.18",128404.53
31-01-2025,UPI/DR/975048681129/Ashish/UTIB/ashish187@okhdfcbank/UPI,595053284073,"5,000.93",,123403.60
31-01-2025,UPI/CR/219288012449/Akash/SBIN/akash.menon@ybl/UPI,142684707045,,"8,400.47",131804.07
31-01-2025,UPI/CR/098855736068/Vijay/KKBK/4263017112@ptyes/UPI,645846978035,,400.36,132204.43
31-01-2025,ATM CASH WITHDRAWAL/34810/PATNA,684034043989,"6,500.00",,125704.43
01-02-2025,ATM CASH WITHDRAWAL/86773/PATNA,300922796564,"7,000.00",,118704.43
01-02-2025,UPI/DR/583340511493/Myntra/PAYTM/myntra@ybl/UPI,945751635722,400.73,,118303.70
02-02-2025,UPI/DR/506223760196/Airtel/PAYTM/airtel@axis/UPI,427297871225,959.00,,117344.70
02-02-2025,UPI/DR/890963945469/Sunil/KKBK/sunilpand81@ptaxis/UPI,553917460169,"16,650.51",,100694.19
03-02-2025,UPI/DR/942686581397/Airtel/PAYTM/airtel@axis/UPI,287798656591,789.00,,99905.19
03-02-2025,UPI/DR/483398192733/Meesho/PAYTM/meesho@ybl/UPI,976220720468,"1,650.31",,98254.88
03-02-2025,UPI/DR/923028756388/Uber/ICICI/uber@paytm/UPI,861839794642,"2,630.66",,95624.22
04-02-2025,UPI/DR/026916499744/Paytm/ICICI/paytm@paytm/UPI,613344387606,"1,610.71",,94013.51
05-02-2025,UPI/DR/593583597601/Aditya/LICI/licindia@licindia/UPI,463660041469,"5,400.00",,88613.51
05-02-2025,UPI/DR/264764459812/Uber/PAYTM/uber@paytm/UPI,883752294775,270.14,,88343.37
06-02-2025,UPI/CR/427979519302/Jyoti/KKBK/2151846313@pthdfc/UPI,256208319693,,"12,350.44",100693.81
06-02-2025,POS RELIANCE MART PATNA,661334406589,350.15,,100343.66
06-02-2025,UPI/DR/573998842725/Jio/ICICI/jio@paytm/UPI,222170615299,"1,890.22",,98453.44
06-02-2025,UPI/DR/688236473578/Sumit/FDRL/3829795321@ibl/UPI,172755549771,"7,600.40",,90853.04
06-02-2025,UPI/DR/268486134369/Preeti/FDRL/6136532088@okicici/UPI,386530698396,"3,900.27",,86952.77
07-02-2025,SALARY CREDIT/S8793037860091/Raymond Ltd,673959113604,,"127,268.81",214221.58
07-02-2025,POS BHARAT PETROLEUM PATNA,672946064037,"1,600.35",,212621.23
07-02-2025,UPI/CR/639961277655/Vivek/BARB/vivek475@ptsbi/UPI,771055389772,,"11,950.13",224571.36
08-02-2025,UPI/CR/372693111344/Radha/BDBL/radha.verma@kotak/UPI,443351311676,,"7,300.99",231872.35
08-02-2025,UPI/DR/192149169973/Airtel/PAYTM/airtel@axis/UPI,864097631354,309.00,,231563.35
08-02-2025,UPI/DR/512718168137/Flipkart/ICICI/flipkart@ybl/UPI,730635376714,600.08,,230963.27
09-02-2025,POS INDIAN OIL PATNA,376418450865,"3,600.11",,227363.16
09-02-2025,UPI/CR/897646867082/Vandana/UCBA/vandana777@pthdfc/UPI,017323443128,,"16,050.40",243413.56
09-02-2025,UPI/DR/502046201797/BSNL/RAZORPAY/broadband@paytm/UPI,180054483914,"1,049.00",,242364.56
09-02-2025,UPI/DR/747525442218/Dunzo/ICICI/dunzo@razorpay/UPI,006583900136,800.65,,241563.91
10-02-2025,ATM CASH WITHDRAWAL/07946/PATNA,089193194355,"7,500.00",,234063.91
10-02-2025,UPI/DR/478475497262/Neha/BARB/neha.thapar@okaxis/UPI,572061782013,"9,900.87",,224163.04
10-02-2025,POS RELIANCE MART PATNA,149501249367,"5,450.91",,218712.13
11-02-2025,NEFT/N0973709180307/Vodafone Idea Ltd,803731248304,,"21,000.93",239713.06
12-02-2025,NACH/MANDATE/SIP1179463/Axis Mutual Fund,701043150252,"9,000.00",,230713.06
12-02-2025,UPI/CR/750125021313/Sneha/UTIB/sneha.bajaj@okhdfcbank/UPI,860432781998,,"5,700.85",236413.91
12-02-2025,NACH/MANDATE/RNT3133388/RENT MANDATE,875375329023,"9,000.00",,227413.91
12-02-2025,UPI/DR/865517500386/Paytm/ICICI/paytm@paytm/UPI,364885851671,"2,600.55",,224813.36
12-02-2025,UPI/DR/371843356149/Airtel/PAYTM/airtel@axis/UPI,645909448439,529.00,,224284.36
13-02-2025,POS SHOPPERS STOP PATNA,253650696817,"1,650.21",,222634.15
13-02-2025,UPI/DR/716145605103/BigBasket/ICICI/bigbasket@ybl/UPI,642747618555,330.54,,222303.61
14-02-2025,UPI/CR/967005079889/Nisha/SBIN/nishagupt78@okicici/UPI,552331471240,,"17,150.75",239454.36
14-02-2025,IMPS/P2M/444433856901//Asha Banerjee/KKBK,889583157452,"6,600.11",,232854.25
14-02-2025,UPI/DR/948875154326/Rapido/PAYTM/rapido@icici/UPI,410754807119,150.11,,232704.14
15-02-2025,UPI/DR/225300813251/Jio/ICICI/jio@paytm/UPI,462733105932,"1,670.88",,231033.26
15-02-2025,UPI/DR/232557827187/Blinkit/ICICI/blinkit@kotak/UPI,710051629928,"1,880.12",,229153.14
16-02-2025,IMPS/P2M/475069943899//Deepa Khanna/UTIB,027523532186,"7,700.51",,221452.63
17-02-2025,UPI/CR/064684887443/Pallavi/FDRL/9861863633@upi/UPI,710134545854,,"21,100.02",242552.65
17-02-2025,POS STAR BAZAAR PATNA,925167579592,"4,950.00",,237602.65
19-02-2025,UPI/DR/992046062957/Rajan/SBIN/4548414369@ptsbi/UPI,723909843358,"14,050.72",,223551.93
19-02-2025,UPI/DR/099071877448/Rapido/PAYTM/rapido@icici/UPI,099233065966,900.58,,222651.35
19-02-2025,UPI/DR/034808129262/CESC/UPIN/cescpayment@upi/UPI,063955831995,"4,050.19",,218601.16
19-02-2025,UPI/DR/759632993899/Dunzo/ICICI/dunzo@razorpay/UPI,787760388927,"2,610.97",,215990.19
19-02-2025,UPI/DR/160722689100/BSNL/ICICI/bsnlbroadband@upi/UPI,712071500643,540.58,,215449.61
20-02-2025,ATM CASH WITHDRAWAL/06724/PATNA,672223309386,"1,000.00",,214449.61
22-02-2025,UPI/DR/504799515448/Indane/ICICI/indanegas@upi/UPI,596899293597,"1,100.63",,213348.98
22-02-2025,POS INDIAN OIL PATNA,103934356806,"2,500.58",,210848.40
22-02-2025,POS HP PETROL PUMP PATNA,505063858035,"1,200.95",,209647.45
23-02-2025,UPI/DR/521566600389/Deepak/BKID/deepak851@okhdfcbank/UPI,642862890002,"6,600.12",,203047.33
24-02-2025,UPI/CR/956408301923/Himanshu/FDRL/3906386976@paytm/UPI,511395775158,,"11,200.91",214248.24
24-02-2025,UPI/DR/496098603674/Mamta/SBIN/mamta915@ibl/UPI,719173792688,"6,450.69",,207797.55
24-02-2025,UPI/DR/574966485390/Swiggy/ICICI/swiggy@icici/UPI,263173739878,"1,100.87",,206696.68
25-02-2025,UPI/DR/898083017055/BigBasket/ICICI/bigbasket@ybl/UPI,629029389369,"2,630.18",,204066.50
25-02-2025,UPI/DR/267646851868/Jio/ICICI/jio@paytm/UPI,339554023167,"2,370.85",,201695.65
26-02-2025,UPI/CR/406317122606/Maya/SBIN/maya.reddy@upi/UPI,914307099236,,"18,850.58",220546.23
27-02-2025,UPI/DR/782609858150/Netmeds/ICICI/netmeds@paytm/UPI,735967759610,"1,970.15",,218576.08
27-02-2025,ATM CASH WITHDRAWAL/95943/PATNA,177721659723,"1,000.00",,217576.08
27-02-2025,UPI/DR/111796381513/Rapido/PAYTM/rapido@icici/UPI,791450865679,770.87,,216805.21
28-02-2025,GST ON CHARGES,520044602494,63.00,,216742.21
28-02-2025,POS STAR BAZAAR PATNA,739303652970,"3,050.29",,213691.92
28-02-2025,TRANSACTION CHARGES,090646559165,350.00,,213341.92
01-03-2025,UPI/DR/514481177150/Pooja/KKBK/pooja817@ptyes/UPI,942078889548,"21,500.94",,191840.98
01-03-2025,UPI/DR/230224269146/Uber/ICICI/uber@paytm/UPI,739778763689,"1,280.75",,190560.23
01-03-2025,UPI/DR/228065627583/Radha/KKBK/radha.shah@okicici/UPI,334465353706,"15,700.89",,174859.34
01-03-2025,POS VISHAL MEGA MART PATNA,452348465833,"7,250.94",,167608.40
02-03-2025,UPI/CR/098613147844/Rajan/FDRL/rajan.yadav@okaxis/UPI,899499583189,,"11,150.92",178759.32
02-03-2025,UPI/DR/644805441540/Ola/PAYTM/olamoney@ola/UPI,834163114778,650.43,,178108.89
02-03-2025,UPI/DR/893112180427/Flipkart/ICICI/flipkart@ybl/UPI,299885251382,390.94,,177717.95
03-03-2025,UPI/DR/907404658616/Ola/ICICI/olamoney@ola/UPI,983546767199,540.51,,177177.44
03-03-2025,UPI/DR/545153300300/Zomato/ICICI/zomato@axisbank/UPI,151586551717,"1,960.51",,175216.93
03-03-2025,UPI/DR/987802932162/Amazon/ICICI/amazon@apl/UPI,162424085274,250.13,,174966.80
03-03-2025,POS LIFESTYLE STORES PATNA,789203713520,"6,550.34",,168416.46
05-03-2025,UPI/CR/457098109166/Girish/BDBL/girish493@ibl/UPI,689358977797,,"16,400.99",184817.45
05-03-2025,UPI/DR/920428036841/Dunzo/ICICI/dunzo@razorpay/UPI,781232245617,"2,320.69",,182496.76
07-03-2025,SALARY CREDIT/S3175048109896/Raymond Ltd,276613819600,,"129,662.81",312159.57
08-03-2025,UPI/CR/490287583351/Ramesh/HDFC/ramesh290@okicici/UPI,996489336349,,"9,150.71",321310.28
08-03-2025,UPI/DR/441439916103/Aditya/LICI/licindia@licindia/UPI,249953007699,"5,400.00",,315910.28
09-03-2025,UPI/DR/814566698101/PhonePe/ICICI/phonepe@ybl/UPI,343709848619,"1,800.73",,314109.55
09-03-2025,UPI/DR/756461905534/Ankit/BDBL/ankit200@ptaxis/UPI,288356921641,"12,450.63",,301658.92
09-03-2025,UPI/CR/162530111802/Mukesh/SBIN/2704992282@paytm/UPI,391171277555,,"9,000.76",310659.68
09-03-2025,POS STAR BAZAAR PATNA,497695056243,"3,850.13",,306809.55
10-03-2025,UPI/DR/295023786590/Myntra/PAYTM/myntra@ybl/UPI,887922788138,"1,150.64",,305658.91
10-03-2025,UPI/DR/271091369757/Uber/PAYTM/uber@paytm/UPI,711326939451,80.50,,305578.41
11-03-2025,UPI/DR/026892425306/Nykaa/PAYTM/nykaa@razorpay/UPI,664285921406,"2,950.14",,302628.27
11-03-2025,UPI/DR/621504972567/Jio/ICICI/jio@paytm/UPI,656360475295,950.14,,301678.13
12-03-2025,UPI/DR/612214483769/BigBasket/ICICI/bigbasket@ybl/UPI,464459199044,"1,150.99",,300527.14
12-03-2025,UPI/DR/361091323792/Airtel/PAYTM/airtel@axis/UPI,057119574200,249.00,,300278.14
12-03-2025,NACH/MANDATE/RNT1135470/RENT MANDATE,881196106863,"9,000.00",,291278.14
12-03-2025,UPI/DR/999949510540/Divya/KKBK/divya.banerjee@ptyes/UPI,102694401974,"19,500.04",,271778.10
13-03-2025,UPI/DR/474693834282/Sneha/PUNB/sneharoy98@ptaxis/UPI,946643536171,"10,600.88",,261177.22
13-03-2025,UPI/DR/348946667941/Lalit/BARB/lalit.nair@upi/UPI,425451234642,"2,200.18",,258977.04
13-03-2025,NACH/MANDATE/SIP5965840/Axis Mutual Fund,160520797057,"9,000.00",,249977.04
13-03-2025,UPI/DR/325141395838/Amazon/ICICI/amazon@apl/UPI,820638479130,640.96,,249336.08
13-03-2025,UPI/DR/336370984859/Jio/ICICI/jio@paytm/UPI,185793977324,"1,540.04",,247796.04
13-03-2025,UPI/DR/370903476928/Ravi/BARB/9189632960@ptsbi/UPI,450926190006,"6,900.12",,240895.92
14-03-2025,UPI/DR/699445502213/Myntra/PAYTM/myntra@ybl/UPI,031708720985,"1,850.18",,239045.74
14-03-2025,UPI/DR/055971583977/Dunzo/ICICI/dunzo@razorpay/UPI,072284417421,"2,580.77",,236464.97
15-03-2025,POS PANTALOONS PATNA,763485454840,"5,500.09",,230964.88
16-03-2025,UPI/DR/343577213702/Zepto/ICICI/zepto@apl/UPI,686594539385,700.20,,230264.68
16-03-2025,POS HP PETROL PUMP PATNA,283398256910,"1,550.26",,228714.42
16-03-2025,UPI/DR/570124839634/CESC/UPIN/cescpayment@upi/UPI,185593676561,900.38,,227814.04
17-03-2025,UPI/CR/826423207420/Krishna/SBIN/2100991673@axl/UPI,094658052236,,"9,200.03",237014.07
17-03-2025,UPI/CR/451560052944/Yogesh/FDRL/yogeshsing40@okicici/UPI,181587537886,,"12,600.06",249614.13
17-03-2025,UPI/CR/582079032116/Mukesh/KKBK/mukesh.reddy@oksbi/UPI,661626017657,,"1,900.39",251514.52
18-03-2025,UPI/DR/709137757121/Pallavi/PUNB/2102844175@okaxis/UPI,959007489525,"1,200.24",,250314.28
18-03-2025,UPI/DR/913667595728/Jyoti/FDRL/jyotiroy39@ptaxis/UPI,931770686948,"2,900.27",,247414.01
18-03-2025,UPI/DR/584231850378/Suresh/PUNB/3917604769@paytm/UPI,110990915569,"3,900.67",,243513.34
20-03-2025,POS RELIANCE MART PATNA,314555468840,550.05,,242963.29
20-03-2025,UPI/DR/002503281718/Indane/ICICI/indanegas@upi/UPI,038218779725,"2,150.46",,240812.83
20-03-2025,IMPS/P2M/132373531213//Sachin Pandey/UCBA,368787213294,"26,300.86",,214511.97
22-03-2025,UPI/DR/545286823612/Myntra/ICICI/myntra@ybl/UPI,004948376422,649.00,,213862.97
22-03-2025,POS HP PETROL PUMP PATNA,289596253963,"1,800.79",,212062.18
22-03-2025,UPI/DR/003353289858/Amazon/ICICI/amazon@apl/UPI,407245421249,"2,530.40",,209531.78
23-03-2025,POS RELIANCE PETROLEUM PATNA,180570782256,"3,700.00",,205831.78
23-03-2025,UPI/CR/082754845016/Nikhil/BKID/1957376883@ptaxis/UPI,973702730158,,"13,350.64",219182.42
24-03-2025,UPI/DR/285063433823/Airtel/PAYTM/airtel@axis/UPI,231486553775,809.00,,218373.42
24-03-2025,UPI/DR/519380439066/Radha/FDRL/radhashuk65@ptyes/UPI,502831700033,"11,000.41",,207373.01
25-03-2025,INTEREST CREDIT,134603837855,,630.28,208003.29
25-03-2025,POS RELIANCE PETROLEUM PATNA,274180360429,"1,750.22",,206253.07
25-03-2025,ATM CASH WITHDRAWAL/55720/PATNA,477103732744,"3,500.00",,202753.07
26-03-2025,UPI/DR/923363549919/Uber/ICICI/uber@paytm/UPI,129946356955,480.35,,202272.72
26-03-2025,ATM CASH WITHDRAWAL/94601/PATNA,619013098361,"1,000.00",,201272.72
26-03-2025,UPI/DR/868232397758/Amazon/ICICI/amazon@apl/UPI,435613761892,"1,780.58",,199492.14
27-03-2025,UPI/DR/637008961626/BSNL/RAZORPAY/broadband@paytm/UPI,265976072793,749.00,,198743.14
28-03-2025,POS METRO CASH CARRY PATNA,245455758228,"2,400.82",,196342.32
28-03-2025,UPI/DR/701698166953/Uber/PAYTM/uber@paytm/UPI,813091204077,360.54,,195981.78
29-03-2025,UPI/DR/843462213731/Flipkart/ICICI/flipkart@ybl/UPI,216073436618,520.26,,195461.52
29-03-2025,UPI/DR/135046214248/Ola/ICICI/olamoney@ola/UPI,322401881203,"2,660.54",,192800.98
30-03-2025,UPI/DR/084947842293/Paytm/ICICI/paytm@paytm/UPI,349130382784,610.46,,192190.52
01-04-2025,UPI/CR/536329984339/Sneha/SBIN/sneha.verma@okhdfcbank/UPI,456371461203,,"2,500.58",194691.10
02-04-2025,UPI/DR/154512537179/Airtel/PAYTM/airtel@axis/UPI,766592344879,719.00,,193972.10
03-04-2025,UPI/DR/894587434967/Paytm/ICICI/paytm@paytm/UPI,114219449992,"1,930.69",,192041.41
04-04-2025,UPI/DR/395493410148/Paytm/ICICI/paytm@paytm/UPI,391835664181,600.18,,191441.23
06-04-2025,UPI/DR/152415003443/PhonePe/ICICI/phonepe@ybl/UPI,765257727050,"2,630.61",,188810.62
07-04-2025,UPI/DR/864815939671/Zepto/ICICI/zepto@apl/UPI,405252311123,"2,220.94",,186589.68
07-04-2025,SALARY CREDIT/S4801217876414/Raymond Ltd,071281499939,,"131,350.81",317940.49
08-04-2025,UPI/DR/527049769862/Amazon/ICICI/amazon@apl/UPI,882239470957,560.95,,317379.54
08-04-2025,UPI/DR/461559673097/Airtel/PAYTM/airtel@axis/UPI,051208546256,329.00,,317050.54
09-04-2025,UPI/CR/472127445897/Shweta/KKBK/shweta.nair@aubank/UPI,927561180360,,"6,500.20",323550.74
10-04-2025,UPI/CR/595926543132/Krishna/UTIB/krishna.pandey@kotak/UPI,541930981886,,"14,200.31",337751.05
10-04-2025,UPI/DR/879614507800/BigBasket/ICICI/bigbasket@ybl/UPI,651609582994,"1,310.05",,336441.00
10-04-2025,ATM CASH WITHDRAWAL/98246/PATNA,713389033162,"10,000.00",,326441.00
11-04-2025,NACH/MANDATE/RNT9001326/RENT MANDATE,927248197364,"9,000.00",,317441.00
11-04-2025,UPI/DR/303241437970/Aditya/LICI/licindia@licindia/UPI,306886013355,"5,400.00",,312041.00
12-04-2025,POS CENTRAL MALL PATNA,452987521858,"7,800.57",,304240.43
12-04-2025,UPI/DR/335512599527/Dunzo/ICICI/dunzo@razorpay/UPI,317904965466,"2,340.95",,301899.48
12-04-2025,UPI/DR/966151600648/Airtel/PAYTM/airtel@axis/UPI,664335783394,729.00,,301170.48
13-04-2025,NACH/MANDATE/SIP4379619/Axis Mutual Fund,694333136549,"9,000.00",,292170.48
13-04-2025,UPI/DR/277879882006/Vandana/UTIB/vandana.kapoor@ptaxis/UPI,511678177720,"21,950.23",,270220.25
13-04-2025,UPI/DR/638032916792/Mohan/PUNB/2979751249@ibl/UPI,900667051224,"10,550.62",,259669.63
13-04-2025,POS INDIAN OIL PATNA,224023991259,"1,500.01",,258169.62
14-04-2025,UPI/CR/249270237518/Sangita/BDBL/sangita.tiwari@okhdfcbank/UPI,491276742810,,"22,000.21",280169.83
14-04-2025,UPI/DR/215084132829/Uber/PAYTM/uber@paytm/UPI,633093304823,790.51,,279379.32
15-04-2025,UPI/DR/762626204908/Mina/BKID/mina.ahuja@okaxis/UPI,173574342847,"17,100.92",,262278.40
16-04-2025,UPI/DR/944350191122/Ola/PAYTM/olamoney@ola/UPI,339603216507,670.82,,261607.58
17-04-2025,UPI/DR/903037053974/CESC/UPIN/cescpayment@upi/UPI,252109584037,"1,950.62",,259656.96
17-04-2025,POS D MART PATNA,254876958470,"4,150.28",,255506.68
18-04-2025,UPI/DR/745249070363/Zomato/ICICI/zomato@axisbank/UPI,191125306050,"2,440.71",,253065.97
18-04-2025,UPI/DR/389464562490/Amazon/PAYTM/amazon@apl/UPI,571462383968,"5,500.29",,247565.68
19-04-2025,UPI/DR/680740065218/Indane/ICICI/indanegas@upi/UPI,871331225838,"2,100.02",,245465.66
19-04-2025,UPI/DR/299230587790/Airtel/PAYTM/airtel@axis/UPI,182472069546,489.00,,244976.66
19-04-2025,UPI/DR/690646181317/Paytm/ICICI/paytm@paytm/UPI,351624853102,560.97,,244415.69
19-04-2025,IMPS/P2M/466185624576//Mahesh Ahuja/PUNB,322239575222,"31,800.59",,212615.10
19-04-2025,UPI/DR/690188657208/Mahesh/SBIN/mahesh.ghosh@apl/UPI,640830143573,"8,950.89",,203664.21
20-04-2025,POS BHARAT PETROLEUM PATNA,596167003487,"2,000.30",,201663.91
20-04-2025,UPI/CR/004723341815/Manoj/BDBL/manoj740@kotak/UPI,883262295928,,"18,050.91",219714.82
20-04-2025,UPI/DR/866284400671/Uber/PAYTM/uber@paytm/UPI,137926204889,240.07,,219474.75
20-04-2025,POS MAX FASHION PATNA,611532744562,"6,550.19",,212924.56
21-04-2025,POS BHARAT PETROLEUM PATNA,947509814706,"2,800.28",,210124.28
21-04-2025,UPI/CR/266482341575/Sanjay/SBIN/sanjay.singh@aubank/UPI,486949905292,,"2,500.15",212624.43
21-04-2025,UPI/DR/008361462161/Uber/PAYTM/uber@paytm/UPI,423160412102,660.00,,211964.43
21-04-2025,UPI/DR/222784028737/BSNL/RAZORPAY/broadband@paytm/UPI,008228521518,699.00,,211265.43
22-04-2025,UPI/DR/182151462856/Myntra/ICICI/myntra@ybl/UPI,413030346937,149.00,,211116.43
22-04-2025,POS SHELL FUEL STATION PATNA,342014577546,"2,650.29",,208466.14
23-04-2025,NEFT/N0326717590375/L&T Infotech Ltd,194602552027,,"18,000.92",226467.06
24-04-2025,UPI/DR/863013334907/Apollo/ICICI/apollopharmacy@ybl/UPI,247222456634,210.24,,226256.82
24-04-2025,UPI/DR/048645846796/Ola/PAYTM/olamoney@ola/UPI,618128325872,860.69,,225396.13
25-04-2025,ATM CASH WITHDRAWAL/89538/PATNA,539090147957,"8,000.00",,217396.13
25-04-2025,UPI/DR/175574173218/BSNL/ICICI/bsnlbroadband@upi/UPI,324730460750,800.67,,216595.46
25-04-2025,UPI/CR/224989409618/Ritu/KKBK/ritushuk60@okicici/UPI,559351600872,,200.93,216796.39
26-04-2025,UPI/DR/120383526555/Vandana/PUNB/vandanaahuj16@okaxis/UPI,498749356791,"5,150.67",,211645.72
26-04-2025,UPI/DR/751352585419/Shweta/FDRL/2346188558@ptsbi/UPI,573848889869,"6,400.45",,205245.27
26-04-2025,IMPS/P2M/473877857374//Ravi Kulkarni/UTIB,997428459365,"9,900.87",,195344.40
27-04-2025,POS RELIANCE MART PATNA,051552233086,"5,400.43",,189943.97
27-04-2025,UPI/DR/774136195654/Airtel/PAYTM/airtel@axis/UPI,610174448523,609.00,,189334.97
28-04-2025,UPI/DR/372148533240/Neha/BDBL/nehachop61@oksbi/UPI,301949440598,"2,450.07",,186884.90
30-04-2025,UPI/CR/538056950003/Kiran/UCBA/kiran.verma@okhdfcbank/UPI,006969562932,,"7,750.35",194635.25
30-04-2025,ATM CASH WITHDRAWAL/03533/PATNA,661749997822,"4,000.00",,190635.25
01-05-2025,UPI/DR/940938220002/Deepak/FDRL/deepak.tiwari@ptsbi/UPI,294680643122,"8,600.65",,182034.60
01-05-2025,UPI/DR/867924385931/Zomato/ICICI/zomato@axisbank/UPI,746659519171,"1,900.69",,180133.91
01-05-2025,POS D MART PATNA,852688040788,"7,200.14",,172933.77
02-05-2025,UPI/DR/802084687071/Blinkit/ICICI/blinkit@kotak/UPI,129567641406,830.68,,172103.09
02-05-2025,UPI/DR/510901075551/Sumit/KKBK/sumit.patel@oksbi/UPI,502979171555,"18,750.82",,153352.27
03-05-2025,POS BHARAT PETROLEUM PATNA,275567281486,"2,450.87",,150901.40
04-05-2025,UPI/CR/124885515353/Mina/KKBK/minasriv83@oksbi/UPI,703229455557,,"5,700.08",156601.48
04-05-2025,UPI/DR/404325590034/Rapido/PAYTM/rapido@icici/UPI,205701686096,250.00,,156351.48
05-05-2025,UPI/CR/367064313788/Varsha/UCBA/varsha.tiwari@okicici/UPI,467965707389,,950.44,157301.92
05-05-2025,UPI/DR/213409736934/Rapido/PAYTM/rapido@icici/UPI,992736515673,320.12,,156981.80
05-05-2025,UPI/DR/047292367595/Zomato/ICICI/zomato@axisbank/UPI,295625087360,"2,550.30",,154431.50
06-05-2025,UPI/DR/486782565606/Swiggy/ICICI/swiggy@icici/UPI,396753333082,"1,130.17",,153301.33
06-05-2025,POS V MART PATNA,441623454272,650.90,,152650.43
06-05-2025,POS SHELL FUEL STATION PATNA,222348294092,"3,750.76",,148899.67
06-05-2025,UPI/CR/899628122200/Kavya/SBIN/kavyaagar83@oksbi/UPI,186916823712,,"18,850.51",167750.18
07-05-2025,UPI/DR/169895052937/Archana/UTIB/archana332@okhdfcbank/UPI,438912798985,"17,750.57",,149999.61
07-05-2025,SALARY CREDIT/S1103839362912/Raymond Ltd,372284957350,,"126,097.81",276097.42
08-05-2025,UPI/CR/925637194107/Vikram/KKBK/3229468926@paytm/UPI,531795378759,,"6,200.26",282297.68
09-05-2025,UPI/DR/455376220510/Jio/ICICI/jio@paytm/UPI,299276051758,610.79,,281686.89
09-05-2025,UPI/DR/064470828800/Vandana/FDRL/vandana.shah@okaxis/UPI,604811046547,"2,200.69",,279486.20
09-05-2025,UPI/DR/196297675874/Ola/PAYTM/olamoney@ola/UPI,163572670800,460.03,,279026.17
09-05-2025,NACH/MANDATE/RNT4720480/RENT MANDATE,592414428264,"9,000.00",,270026.17
10-05-2025,UPI/DR/638064141958/Airtel/PAYTM/airtel@axis/UPI,780292414313,439.00,,269587.17
10-05-2025,POS HP PETROL PUMP PATNA,006002293370,"4,350.14",,265237.03
10-05-2025,POS INDIAN OIL PATNA,344116601842,900.82,,264336.21
11-05-2025,UPI/DR/633530815332/Aditya/LICI/licindia@licindia/UPI,094392069268,"5,400.00",,258936.21
12-05-2025,UPI/DR/299084626201/Zepto/ICICI/zepto@apl/UPI,486745658997,600.75,,258335.46
12-05-2025,UPI/DR/719616420198/CESC/UPIN/cescpayment@upi/UPI,013772871655,"2,250.38",,256085.08
12-05-2025,ATM CASH WITHDRAWAL/15555/PATNA,115744144214,"6,000.00",,250085.08
13-05-2025,ATM CASH WITHDRAWAL/54524/PATNA,073783067004,"1,500.00",,248585.08
14-05-2025,NEFT/N5260395963785/IBM India Pvt Ltd,923580580321,,"33,500.31",282085.39
15-05-2025,UPI/DR/475754255642/Amazon/ICICI/amazon@apl/UPI,590066446105,"1,800.74",,280284.65
15-05-2025,UPI/CR/407886006005/Mohit/FDRL/mohitroy76@okicici/UPI,588408840911,,"17,900.42",298185.07
16-05-2025,UPI/DR/350115854080/Ola/PAYTM/olamoney@ola/UPI,834226914083,850.76,,297334.31
17-05-2025,UPI/CR/228632227702/Deepa/BDBL/deepa266@ptsbi/UPI,132268663865,,"17,050.44",314384.75
17-05-2025,UPI/CR/413969026221/Babita/HDFC/babitaredd67@paytm/UPI,833883316222,,"14,400.03",328784.78
17-05-2025,UPI/DR/067953586545/BSNL/RAZORPAY/broadband@paytm/UPI,791383722887,749.00,,328035.78
17-05-2025,NACH/MANDATE/SIP3952106/Axis Mutual Fund,815614760752,"9,000.00",,319035.78
18-05-2025,UPI/DR/212831584299/Meesho/PAYTM/meesho@ybl/UPI,074962042859,"4,900.31",,314135.47
18-05-2025,UPI/DR/018374170471/BSNL/ICICI/bsnlbroadband@upi/UPI,719388590754,"2,460.38",,311675.09
19-05-2025,POS V MART PATNA,400669624108,900.31,,310774.78
19-05-2025,ATM CASH WITHDRAWAL/56430/PATNA,922225749156,"7,000.00",,303774.78
19-05-2025,ATM CASH WITHDRAWAL/15096/PATNA,597903535258,"1,500.00",,302274.78
20-05-2025,UPI/CR/696379137099/Mohit/UTIB/mohit826@okicici/UPI,155553724866,,"8,900.09",311174.87
20-05-2025,UPI/CR/016771694396/Naveen/SBIN/6517361506@pthdfc/UPI,136126304708,,"21,750.28",332925.15
21-05-2025,UPI/DR/939408332974/Flipkart/ICICI/flipkart@ybl/UPI,086090526283,"2,330.14",,330595.01
21-05-2025,UPI/DR/088032576755/Blinkit/ICICI/blinkit@kotak/UPI,248759089105,"1,290.38",,329304.63
21-05-2025,POS BRAND FACTORY PATNA,711411372598,"4,200.39",,325104.24
21-05-2025,UPI/DR/571670098359/Indane/ICICI/indanegas@upi/UPI,300401054789,"1,200.49",,323903.75
21-05-2025,UPI/DR/698299769943/Dunzo/ICICI/dunzo@razorpay/UPI,739796123048,"2,620.33",,321283.42
22-05-2025,UPI/CR/260708552099/Mohit/BDBL/mohit.yadav@paytm/UPI,216246266167,,"12,850.61",334134.03
24-05-2025,UPI/DR/678362658298/Rahul/BARB/rahul.patil@paytm/UPI,742240406683,"9,250.42",,324883.61
24-05-2025,ATM CASH WITHDRAWAL/88603/PATNA,940154223952,"4,500.00",,320383.61
25-05-2025,UPI/DR/736669525114/Krishna/SBIN/8230066654@upi/UPI,402805037343,"6,550.51",,313833.10
25-05-2025,POS MORE SUPER MARKET PATNA,220639506776,"1,050.60",,312782.50
25-05-2025,UPI/DR/461574273249/Zomato/ICICI/zomato@axisbank/UPI,502509893495,"1,190.21",,311592.29
26-05-2025,UPI/DR/129387955384/Blinkit/ICICI/blinkit@kotak/UPI,166869330957,"1,470.65",,310121.64
26-05-2025,UPI/DR/615053555604/BSNL/ICICI/bsnlbroadband@upi/UPI,528963832292,"1,700.13",,308421.51
26-05-2025,POS RELIANCE MART PATNA,038471333594,"3,800.14",,304621.37
27-05-2025,UPI/DR/282745067430/Rapido/PAYTM/rapido@icici/UPI,447530719536,290.40,,304330.97
27-05-2025,UPI/CR/108260782726/Akash/BDBL/akashpill61@upi/UPI,205859070295,,"7,050.57",311381.54
27-05-2025,UPI/DR/774277536207/Airtel/PAYTM/airtel@axis/UPI,806428356315,269.00,,311112.54
29-05-2025,UPI/DR/613533787425/Jio/ICICI/jio@paytm/UPI,774756754570,"1,290.07",,309822.47
30-05-2025,TRANSACTION CHARGES,854033362003,80.00,,309742.47
30-05-2025,GST ON CHARGES,953110830713,14.40,,309728.07
30-05-2025,UPI/DR/066288353638/Rakesh/SBIN/rakesh377@ybl/UPI,335153190013,"17,400.28",,292327.79
30-05-2025,UPI/DR/360235207261/BigBasket/ICICI/bigbasket@ybl/UPI,132275327054,550.46,,291777.33
31-05-2025,UPI/DR/730361966245/Amazon/ICICI/amazon@apl/UPI,751673252104,800.28,,290977.05
31-05-2025,UPI/DR/906601101936/Prashant/BDBL/4026553469@ptyes/UPI,120101188677,550.12,,290426.93
31-05-2025,ATM CASH WITHDRAWAL/59638/PATNA,542546297085,"10,000.00",,280426.93
01-06-2025,UPI/DR/384908165696/Kamal/KKBK/kamalagar27@okhdfcbank/UPI,418065901181,"5,300.95",,275125.98
02-06-2025,POS BHARAT PETROLEUM PATNA,992185484989,"4,050.50",,271075.48
03-06-2025,POS MORE SUPER MARKET PATNA,965152020382,"4,850.44",,266225.04
03-06-2025,UPI/CR/994290862585/Priya/FDRL/priya526@aubank/UPI,387248301490,,"12,650.94",278875.98
04-06-2025,UPI/CR/446230132380/Tarun/BKID/tarun415@okicici/UPI,577300327436,,"21,150.47",300026.45
04-06-2025,UPI/CR/464182518767/Vijay/HDFC/vijay221@ptyes/UPI,749917434902,,"15,500.10",315526.55
05-06-2025,UPI/CR/013459664899/Deepak/BDBL/deepak800@ptyes/UPI,228543652213,,"2,800.27",318326.82
05-06-2025,UPI/DR/003859742769/Brijesh/BKID/brijesh832@okhdfcbank/UPI,452222712114,"1,900.25",,316426.57
05-06-2025,UPI/DR/191200623403/IRCTC/ICICI/irctc@upi/UPI,094673824409,749.00,,315677.57
06-06-2025,UPI/DR/064266762924/Airtel/PAYTM/airtel@axis/UPI,494156543425,659.00,,315018.57
06-06-2025,UPI/CR/185135761579/Mahesh/KKBK/mahesh.mukherjee@paytm/UPI,592805842145,,"11,450.56",326469.13
06-06-2025,UPI/DR/655733434440/BSNL/RAZORPAY/broadband@paytm/UPI,682676745542,649.00,,325820.13
07-06-2025,SALARY CREDIT/S1118031346857/Raymond Ltd,228835593449,,"126,314.81",452134.94
07-06-2025,UPI/DR/136718772457/Jio/ICICI/jio@paytm/UPI,326724084625,990.05,,451144.89
07-06-2025,UPI/DR/000072147779/Krishna/KKBK/krishnapati94@ptyes/UPI,324023624349,200.96,,450943.93
08-06-2025,NACH/MANDATE/RNT8798135/RENT MANDATE,300921562653,"9,000.00",,441943.93
08-06-2025,UPI/DR/386567482793/Amazon/PAYTM/amazon@apl/UPI,161938102123,"5,500.49",,436443.44
09-06-2025,UPI/DR/076677425025/BSNL/ICICI/bsnlbroadband@upi/UPI,990169523694,280.29,,436163.15
09-06-2025,POS MAX FASHION PATNA,161636094171,"4,250.06",,431913.09
09-06-2025,UPI/DR/639179444153/Blinkit/ICICI/blinkit@kotak/UPI,721369106774,"2,760.25",,429152.84
09-06-2025,UPI/DR/491896933743/Swiggy/ICICI/swiggy@icici/UPI,377150389486,460.65,,428692.19
09-06-2025,UPI/DR/146562248084/Zepto/ICICI/zepto@apl/UPI,388174642619,"1,610.57",,427081.62
09-06-2025,UPI/DR/964374377553/Rohit/UTIB/rohit.yadav@okaxis/UPI,514431283157,"21,250.88",,405830.74
10-06-2025,POS BHARAT PETROLEUM PATNA,600619532138,"4,200.25",,401630.49
11-06-2025,ATM CASH WITHDRAWAL/01428/PATNA,355654254884,"7,500.00",,394130.49
11-06-2025,NACH/MANDATE/SIP6528015/Axis Mutual Fund,253264804419,"9,000.00",,385130.49
11-06-2025,UPI/DR/052288490435/Aditya/LICI/licindia@licindia/UPI,365573167558,"5,400.00",,379730.49
11-06-2025,UPI/DR/858759467002/Gaurav/UTIB/2808171013@axl/UPI,052373422888,"5,750.64",,373979.85
11-06-2025,POS PANTALOONS PATNA,896890301725,"7,900.85",,366079.00
12-06-2025,UPI/DR/461333161628/Airtel/PAYTM/airtel@axis/UPI,536751350370,349.00,,365730.00
13-06-2025,UPI/DR/383068916945/Airtel/PAYTM/airtel@axis/UPI,367201713523,529.00,,365201.00
13-06-2025,UPI/DR/067661230291/Vikas/BDBL/1280843579@axl/UPI,844206775065,"15,750.03",,349450.97
13-06-2025,UPI/DR/206795280072/Krishna/HDFC/krishnaagar43@paytm/UPI,322817326224,"9,050.38",,340400.59
14-06-2025,ATM CASH WITHDRAWAL/93935/PATNA,153301830167,"4,000.00",,336400.59
14-06-2025,UPI/DR/279987683710/Ola/PAYTM/olamoney@ola/UPI,576995395778,460.93,,335939.66
15-06-2025,UPI/DR/528918750847/Amazon/ICICI/amazon@apl/UPI,468003017400,"2,220.61",,333719.05
16-06-2025,UPI/DR/679858547856/Rekha/BARB/rekha398@ptaxis/UPI,316657877027,"19,300.76",,314418.29
18-06-2025,UPI/CR/978166985173/Preeti/HDFC/preeti.pandey@oksbi/UPI,495923001227,,"6,600.79",321019.08
18-06-2025,UPI/DR/064920456819/Uber/PAYTM/uber@paytm/UPI,891134014872,320.93,,320698.15
18-06-2025,UPI/DR/168085987052/Kiran/FDRL/kiran641@ibl/UPI,648181727530,"4,150.28",,316547.87
18-06-2025,UPI/DR/558930995914/Apollo/ICICI/apollopharmacy@ybl/UPI,829876821915,"2,370.69",,314177.18
18-06-2025,UPI/DR/118169864925/Ajay/UCBA/ajay.gupta@pthdfc/UPI,182354451327,"9,000.25",,305176.93
19-06-2025,UPI/DR/516197079085/CESC/UPIN/cescpayment@upi/UPI,925603894636,"2,850.42",,302326.51
20-06-2025,UPI/DR/773692216978/Rahul/HDFC/rahul737@ibl/UPI,111454650789,"12,950.23",,289376.28
21-06-2025,POS VISHAL MEGA MART PATNA,422060603975,"8,150.25",,281226.03
21-06-2025,UPI/DR/429271062414/Uber/PAYTM/uber@paytm/UPI,963587874239,830.69,,280395.34
21-06-2025,UPI/CR/704353153821/Vivek/BDBL/vivek146@ptsbi/UPI,803613737815,,"9,650.56",290045.90
21-06-2025,UPI/DR/451156576128/Sapna/SBIN/sapnamish33@ptyes/UPI,362031430797,"12,800.59",,277245.31
21-06-2025,UPI/DR/994928033158/Rapido/PAYTM/rapido@icici/UPI,898985864947,770.21,,276475.10
21-06-2025,UPI/DR/772883171760/Indane/ICICI/indanegas@upi/UPI,343448316730,"2,300.21",,274174.89
21-06-2025,UPI/DR/037785940548/Amazon/ICICI/amazon@apl/UPI,523433735063,560.39,,273614.50
23-06-2025,UPI/CR/899888223343/Sachin/SBIN/sachin.banerjee@upi/UPI,176998436022,,"5,950.52",279565.02
24-06-2025,UPI/DR/273847411568/Paytm/ICICI/paytm@paytm/UPI,097868727125,"2,500.02",,277065.00
25-06-2025,POS CENTRAL MALL PATNA,596000501029,"6,650.59",,270414.41
25-06-2025,UPI/DR/664625626321/Meesho/PAYTM/meesho@ybl/UPI,882788539978,600.82,,269813.59
26-06-2025,UPI/DR/580481915500/Myntra/PAYTM/myntra@ybl/UPI,551477252748,"1,850.38",,267963.21
27-06-2025,ATM CASH WITHDRAWAL/16488/PATNA,776195341547,"1,500.00",,266463.21
28-06-2025,UPI/DR/240762036814/Airtel/PAYTM/airtel@axis/UPI,378393318904,389.00,,266074.21
28-06-2025,INTEREST CREDIT,300941202813,,170.07,266244.28
29-06-2025,UPI/CR/617739380617/Poonam/SBIN/poonam.verma@upi/UPI,583891240398,,"14,700.48",280944.76
30-06-2025,GST ON CHARGES,818104664605,14.40,,280930.36
30-06-2025,TRANSACTION CHARGES,866612337634,80.00,,280850.36
01-07-2025,POS LIFESTYLE STORES PATNA,911820987592,"5,800.44",,275049.92
01-07-2025,POS MORE SUPER MARKET PATNA,663313691155,"3,300.82",,271749.10
01-07-2025,POS MORE SUPER MARKET PATNA,708926642688,"2,100.97",,269648.13
01-07-2025,UPI/DR/165920722906/Zepto/ICICI/zepto@apl/UPI,817945433403,120.92,,269527.21
02-07-2025,UPI/DR/310039367336/Babita/BDBL/6320587967@ptsbi/UPI,961083462221,"4,200.67",,265326.54
02-07-2025,POS D MART PATNA,396325686210,"5,050.21",,260276.33
03-07-2025,UPI/CR/259376037414/Mahesh/FDRL/mahesh.pillai@ybl/UPI,498240139050,,"21,800.37",282076.70
04-07-2025,UPI/DR/189445989090/Gopal/UCBA/gopalthap57@axl/UPI,293866896064,"13,750.48",,268326.22
04-07-2025,UPI/DR/053373550971/Ola/PAYTM/olamoney@ola/UPI,744565756403,80.32,,268245.90
05-07-2025,UPI/DR/618298981403/BSNL/RAZORPAY/broadband@paytm/UPI,402189806307,699.00,,267546.90
05-07-2025,UPI/DR/699942638357/Flipkart/ICICI/flipkart@ybl/UPI,513070703097,"1,330.81",,266216.09
05-07-2025,UPI/DR/492744120491/Aditya/LICI/licindia@licindia/UPI,312052870908,"5,400.00",,260816.09
05-07-2025,UPI/DR/229260248293/Archana/KKBK/archana.ahuja@okaxis/UPI,890714249238,"2,700.20",,258115.89
06-07-2025,UPI/DR/080304592126/Sunil/UCBA/sunilghos39@ptsbi/UPI,117355172292,250.36,,257865.53
06-07-2025,ATM CASH WITHDRAWAL/43661/PATNA,415322047748,"4,000.00",,253865.53
07-07-2025,UPI/DR/374646177995/Shweta/KKBK/shwetashar95@paytm/UPI,372346877872,"6,600.01",,247265.52
07-07-2025,SALARY CREDIT/S7282227838090/Raymond Ltd,686699974423,,"130,711.81",377977.33
07-07-2025,UPI/DR/291154023345/Naresh/PUNB/naresh.shukla@okhdfcbank/UPI,306117065996,"12,650.70",,365326.63
07-07-2025,UPI/DR/670239340654/Ola/PAYTM/olamoney@ola/UPI,373224597888,300.45,,365026.18
08-07-2025,NEFT/N1443262530882/L&T Infotech Ltd,570270832214,,"14,500.01",379526.19
08-07-2025,UPI/DR/821963051765/Apollo/ICICI/apollopharmacy@ybl/UPI,896021672722,"3,310.63",,376215.56
08-07-2025,IMPS/P2M/647218675512//Vikram Malhotra/UCBA,697114695002,"31,500.68",,344714.88
09-07-2025,UPI/DR/583410136143/Uber/PAYTM/uber@paytm/UPI,560053518491,410.72,,344304.16
09-07-2025,UPI/DR/560497055863/Zepto/ICICI/zepto@apl/UPI,865476430302,"2,180.21",,342123.95
09-07-2025,UPI/DR/431046669950/Paytm/ICICI/paytm@paytm/UPI,608246920358,"2,480.74",,339643.21
11-07-2025,UPI/DR/948520728448/Ola/PAYTM/olamoney@ola/UPI,709604342466,580.51,,339062.70
11-07-2025,NACH/MANDATE/RNT6607672/RENT MANDATE,439951251435,"9,000.00",,330062.70
12-07-2025,UPI/DR/210824496810/Blinkit/ICICI/blinkit@kotak/UPI,357147499833,"1,780.43",,328282.27
12-07-2025,UPI/DR/789358057105/Anjali/BDBL/anjali.shukla@ptsbi/UPI,642719957882,"17,200.49",,311081.78
13-07-2025,ATM CASH WITHDRAWAL/95666/PATNA,491795320035,"6,500.00",,304581.78
14-07-2025,POS D MART PATNA,791636265758,"5,050.44",,299531.34
14-07-2025,UPI/DR/012444629141/Ola/ICICI/olamoney@ola/UPI,937086787342,"1,830.16",,297701.18
14-07-2025,UPI/DR/742340119329/Swiggy/ICICI/swiggy@icici/UPI,095697278599,"1,260.48",,296440.70
14-07-2025,UPI/DR/626800534595/Amazon/ICICI/amazon@apl/UPI,966810603580,"2,720.65",,293720.05
14-07-2025,UPI/DR/644453649995/BigBasket/ICICI/bigbasket@ybl/UPI,811030275947,"1,240.96",,292479.09
15-07-2025,UPI/DR/758932559038/Indane/ICICI/indanegas@upi/UPI,393224389781,"1,350.07",,291129.02
15-07-2025,NACH/MANDATE/SIP3696073/Axis Mutual Fund,013681930160,"9,000.00",,282129.02
15-07-2025,UPI/CR/232607434213/Akash/FDRL/akash292@oksbi/UPI,692883951074,,"8,950.69",291079.71
16-07-2025,UPI/CR/046801281940/Amit/BDBL/9835552500@okhdfcbank/UPI,104957920465,,"20,400.93",311480.64
16-07-2025,UPI/DR/699244133588/CESC/UPIN/cescpayment@upi/UPI,858211434975,"1,250.67",,310229.97
16-07-2025,ATM CASH WITHDRAWAL/53033/PATNA,121393052678,"8,000.00",,302229.97
16-07-2025,UPI/DR/236462428232/Meesho/PAYTM/meesho@ybl/UPI,008590167560,"1,900.43",,300329.54
17-07-2025,UPI/DR/211047581919/Ola/PAYTM/olamoney@ola/UPI,932213081550,530.44,,299799.10
17-07-2025,POS BIG BAZAAR PATNA,252668343034,"6,300.57",,293498.53
17-07-2025,UPI/DR/732367044584/Siddharth/FDRL/siddharth373@ibl/UPI,003338443658,"4,300.29",,289198.24
18-07-2025,UPI/DR/791661290258/Jio/ICICI/jio@paytm/UPI,345614547399,"1,760.03",,287438.21
19-07-2025,UPI/DR/819689018515/Airtel/PAYTM/airtel@axis/UPI,855428716454,409.00,,287029.21
19-07-2025,UPI/DR/230541934278/BigBasket/ICICI/bigbasket@ybl/UPI,434847506319,"1,710.40",,285318.81
19-07-2025,POS BIG BAZAAR PATNA,840945385409,"8,150.72",,277168.09
19-07-2025,POS VISHAL MEGA MART PATNA,615144805684,"2,400.86",,274767.23
19-07-2025,UPI/DR/490104884419/Blinkit/ICICI/blinkit@kotak/UPI,944988204078,"1,410.77",,273356.46
20-07-2025,UPI/DR/493835904634/Airtel/PAYTM/airtel@axis/UPI,198809830442,389.00,,272967.46
22-07-2025,UPI/DR/461590478044/Flipkart/ICICI/flipkart@ybl/UPI,186220916247,"2,690.83",,270276.63
23-07-2025,UPI/CR/482514370198/Siddharth/PUNB/siddharth.ghosh@aubank/UPI,117924499863,,"5,700.24",275976.87
23-07-2025,UPI/DR/933072296807/Amazon/PAYTM/amazon@apl/UPI,349942669747,"1,800.56",,274176.31
23-07-2025,UPI/DR/012932692007/Zepto/ICICI/zepto@apl/UPI,318307315206,700.90,,273475.41
24-07-2025,UPI/CR/144523034916/Sanjay/HDFC/sanjaymeno74@ptsbi/UPI,936978931104,,"4,400.01",277875.42
24-07-2025,UPI/DR/888759842742/Blinkit/ICICI/blinkit@kotak/UPI,137720818694,"1,370.39",,276505.03
25-07-2025,UPI/DR/823894082339/Flipkart/ICICI/flipkart@ybl/UPI,311048251337,"2,080.25",,274424.78
25-07-2025,UPI/DR/271439988946/Myntra/PAYTM/myntra@ybl/UPI,531116896636,"5,150.41",,269274.37
26-07-2025,TRANSACTION CHARGES,532702495544,70.00,,269204.37
26-07-2025,GST ON CHARGES,281044279172,12.60,,269191.77
26-07-2025,UPI/CR/402967075914/Rakesh/BDBL/rakeshmalh93@okaxis/UPI,511019427465,,"19,900.41",289092.18
26-07-2025,UPI/CR/863255318607/Mohit/PUNB/mohit.saxena@okicici/UPI,547167345657,,"20,450.37",309542.55
27-07-2025,POS HP PETROL PUMP PATNA,996044277262,"3,600.33",,305942.22
27-07-2025,UPI/DR/166897506815/Varun/BDBL/varun342@ptaxis/UPI,600269532036,"14,400.78",,291541.44
29-07-2025,UPI/CR/359132713148/Pankaj/BDBL/2414812893@kotak/UPI,865213892460,,"12,050.31",303591.75
29-07-2025,POS SHOPPERS STOP PATNA,774790528933,"8,250.59",,295341.16
30-07-2025,POS BHARAT PETROLEUM PATNA,290823671270,"4,250.44",,291090.72
30-07-2025,UPI/DR/451697382463/Zomato/ICICI/zomato@axisbank/UPI,079165423400,450.14,,290640.58
31-07-2025,POS RELIANCE MART PATNA,100507819087,"2,550.31",,288090.27
31-07-2025,UPI/DR/315404661761/Kavya/HDFC/kavya309@ptaxis/UPI,507334756203,"11,950.56",,276139.71
01-08-2025,UPI/DR/436938064286/Apollo/ICICI/apollopharmacy@ybl/UPI,308401671349,"2,350.64",,273789.07
02-08-2025,UPI/DR/254209120177/Zomato/ICICI/zomato@axisbank/UPI,234123322597,"1,820.83",,271968.24
02-08-2025,UPI/DR/212996139643/Arjun/UCBA/arjunsing18@axl/UPI,069866296607,"6,650.19",,265318.05
02-08-2025,UPI/CR/787737998743/Kavita/UTIB/kavita.kumar@kotak/UPI,411945320894,,"21,700.81",287018.86
03-08-2025,UPI/DR/896034683377/Airtel/PAYTM/airtel@axis/UPI,437267780644,349.00,,286669.86
03-08-2025,UPI/DR/341686570336/Uber/PAYTM/uber@paytm/UPI,079323285521,150.29,,286519.57
03-08-2025,UPI/DR/979036490802/Swiggy/ICICI/swiggy@icici/UPI,326475729715,320.50,,286199.07
03-08-2025,POS RELIANCE MART PATNA,902633981845,"8,450.64",,277748.43
04-08-2025,UPI/DR/362305016331/Rapido/PAYTM/rapido@icici/UPI,508892376405,170.47,,277577.96
06-08-2025,UPI/DR/688453170562/Mina/UCBA/6812035282@ybl/UPI,253094286841,"12,100.29",,265477.67
07-08-2025,SALARY CREDIT/S1988297697787/Raymond Ltd,327790695592,,"126,247.81",391725.48
07-08-2025,ATM CASH WITHDRAWAL/68703/PATNA,060696505493,"9,500.00",,382225.48
07-08-2025,UPI/DR/985216163332/Apollo/ICICI/apollopharmacy@ybl/UPI,765184922329,199.00,,382026.48
09-08-2025,NACH/MANDATE/RNT6146588/RENT MANDATE,739662045404,"9,000.00",,373026.48
10-08-2025,UPI/DR/912336085132/Aditya/LICI/licindia@licindia/UPI,090871456363,"5,400.00",,367626.48
10-08-2025,UPI/DR/909214294334/Spotify/ICICI/spotify@icici/UPI,853938391116,249.00,,367377.48
10-08-2025,ATM CASH WITHDRAWAL/04313/PATNA,992750924008,"5,500.00",,361877.48
10-08-2025,POS BHARAT PETROLEUM PATNA,912703006398,"3,400.46",,358477.02
11-08-2025,ATM CASH WITHDRAWAL/75956/PATNA,001970220342,"4,000.00",,354477.02
11-08-2025,UPI/CR/386333289089/Rajan/FDRL/2715016392@pthdfc/UPI,490536889852,,"9,050.12",363527.14
11-08-2025,NACH/MANDATE/SIP3597199/Axis Mutual Fund,235500318381,"9,000.00",,354527.14
11-08-2025,UPI/CR/458845660761/Gopal/HDFC/gopal.shah@ptaxis/UPI,601235688854,,"20,400.78",374927.92
12-08-2025,UPI/DR/641686051534/Jio/ICICI/jio@paytm/UPI,439042577457,"1,050.41",,373877.51
12-08-2025,UPI/DR/013881154828/Uber/PAYTM/uber@paytm/UPI,468820517668,440.98,,373436.53
12-08-2025,IMPS/P2M/151178429789//Sunil Kumar/BDBL,392098543380,"35,200.35",,338236.18
14-08-2025,POS RELIANCE PETROLEUM PATNA,467154798336,"1,400.58",,336835.60
15-08-2025,UPI/DR/680953246713/Arjun/UTIB/arjunagar78@ptsbi/UPI,937130713031,"15,150.28",,321685.32
16-08-2025,UPI/DR/544177268579/Uber/PAYTM/uber@paytm/UPI,587102872802,300.90,,321384.42
17-08-2025,UPI/DR/444443646031/Indane/ICICI/indanegas@upi/UPI,915247417822,950.74,,320433.68
17-08-2025,POS SHELL FUEL STATION PATNA,647027590563,"1,600.80",,318832.88
20-08-2025,UPI/DR/749798669921/CESC/UPIN/cescpayment@upi/UPI,085983193122,"2,300.24",,316532.64
20-08-2025,UPI/DR/896972729518/Ola/ICICI/olamoney@ola/UPI,920427836858,"2,320.12",,314212.52
22-08-2025,UPI/DR/320805807549/BigBasket/ICICI/bigbasket@ybl/UPI,503451084703,"2,680.21",,311532.31
22-08-2025,POS SHELL FUEL STATION PATNA,812633520679,"3,500.41",,308031.90
22-08-2025,ATM CASH WITHDRAWAL/72947/PATNA,224012404936,"10,000.00",,298031.90
23-08-2025,POS V MART PATNA,150596315809,"7,500.80",,290531.10
23-08-2025,ATM CASH WITHDRAWAL/94427/PATNA,584335550013,"9,000.00",,281531.10
25-08-2025,UPI/DR/375333155043/Airtel/PAYTM/airtel@axis/UPI,421040688879,729.00,,280802.10
25-08-2025,UPI/DR/306332577733/Swiggy/ICICI/swiggy@icici/UPI,920575427650,"1,700.98",,279101.12
25-08-2025,UPI/DR/470179737883/PhonePe/ICICI/phonepe@ybl/UPI,235202938897,"2,230.04",,276871.08
25-08-2025,UPI/DR/459425119945/Kiran/PUNB/8464072148@okicici/UPI,719566948402,"9,000.92",,267870.16
26-08-2025,UPI/DR/438907232189/Amazon/PAYTM/amazon@apl/UPI,392484952191,"2,850.45",,265019.71
26-08-2025,ATM CASH WITHDRAWAL/60379/PATNA,901799239348,"1,500.00",,263519.71
26-08-2025,UPI/DR/961862160190/PhonePe/ICICI/phonepe@ybl/UPI,973580148972,"2,050.98",,261468.73
27-08-2025,UPI/CR/642277191088/Nikhil/HDFC/nikhil.kulkarni@pthdfc/UPI,236322918932,,"1,700.52",263169.25
27-08-2025,UPI/DR/533319527253/Flipkart/ICICI/flipkart@ybl/UPI,819131441303,"2,340.68",,260828.57
27-08-2025,UPI/DR/999234963619/Dunzo/ICICI/dunzo@razorpay/UPI,745027071951,"1,860.41",,258968.16
28-08-2025,UPI/DR/609703789040/Ola/PAYTM/olamoney@ola/UPI,587317116335,800.76,,258167.40
28-08-2025,UPI/DR/659893312287/Nykaa/PAYTM/nykaa@razorpay/UPI,875320033701,"3,800.61",,254366.79
29-08-2025,UPI/DR/179356190763/Sneha/UTIB/snehaverm41@okaxis/UPI,414310416377,"15,400.45",,238966.34
29-08-2025,GST ON CHARGES,977595594374,23.40,,238942.94
29-08-2025,UPI/DR/303332688286/Zepto/ICICI/zepto@apl/UPI,778457141878,580.94,,238362.00
29-08-2025,POS VISHAL MEGA MART PATNA,310547668245,"5,450.74",,232911.26
29-08-2025,UPI/DR/464738847057/Dunzo/ICICI/dunzo@razorpay/UPI,414059379293,430.70,,232480.56
29-08-2025,TRANSACTION CHARGES,855262816623,130.00,,232350.56
30-08-2025,UPI/DR/003298472148/Ankit/BARB/ankit.shukla@ibl/UPI,120315844697,"17,600.99",,214749.57
30-08-2025,UPI/DR/961298574984/Sonia/BDBL/soniapate48@okhdfcbank/UPI,199055808668,"9,850.10",,204899.47
31-08-2025,UPI/DR/281405963112/Flipkart/ICICI/flipkart@ybl/UPI,992608149280,990.55,,203908.92
31-08-2025,UPI/DR/243045018708/Jyoti/BARB/jyoti177@okaxis/UPI,422340228822,"9,400.35",,194508.57
31-08-2025,UPI/CR/995815263043/Amit/BDBL/5023986082@pthdfc/UPI,585729974022,,"18,800.83",213309.40
02-09-2025,UPI/DR/678693328162/Sarita/BKID/sarita688@okhdfcbank/UPI,659056083466,"5,100.37",,208209.03
03-09-2025,UPI/DR/448758695384/BSNL/ICICI/bsnlbroadband@upi/UPI,469697156592,"1,770.74",,206438.29
03-09-2025,IMPS/P2M/490861548622//Sanjay Roy/BKID,827642013627,"13,300.04",,193138.25
04-09-2025,POS BHARAT PETROLEUM PATNA,482061642772,"2,100.19",,191038.06
04-09-2025,UPI/DR/484745431050/Uber/ICICI/uber@paytm/UPI,676260009181,"1,460.16",,189577.90
05-09-2025,UPI/DR/766847594247/Gaurav/PUNB/gaurav131@ibl/UPI,492074224550,"5,200.97",,184376.93
06-09-2025,SALARY CREDIT/S9552977147198/Raymond Ltd,589260434328,,"129,948.81",314325.74
06-09-2025,UPI/DR/677737784350/Vikram/KKBK/vikramkhan56@pthdfc/UPI,911311528882,"16,100.09",,298225.65
06-09-2025,UPI/DR/902457021625/Aditya/LICI/licindia@licindia/UPI,630656646956,"5,400.00",,292825.65
07-09-2025,UPI/DR/950389713948/Usha/BARB/usha.nambiar@oksbi/UPI,555501111745,"17,500.56",,275325.09
08-09-2025,NACH/MANDATE/RNT2844726/RENT MANDATE,160396404627,"9,000.00",,266325.09
08-09-2025,UPI/CR/081653088342/Jyoti/SBIN/jyotikulk89@upi/UPI,962287719338,,"8,900.65",275225.74
09-09-2025,UPI/DR/034183414686/Airtel/PAYTM/airtel@axis/UPI,494957503316,289.00,,274936.74
09-09-2025,NEFT/N9347347569184/Infosys BPO Pvt Ltd,090723359930,,"35,500.15",310436.89
10-09-2025,ATM CASH WITHDRAWAL/87544/PATNA,989177034042,"3,500.00",,306936.89
10-09-2025,UPI/DR/796991325083/CESC/UPIN/cescpayment@upi/UPI,878221967591,800.30,,306136.59
11-09-2025,UPI/DR/382012533206/Anjali/HDFC/anjalichop72@ptaxis/UPI,763676018202,"20,550.61",,285585.98
11-09-2025,UPI/DR/232825732708/Meesho/PAYTM/meesho@ybl/UPI,767632909361,"4,050.47",,281535.51
11-09-2025,UPI/DR/297230318402/BSNL/RAZORPAY/broadband@paytm/UPI,790780084429,"1,249.00",,280286.51
11-09-2025,NACH/MANDATE/SIP9414680/Axis Mutual Fund,662039259320,"9,000.00",,271286.51
12-09-2025,UPI/DR/435056615898/Indane/ICICI/indanegas@upi/UPI,942467001754,"1,000.98",,270285.53
12-09-2025,UPI/DR/644995204971/Airtel/PAYTM/airtel@axis/UPI,869954723128,449.00,,269836.53
12-09-2025,UPI/CR/679054369299/Geeta/PUNB/geeta374@apl/UPI,166873122650,,"6,150.33",275986.86
12-09-2025,UPI/DR/307538143054/Nykaa/PAYTM/nykaa@razorpay/UPI,488937807110,"2,100.88",,273885.98
12-09-2025,UPI/CR/796732487417/Rahul/HDFC/5350937575@ybl/UPI,858627469869,,"9,550.35",283436.33
13-09-2025,UPI/DR/127403857184/Ajay/BARB/ajayiyer59@ptsbi/UPI,036254329282,"14,850.57",,268585.76
13-09-2025,UPI/DR/070397974425/Shreya/UCBA/shreyaverm54@ptaxis/UPI,239697460868,"12,300.93",,256284.83
14-09-2025,UPI/DR/272655826385/Arjun/KKBK/arjun.dubey@okhdfcbank/UPI,224537013832,"5,450.76",,250834.07
16-09-2025,POS D MART PATNA,119379988647,"4,900.03",,245934.04
17-09-2025,UPI/DR/827882800356/Airtel/PAYTM/airtel@axis/UPI,146025393765,389.00,,245545.04
17-09-2025,UPI/DR/454046976800/Ola/ICICI/olamoney@ola/UPI,979167802522,"2,640.22",,242904.82
17-09-2025,UPI/DR/361153760744/Nisha/BARB/2771378075@pthdfc/UPI,395031826170,"11,500.85",,231403.97
18-09-2025,UPI/DR/443196011706/Tarun/BARB/tarun.tiwari@okhdfcbank/UPI,521665756472,"16,450.71",,214953.26
19-09-2025,UPI/CR/035645425270/Asha/FDRL/ashanamb96@paytm/UPI,017166613924,,"8,500.23",223453.49
19-09-2025,UPI/DR/405075730972/Zepto/ICICI/zepto@apl/UPI,895540018449,640.99,,222812.50
19-09-2025,UPI/DR/134578823546/Amazon/ICICI/amazon@apl/UPI,618937425065,"2,630.37",,220182.13
19-09-2025,UPI/DR/518913385902/Ola/ICICI/olamoney@ola/UPI,565458594084,"1,780.05",,218402.08
20-09-2025,UPI/CR/682230897158/Mamta/BDBL/mamta.kulkarni@aubank/UPI,955738800785,,"8,550.98",226953.06
20-09-2025,ATM CASH WITHDRAWAL/92244/PATNA,473760280870,"4,500.00",,222453.06
20-09-2025,POS MORE SUPER MARKET PATNA,994292777020,"3,700.71",,218752.35
21-09-2025,UPI/DR/524264866799/Dunzo/ICICI/dunzo@razorpay/UPI,876336384428,"2,400.71",,216351.64
21-09-2025,UPI/DR/556939632228/Flipkart/ICICI/flipkart@ybl/UPI,347569919495,"2,320.71",,214030.93
21-09-2025,POS MAX FASHION PATNA,926274273248,"6,050.66",,207980.27
22-09-2025,UPI/DR/377587059154/Uber/PAYTM/uber@paytm/UPI,053137824381,190.72,,207789.55
23-09-2025,UPI/DR/074938650004/Rapido/PAYTM/rapido@icici/UPI,138741668122,370.26,,207419.29
23-09-2025,UPI/DR/842717865030/Rapido/PAYTM/rapido@icici/UPI,226735470227,370.37,,207048.92
23-09-2025,UPI/DR/678738122163/Uber/ICICI/uber@paytm/UPI,869191525965,450.73,,206598.19
24-09-2025,UPI/DR/319269405617/Uber/PAYTM/uber@paytm/UPI,049288915941,470.21,,206127.98
25-09-2025,UPI/DR/983587194699/Rapido/PAYTM/rapido@icici/UPI,850093333006,640.26,,205487.72
25-09-2025,UPI/CR/956290314267/Priya/BDBL/priyaroy53@oksbi/UPI,995976945619,,"1,300.71",206788.43
25-09-2025,UPI/DR/753686958952/Swiggy/ICICI/swiggy@icici/UPI,768525390533,"1,180.33",,205608.10
25-09-2025,INTEREST CREDIT,800946640836,,740.37,206348.47
25-09-2025,UPI/DR/215505897506/Anil/HDFC/anilpill82@ptaxis/UPI,226667891016,"3,500.10",,202848.37
25-09-2025,POS RELIANCE PETROLEUM PATNA,629734650642,"2,500.28",,200348.09
26-09-2025,UPI/DR/273436440279/Airtel/PAYTM/airtel@axis/UPI,480546004786,399.00,,199949.09
28-09-2025,UPI/DR/929327329859/Ola/ICICI/olamoney@ola/UPI,515442776350,"2,730.14",,197218.95
29-09-2025,POS VISHAL MEGA MART PATNA,144910818027,"8,400.65",,188818.30
30-09-2025,UPI/DR/048012056443/Anjali/BKID/1972643904@oksbi/UPI,087814762217,"3,550.41",,185267.89
01-10-2025,UPI/DR/486974709130/Swiggy/ICICI/swiggy@icici/UPI,063713372223,"1,650.70",,183617.19
01-10-2025,UPI/DR/755229379219/Harish/UCBA/8939601480@upi/UPI,555595506628,"8,000.04",,175617.15
01-10-2025,TRANSACTION CHARGES,511312634544,410.00,,175207.15
01-10-2025,GST ON CHARGES,446748525045,73.80,,175133.35
01-10-2025,UPI/CR/703288288204/Mahesh/BARB/mahesh.joshi@okaxis/UPI,586258063954,,"5,450.09",180583.44
02-10-2025,UPI/DR/188151919415/Ankit/UTIB/ankit.ahuja@oksbi/UPI,708521000986,"15,700.86",,164882.58
02-10-2025,UPI/DR/072486319524/Shivam/SBIN/4077091199@ptaxis/UPI,026841523857,"13,200.00",,151682.58
02-10-2025,UPI/DR/537863673900/Mukesh/BDBL/mukesh402@okicici/UPI,237295312958,"11,900.20",,139782.38
02-10-2025,UPI/DR/412189424073/Uber/PAYTM/uber@paytm/UPI,888813418835,540.77,,139241.61
03-10-2025,UPI/CR/215718590511/Deepa/BDBL/deepa125@okhdfcbank/UPI,501885982603,,"8,300.37",147541.98
04-10-2025,UPI/DR/952926619233/Mamta/BDBL/9930797849@kotak/UPI,737425960118,"6,800.30",,140741.68
04-10-2025,POS RELIANCE PETROLEUM PATNA,917500800540,"2,600.51",,138141.17
04-10-2025,UPI/CR/315812479221/Ritu/BKID/ritudutt64@paytm/UPI,997592804524,,"15,650.57",153791.74
05-10-2025,UPI/DR/629772511828/Ola/ICICI/olamoney@ola/UPI,867101072256,990.41,,152801.33
05-10-2025,IMPS/P2M/162078032412//Ajay Ahuja/PUNB,984891289323,"35,100.15",,117701.18
05-10-2025,POS D MART PATNA,929519325087,"1,300.71",,116400.47
06-10-2025,UPI/DR/727017235295/Neha/FDRL/neha153@oksbi/UPI,000675356953,"12,700.87",,103699.60
06-10-2025,UPI/DR/899497459079/Dunzo/ICICI/dunzo@razorpay/UPI,310718230441,"1,160.11",,102539.49
07-10-2025,SALARY CREDIT/S2889593516767/Raymond Ltd,170531183713,,"127,406.81",229946.30
08-10-2025,ATM CASH WITHDRAWAL/48683/PATNA,735738364202,"5,500.00",,224446.30
09-10-2025,UPI/DR/929701398896/Nykaa/PAYTM/nykaa@razorpay/UPI,459161139852,"5,300.73",,219145.57
10-10-2025,NACH/MANDATE/RNT7777057/RENT MANDATE,134493660541,"9,000.00",,210145.57
10-10-2025,UPI/DR/059709463521/Amazon/ICICI/amazon@apl/UPI,333819674460,440.14,,209705.43
10-10-2025,UPI/DR/782978073413/Ola/PAYTM/olamoney@ola/UPI,906381431167,190.49,,209514.94
10-10-2025,UPI/DR/544614436498/Aditya/LICI/licindia@licindia/UPI,678511519067,"5,400.00",,204114.94
11-10-2025,UPI/DR/798849626770/BigBasket/ICICI/bigbasket@ybl/UPI,873064177302,"2,260.32",,201854.62
11-10-2025,NACH/MANDATE/SIP9581980/Axis Mutual Fund,155987057867,"9,000.00",,192854.62
11-10-2025,UPI/DR/793571199534/Dunzo/ICICI/dunzo@razorpay/UPI,599468028608,"2,240.43",,190614.19
13-10-2025,UPI/DR/004315367607/BigBasket/ICICI/bigbasket@ybl/UPI,363683615699,"1,010.60",,189603.59
13-10-2025,UPI/CR/193126255023/Sushma/HDFC/sushmasen97@okaxis/UPI,412514232998,,"13,550.24",203153.83
14-10-2025,UPI/CR/745176368850/Ankit/PUNB/ankitshah25@axl/UPI,622156832630,,"14,600.78",217754.61
14-10-2025,UPI/CR/051112102243/Geeta/KKBK/geeta928@apl/UPI,719613315001,,"16,000.86",233755.47
14-10-2025,UPI/DR/157974032847/Mukesh/HDFC/mukesh338@ybl/UPI,059244088030,"7,550.90",,226204.57
14-10-2025,UPI/CR/606741805081/Gaurav/BDBL/gauravpill96@apl/UPI,467888483062,,"3,950.01",230154.58
15-10-2025,UPI/DR/172097904889/PhonePe/ICICI/phonepe@ybl/UPI,209061692005,190.37,,229964.21
16-10-2025,UPI/DR/271810010545/Jio/ICICI/jio@paytm/UPI,140519856590,"1,460.74",,228503.47
16-10-2025,ATM CASH WITHDRAWAL/44760/PATNA,106516595886,"4,500.00",,224003.47
16-10-2025,UPI/DR/019373951793/BSNL/RAZORPAY/broadband@paytm/UPI,713655331198,"1,249.00",,222754.47
17-10-2025,UPI/DR/921833335657/BigBasket/ICICI/bigbasket@ybl/UPI,677749576453,770.57,,221983.90
17-10-2025,ATM CASH WITHDRAWAL/65739/PATNA,654107512807,"8,000.00",,213983.90
17-10-2025,UPI/DR/249700318298/Rakesh/PUNB/rakeshgupt20@apl/UPI,546250052855,"16,550.26",,197433.64
18-10-2025,UPI/DR/244134753601/Uber/PAYTM/uber@paytm/UPI,367427725426,530.50,,196903.14
19-10-2025,POS STAR BAZAAR PATNA,997016088058,"2,900.21",,194002.93
20-10-2025,UPI/DR/161864459002/Seema/BARB/seema937@apl/UPI,030549744225,"10,800.08",,183202.85
20-10-2025,UPI/DR/147070055138/BSNL/ICICI/bsnlbroadband@upi/UPI,070079195412,"2,250.77",,180952.08
21-10-2025,UPI/DR/016432442561/Paytm/ICICI/paytm@paytm/UPI,374825134545,670.04,,180282.04
21-10-2025,UPI/DR/406106670912/Ola/PAYTM/olamoney@ola/UPI,044165330864,390.69,,179891.35
21-10-2025,UPI/DR/360288010324/CESC/UPIN/cescpayment@upi/UPI,028509990339,"1,800.82",,178090.53
21-10-2025,UPI/DR/304747395750/Airtel/PAYTM/airtel@axis/UPI,373286722622,919.00,,177171.53
22-10-2025,POS CENTRAL MALL PATNA,477945058845,"4,700.86",,172470.67
22-10-2025,UPI/CR/667115803392/Anil/KKBK/1497375133@ybl/UPI,701016939088,,"11,350.94",183821.61
22-10-2025,UPI/DR/012433578001/Renu/KKBK/renubane47@okhdfcbank/UPI,763740786003,"10,250.87",,173570.74
23-10-2025,UPI/DR/498765949699/Amit/FDRL/0370498295@apl/UPI,089636034752,"3,400.59",,170170.15
23-10-2025,UPI/DR/724329840641/Uber/ICICI/uber@paytm/UPI,894942838277,"1,300.46",,168869.69
23-10-2025,UPI/DR/639800677780/Dunzo/ICICI/dunzo@razorpay/UPI,107031180658,"2,160.17",,166709.52
23-10-2025,UPI/DR/806745071906/Blinkit/ICICI/blinkit@kotak/UPI,240048071958,200.83,,166508.69
23-10-2025,UPI/DR/451786229573/Vishal/BDBL/vishal.singh@apl/UPI,713695919721,"19,950.92",,146557.77
24-10-2025,UPI/DR/006430392655/Swiggy/ICICI/swiggy@icici/UPI,964599537837,"1,010.72",,145547.05
25-10-2025,POS D MART PATNA,362959147668,"7,250.20",,138296.85
25-10-2025,ATM CASH WITHDRAWAL/17765/PATNA,513887696257,"1,000.00",,137296.85
25-10-2025,UPI/DR/168642998100/Vivek/BKID/vivek619@kotak/UPI,773963461573,"5,500.68",,131796.17
26-10-2025,UPI/DR/403568041738/Poonam/BKID/9691379103@ptsbi/UPI,155660150002,700.83,,131095.34
26-10-2025,POS D MART PATNA,546752511620,"1,100.96",,129994.38
26-10-2025,UPI/DR/093021261662/Indane/ICICI/indanegas@upi/UPI,497352146452,"2,450.33",,127544.05
27-10-2025,UPI/DR/472529320039/Uber/ICICI/uber@paytm/UPI,325938615096,610.03,,126934.02
27-10-2025,UPI/DR/382581885271/Amazon/PAYTM/amazon@apl/UPI,657374348205,"5,450.47",,121483.55
28-10-2025,POS RELIANCE MART PATNA,426962602023,"2,600.99",,118882.56
28-10-2025,POS RELIANCE PETROLEUM PATNA,258983514348,"1,250.77",,117631.79
28-10-2025,UPI/DR/239580938269/Airtel/PAYTM/airtel@axis/UPI,804714962037,419.00,,117212.79
29-10-2025,GST ON CHARGES,664120147648,39.60,,117173.19
29-10-2025,UPI/DR/463235527688/Zomato/ICICI/zomato@axisbank/UPI,403771827301,"2,460.26",,114712.93
29-10-2025,TRANSACTION CHARGES,741426021705,220.00,,114492.93
29-10-2025,POS RELIANCE MART PATNA,074775955035,"3,950.98",,110541.95
31-10-2025,POS BRAND FACTORY PATNA,057019557790,"4,400.27",,106141.68
01-11-2025,UPI/DR/750765418537/Blinkit/ICICI/blinkit@kotak/UPI,906088441957,"1,560.48",,104581.20
02-11-2025,UPI/DR/648530855750/Rajesh/PUNB/rajeshnair18@paytm/UPI,913357652210,"7,150.21",,97430.99
04-11-2025,UPI/DR/137894239400/BigBasket/ICICI/bigbasket@ybl/UPI,510463908871,"1,130.21",,96300.78
05-11-2025,UPI/DR/869408841988/Uber/ICICI/uber@paytm/UPI,875448090742,760.81,,95539.97
05-11-2025,ATM CASH WITHDRAWAL/60032/PATNA,753444555911,"4,000.00",,91539.97
06-11-2025,UPI/DR/051461000729/Uber/PAYTM/uber@paytm/UPI,844442607340,300.83,,91239.14
07-11-2025,SALARY CREDIT/S3159060681267/Raymond Ltd,035595466541,,"130,629.81",221868.95
07-11-2025,UPI/CR/752661239236/Rekha/BARB/rekha723@ybl/UPI,603431054124,,"13,150.47",235019.42
09-11-2025,UPI/DR/711151410201/Aditya/LICI/licindia@licindia/UPI,274784350677,"5,400.00",,229619.42
09-11-2025,UPI/CR/155309750600/Nisha/UTIB/nishasen30@okicici/UPI,212724465650,,"1,900.73",231520.15
10-11-2025,POS BHARAT PETROLEUM PATNA,126743457971,"1,000.91",,230519.24
10-11-2025,NACH/MANDATE/RNT5258632/RENT MANDATE,926021954033,"9,000.00",,221519.24
10-11-2025,UPI/DR/614009235132/Jio/ICICI/jio@paytm/UPI,440422317594,190.03,,221329.21
11-11-2025,UPI/DR/102048250003/Ola/PAYTM/olamoney@ola/UPI,583969501255,740.29,,220588.92
12-11-2025,UPI/CR/451148869086/Abhishek/BARB/1484778379@ptsbi/UPI,378134692898,,"16,000.71",236589.63
12-11-2025,UPI/DR/663489110204/Blinkit/ICICI/blinkit@kotak/UPI,336937880866,"1,680.44",,234909.19
13-11-2025,POS BIG BAZAAR PATNA,893065475111,"4,900.78",,230008.41
14-11-2025,UPI/DR/751470268691/Ramesh/BARB/rameshkuma99@okaxis/UPI,932286979154,650.58,,229357.83
14-11-2025,UPI/DR/297567434105/Rajesh/BDBL/rajesh.ghosh@ybl/UPI,372002792309,"4,600.89",,224756.94
14-11-2025,UPI/DR/696928867878/Flipkart/PAYTM/flipkart@ybl/UPI,714287658661,"1,050.41",,223706.53
14-11-2025,NACH/MANDATE/SIP7643549/Axis Mutual Fund,383307290788,"9,000.00",,214706.53
16-11-2025,UPI/DR/176621236979/Anil/UTIB/anil317@okhdfcbank/UPI,314876088869,"15,150.58",,199555.95
16-11-2025,UPI/DR/786145842879/Swiggy/ICICI/swiggy@icici/UPI,092498094674,"1,200.46",,198355.49
17-11-2025,UPI/DR/552208111890/Indane/ICICI/indanegas@upi/UPI,966788144651,"2,150.92",,196204.57
18-11-2025,UPI/DR/704919316981/CESC/UPIN/cescpayment@upi/UPI,722699883179,"2,350.87",,193853.70
18-11-2025,POS CENTRAL MALL PATNA,199232595372,"2,600.34",,191253.36
19-11-2025,POS SHOPPERS STOP PATNA,436802135174,950.92,,190302.44
19-11-2025,UPI/DR/088160361178/Uber/PAYTM/uber@paytm/UPI,215889350589,300.66,,190001.78
19-11-2025,UPI/DR/306773150153/Airtel/PAYTM/airtel@axis/UPI,936427453343,769.00,,189232.78
20-11-2025,POS HP PETROL PUMP PATNA,045877594289,"3,450.93",,185781.85
21-11-2025,UPI/DR/106947900324/Spotify/ICICI/spotify@icici/UPI,046509859120,199.00,,185582.85
22-11-2025,UPI/DR/639865317436/Blinkit/ICICI/blinkit@kotak/UPI,352504905431,770.23,,184812.62
22-11-2025,UPI/DR/691079358171/Jio/ICICI/jio@paytm/UPI,413763392533,460.93,,184351.69
22-11-2025,UPI/DR/156343766017/Swiggy/ICICI/swiggy@icici/UPI,680121293822,870.42,,183481.27
22-11-2025,UPI/CR/447699537227/Maya/KKBK/mayanair52@pthdfc/UPI,029748692004,,"1,650.49",185131.76
23-11-2025,UPI/DR/271249664089/Airtel/PAYTM/airtel@axis/UPI,836397064898,389.00,,184742.76
24-11-2025,UPI/DR/476134205605/Paytm/ICICI/paytm@paytm/UPI,175478931019,"2,340.26",,182402.50
24-11-2025,UPI/DR/371659605032/Blinkit/ICICI/blinkit@kotak/UPI,571589785545,210.43,,182192.07
25-11-2025,UPI/DR/343075524428/Deepak/BARB/deepak.iyer@ybl/UPI,104057044103,"9,850.96",,172341.11
26-11-2025,UPI/CR/336738881170/Seema/KKBK/seema.banerjee@ptsbi/UPI,468552841472,,"9,650.62",181991.73
26-11-2025,UPI/DR/703740463186/Zepto/ICICI/zepto@apl/UPI,909865589069,"1,020.39",,180971.34
27-11-2025,POS SHELL FUEL STATION PATNA,898115489994,"4,200.94",,176770.40
27-11-2025,IMPS/P2M/064839416972//Rajan Shah/UTIB,753446614709,"40,400.56",,136369.84
27-11-2025,UPI/DR/326344403805/Uber/PAYTM/uber@paytm/UPI,770913551176,710.33,,135659.51
29-11-2025,ATM CASH WITHDRAWAL/05835/PATNA,088365041902,"2,000.00",,133659.51
29-11-2025,UPI/DR/927000951677/Blinkit/ICICI/blinkit@kotak/UPI,217823239412,"2,010.66",,131648.85
29-11-2025,UPI/DR/750857125749/Airtel/PAYTM/airtel@axis/UPI,228373775050,879.00,,130769.85
01-12-2025,POS SHOPPERS STOP PATNA,762259664903,"2,450.88",,128318.97
03-12-2025,UPI/DR/719378482750/Uber/ICICI/uber@paytm/UPI,683230175625,"2,060.43",,126258.54
03-12-2025,UPI/DR/398039114922/Myntra/PAYTM/myntra@ybl/UPI,100687602351,"4,700.62",,121557.92
03-12-2025,UPI/DR/701053438212/Dunzo/ICICI/dunzo@razorpay/UPI,725851287417,"1,430.65",,120127.27
03-12-2025,POS BIG BAZAAR PATNA,921476851518,"4,550.78",,115576.49
03-12-2025,UPI/DR/604043846958/Yogesh/UCBA/yogesh472@aubank/UPI,594499438288,"21,850.60",,93725.89
04-12-2025,UPI/DR/041062721180/Aditya/LICI/licindia@licindia/UPI,396036444390,"5,400.00",,88325.89
04-12-2025,UPI/DR/012656363655/Uber/ICICI/uber@paytm/UPI,297644325449,220.62,,88105.27
04-12-2025,UPI/CR/085173199778/Kavita/BDBL/kavita776@apl/UPI,580305129368,,"18,700.60",106805.87
05-12-2025,POS HP PETROL PUMP PATNA,315499661897,"3,250.00",,103555.87
05-12-2025,UPI/DR/659600840338/PhonePe/ICICI/phonepe@ybl/UPI,570822213026,"1,430.19",,102125.68
05-12-2025,UPI/DR/768565734097/Apollo/ICICI/apollopharmacy@ybl/UPI,528965761457,"1,230.23",,100895.45
05-12-2025,UPI/CR/273037599104/Nisha/UTIB/7409146857@pthdfc/UPI,708082175704,,"6,200.53",107095.98
06-12-2025,UPI/DR/309168252353/Blinkit/ICICI/blinkit@kotak/UPI,612589953479,"2,690.89",,104405.09
06-12-2025,UPI/DR/089351523027/Uber/PAYTM/uber@paytm/UPI,299444208982,600.85,,103804.24
07-12-2025,SALARY CREDIT/S9062981536060/Raymond Ltd,317125981068,,"128,951.81",232756.05
08-12-2025,IMPS/P2M/429515752226//Ravi Malhotra/KKBK,679758685867,"20,800.18",,211955.87
09-12-2025,UPI/DR/999064517820/Nykaa/PAYTM/nykaa@razorpay/UPI,111316209269,"5,850.24",,206105.63
09-12-2025,UPI/CR/826599552894/Pankaj/FDRL/3483927386@upi/UPI,465927100323,,"3,450.21",209555.84
09-12-2025,UPI/DR/762157559666/Ola/PAYTM/olamoney@ola/UPI,618704015193,240.77,,209315.07
10-12-2025,UPI/DR/568633775060/Myntra/PAYTM/myntra@ybl/UPI,831217382628,"3,350.94",,205964.13
10-12-2025,NACH/MANDATE/RNT8043331/RENT MANDATE,953965692532,"9,000.00",,196964.13
11-12-2025,UPI/DR/994154983410/Ola/ICICI/olamoney@ola/UPI,318964210746,"1,010.19",,195953.94
11-12-2025,ATM CASH WITHDRAWAL/32706/PATNA,674138110205,"5,500.00",,190453.94
11-12-2025,UPI/DR/278972370843/Amit/BARB/amit.roy@oksbi/UPI,551869989658,"11,600.32",,178853.62
11-12-2025,POS V MART PATNA,508674698988,"7,250.03",,171603.59
11-12-2025,ATM CASH WITHDRAWAL/48789/PATNA,743510035089,"4,000.00",,167603.59
12-12-2025,UPI/DR/109938022518/Paytm/ICICI/paytm@paytm/UPI,066760881570,"1,640.59",,165963.00
12-12-2025,NACH/MANDATE/SIP9609252/Axis Mutual Fund,271042674029,"9,000.00",,156963.00
12-12-2025,ATM CASH WITHDRAWAL/87086/PATNA,129516751866,"10,000.00",,146963.00
13-12-2025,UPI/CR/865520216457/Dinesh/BARB/dineshnair66@ptyes/UPI,752522549387,,"2,950.06",149913.06
13-12-2025,UPI/CR/637967668737/Siddharth/BDBL/siddharthmeht78@paytm/UPI,807529703586,,"16,950.30",166863.36
14-12-2025,UPI/CR/999354193963/Pooja/HDFC/pooja.pandey@ptyes/UPI,437499645345,,"21,600.16",188463.52
14-12-2025,POS D MART PATNA,112834965233,"6,450.62",,182012.90
14-12-2025,POS METRO CASH CARRY PATNA,038564397826,"4,650.67",,177362.23
14-12-2025,UPI/DR/182709111961/Hotstar/ICICI/hotstar@hdfcbank/UPI,625316891581,449.00,,176913.23
15-12-2025,UPI/DR/948080469456/Ola/ICICI/olamoney@ola/UPI,672843259015,"1,070.14",,175843.09
16-12-2025,POS LIFESTYLE STORES PATNA,700888126456,"8,400.21",,167442.88
17-12-2025,POS HP PETROL PUMP PATNA,654321897830,"3,000.07",,164442.81
17-12-2025,ATM CASH WITHDRAWAL/02023/PATNA,263095553052,"7,000.00",,157442.81
18-12-2025,UPI/DR/805567230343/Deepak/SBIN/8924276144@okhdfcbank/UPI,155193758543,"9,050.10",,148392.71
18-12-2025,UPI/DR/423450119532/Zomato/ICICI/zomato@axisbank/UPI,257425254797,410.50,,147982.21
19-12-2025,POS STAR BAZAAR PATNA,854062631371,"3,850.71",,144131.50
19-12-2025,UPI/DR/479805474424/Indane/ICICI/indanegas@upi/UPI,215492390016,800.80,,143330.70
20-12-2025,UPI/DR/503640820910/Amazon/ICICI/amazon@apl/UPI,157493266124,"1,690.63",,141640.07
20-12-2025,UPI/DR/536184773408/Uber/ICICI/uber@paytm/UPI,711815654603,"1,220.78",,140419.29
21-12-2025,UPI/DR/473330958429/Airtel/PAYTM/airtel@axis/UPI,855161285454,369.00,,140050.29
22-12-2025,ATM CASH WITHDRAWAL/59726/PATNA,997475805731,"8,000.00",,132050.29
22-12-2025,POS BHARAT PETROLEUM PATNA,352529270185,"1,250.75",,130799.54
22-12-2025,UPI/CR/548449673870/Mohan/HDFC/mohan972@pthdfc/UPI,383237880364,,"5,950.28",136749.82
23-12-2025,UPI/DR/698744982920/Uber/PAYTM/uber@paytm/UPI,202995512427,850.78,,135899.04
23-12-2025,UPI/DR/204157669946/BSNL/RAZORPAY/broadband@paytm/UPI,880124462085,"1,299.00",,134600.04
23-12-2025,UPI/DR/153313760555/CESC/UPIN/cescpayment@upi/UPI,512194431567,"3,800.76",,130799.28
24-12-2025,UPI/CR/014690240864/Varsha/HDFC/6324502478@ptyes/UPI,409638472213,,"20,850.08",151649.36
24-12-2025,UPI/CR/816356418045/Jyoti/UCBA/jyotimalh68@okaxis/UPI,561120397885,,"18,000.57",169649.93
25-12-2025,UPI/DR/584334637111/Uber/ICICI/uber@paytm/UPI,605679211949,440.40,,169209.53
25-12-2025,UPI/DR/655967966136/Sarita/BDBL/4150602116@apl/UPI,096846736066,"5,300.03",,163909.50
25-12-2025,UPI/DR/157299347620/Rapido/PAYTM/rapido@icici/UPI,988800119294,290.06,,163619.44
26-12-2025,UPI/DR/682528619683/Amazon/ICICI/amazon@apl/UPI,653925036937,"1,710.65",,161908.79
26-12-2025,UPI/DR/340737966327/Manish/BARB/manishkapo38@upi/UPI,872975156625,"21,950.27",,139958.52
27-12-2025,GST ON CHARGES,114895833727,30.60,,139927.92
27-12-2025,UPI/DR/319238745265/Airtel/PAYTM/airtel@axis/UPI,829166943598,649.00,,139278.92
27-12-2025,TRANSACTION CHARGES,790454408150,170.00,,139108.92
28-12-2025,UPI/CR/609920669886/Amit/FDRL/amit721@okicici/UPI,056722464033,,"15,700.92",154809.84
28-12-2025,UPI/CR/786968900479/Krishna/PUNB/krishna.gupta@okaxis/UPI,839877192138,,"13,050.94",167860.78
28-12-2025,UPI/DR/368486138284/Uber/PAYTM/uber@paytm/UPI,170676443033,380.19,,167480.59
28-12-2025,UPI/DR/070271482487/Vikas/BARB/4719384554@apl/UPI,265689651571,"16,550.46",,150930.13
28-12-2025,INTEREST CREDIT,074786376070,,70.83,151000.96
29-12-2025,UPI/CR/911244214074/Kavita/KKBK/kavita160@upi/UPI,012226798693,,"9,750.83",160751.79
30-12-2025,POS BHARAT PETROLEUM PATNA,512316378160,850.04,,159901.75
30-12-2025,UPI/CR/482476284325/Divya/BARB/3815042177@upi/UPI,366220204908,,"3,650.40",163552.15
30-12-2025,UPI/DR/206726771808/Nikhil/KKBK/2006428371@okicici/UPI,141856753406,"12,350.16",,151201.99
30-12-2025,POS RELIANCE MART PATNA,362081792758,"7,650.47",,143551.52
30-12-2025,UPI/DR/389727805370/Paytm/ICICI/paytm@paytm/UPI,730620738780,"2,740.87",,140810.65
30-12-2025,UPI/DR/342345558522/Abhishek/FDRL/abhishek.naik@ptyes/UPI,927595168511,400.59,,140410.06
31-12-2025,UPI/DR/467080880480/Swiggy/ICICI/swiggy@icici/UPI,432679552128,"1,290.86",,139119.20
31-12-2025,UPI/DR/238097540623/Ola/ICICI/olamoney@ola/UPI,979814356685,340.30,,138778.90
31-12-2025,UPI/CR/670060303871/Rajesh/BARB/rajesh309@oksbi/UPI,198914095350,,"18,450.41",157229.31
03-01-2026,POS LIFESTYLE STORES PATNA,437787476499,"5,050.20",,152179.11
03-01-2026,UPI/DR/590182249789/Uber/PAYTM/uber@paytm/UPI,141465397895,230.69,,151948.42
03-01-2026,UPI/DR/000725274754/BSNL/ICICI/bsnlbroadband@upi/UPI,155436400761,"1,910.20",,150038.22
04-01-2026,UPI/CR/467303394299/Rakesh/BKID/rakesh.nair@pthdfc/UPI,741118670010,,"11,450.88",161489.10
04-01-2026,UPI/CR/480088540630/Ravi/KKBK/ravi.desai@kotak/UPI,866630382914,,"8,650.87",170139.97
04-01-2026,ATM CASH WITHDRAWAL/55861/PATNA,102055958590,"5,500.00",,164639.97
05-01-2026,ATM CASH WITHDRAWAL/01911/PATNA,074946837547,"7,000.00",,157639.97
06-01-2026,SALARY CREDIT/S0399714224092/Raymond Ltd,760526451418,,"126,033.81",283673.78
06-01-2026,NEFT/N0812813761510/Blue Dart Express Lt,595991465230,,"21,500.92",305174.70
06-01-2026,POS STAR BAZAAR PATNA,811320339973,"6,800.12",,298374.58
07-01-2026,UPI/DR/649848341003/Uber/PAYTM/uber@paytm/UPI,603115816985,660.59,,297713.99
08-01-2026,UPI/CR/187869949047/Rajesh/SBIN/8209007439@okhdfcbank/UPI,059901549705,,"9,600.45",307314.44
08-01-2026,UPI/DR/862666527415/Aditya/LICI/licindia@licindia/UPI,649352945868,"5,400.00",,301914.44
08-01-2026,POS SHOPPERS STOP PATNA,838588365511,"6,650.37",,295264.07
08-01-2026,UPI/DR/033148129555/BigBasket/ICICI/bigbasket@ybl/UPI,167078210933,"1,350.41",,293913.66
08-01-2026,NACH/MANDATE/RNT7611633/RENT MANDATE,582472605672,"9,000.00",,284913.66
09-01-2026,POS BRAND FACTORY PATNA,874340192995,"6,900.66",,278013.00
09-01-2026,UPI/DR/940525192201/Krishna/BKID/krishnabane12@aubank/UPI,425985706014,"18,450.00",,259563.00
09-01-2026,UPI/DR/957415159954/Dunzo/ICICI/dunzo@razorpay/UPI,706021974191,"1,430.41",,258132.59
10-01-2026,UPI/DR/092905540837/Prashant/BDBL/prashant.nair@pthdfc/UPI,276476689096,"4,900.80",,253231.79
10-01-2026,UPI/DR/018354904956/Swiggy/ICICI/swiggy@icici/UPI,196601014812,510.63,,252721.16
12-01-2026,ATM CASH WITHDRAWAL/37445/PATNA,247609713431,"5,500.00",,247221.16
15-01-2026,UPI/DR/378252529196/Indane/ICICI/indanegas@upi/UPI,363108102622,"2,750.69",,244470.47
15-01-2026,UPI/DR/559730136573/Rapido/PAYTM/rapido@icici/UPI,308193298644,630.51,,243839.96
15-01-2026,UPI/DR/196444439781/Airtel/PAYTM/airtel@axis/UPI,682859320952,229.00,,243610.96
16-01-2026,UPI/DR/140159939308/Mohan/HDFC/mohan.dubey@pthdfc/UPI,624523327668,"11,900.88",,231710.08
16-01-2026,UPI/DR/003017101308/IRCTC/ICICI/irctc@upi/UPI,651440487866,999.00,,230711.08
17-01-2026,UPI/CR/835278929261/Anjali/UTIB/anjalinair78@kotak/UPI,695269678319,,"10,700.71",241411.79
17-01-2026,UPI/DR/567907843787/Airtel/PAYTM/airtel@axis/UPI,720276470491,219.00,,241192.79
17-01-2026,NACH/MANDATE/SIP5604556/Axis Mutual Fund,403143353155,"9,000.00",,232192.79
17-01-2026,UPI/DR/042343743772/MakeMyTrip/ICICI/makemytrip@axisbank/UPI,475436247810,549.00,,231643.79
19-01-2026,UPI/CR/041576151669/Brijesh/UCBA/brijesh.rao@apl/UPI,027010253715,,"18,650.62",250294.41
20-01-2026,UPI/DR/024430959732/CESC/UPIN/cescpayment@upi/UPI,951605509364,650.45,,249643.96
20-01-2026,POS RELIANCE MART PATNA,812571059340,"7,750.79",,241893.17
20-01-2026,UPI/DR/386258251472/Flipkart/ICICI/flipkart@ybl/UPI,408763240249,"1,560.83",,240332.34
20-01-2026,UPI/DR/713963001332/Naresh/BDBL/0781039438@aubank/UPI,602215619292,"20,300.97",,220031.37
21-01-2026,POS INDIAN OIL PATNA,339552999935,"1,750.22",,218281.15
21-01-2026,UPI/DR/796394860423/Uber/PAYTM/uber@paytm/UPI,572435630842,700.30,,217580.85
22-01-2026,UPI/DR/294815009764/Uber/ICICI/uber@paytm/UPI,414822724180,"2,570.74",,215010.11
22-01-2026,POS PANTALOONS PATNA,925811673299,850.32,,214159.79
22-01-2026,UPI/DR/549757740823/Zepto/ICICI/zepto@apl/UPI,141391782456,760.36,,213399.43
22-01-2026,UPI/DR/055641265326/Zepto/ICICI/zepto@apl/UPI,123073842209,"2,600.53",,210798.90
24-01-2026,POS HP PETROL PUMP PATNA,257578324532,"1,100.53",,209698.37
24-01-2026,POS D MART PATNA,887408687597,"8,050.93",,201647.44
24-01-2026,UPI/DR/315584052375/BSNL/RAZORPAY/broadband@paytm/UPI,871947974278,299.00,,201348.44
25-01-2026,POS RELIANCE PETROLEUM PATNA,365469609598,"2,350.45",,198997.99
26-01-2026,UPI/CR/120722420971/Kiran/UTIB/kiran.gupta@upi/UPI,012774986705,,"9,400.34",208398.33
27-01-2026,UPI/DR/953165520487/Nykaa/PAYTM/nykaa@razorpay/UPI,132236312693,"5,050.55",,203347.78
28-01-2026,UPI/DR/443118770465/Jio/ICICI/jio@paytm/UPI,408433219008,"2,770.99",,200576.79
29-01-2026,UPI/DR/021838551260/Kavita/FDRL/kavita830@paytm/UPI,763765045676,"10,950.79",,189626.00
29-01-2026,UPI/DR/966311658584/Rapido/PAYTM/rapido@icici/UPI,471861749020,900.13,,188725.87
29-01-2026,IMPS/P2M/152583731256//Nikhil Ghosh/KKBK,344025766508,"8,100.07",,180625.80
31-01-2026,UPI/CR/558511398043/Radha/SBIN/1587264570@okhdfcbank/UPI,255174140800,,"17,200.68",197826.48
01-02-2026,UPI/DR/773760769734/1mg/ICICI/tatahealth@icici/UPI,321639312283,"2,700.31",,195126.17
01-02-2026,UPI/DR/709879633145/Manoj/SBIN/manoj504@kotak/UPI,724887603240,"9,350.01",,185776.16
02-02-2026,UPI/DR/504979817440/Pooja/HDFC/pooja.shukla@ibl/UPI,024839008007,"12,400.38",,173375.78
04-02-2026,UPI/DR/815677627433/Airtel/PAYTM/airtel@axis/UPI,748009491845,729.00,,172646.78
04-02-2026,UPI/DR/703784114011/Lata/BARB/0366594577@pthdfc/UPI,831712004419,"18,150.65",,154496.13
05-02-2026,UPI/DR/439468532507/Airtel/PAYTM/airtel@axis/UPI,828118008658,229.00,,154267.13
05-02-2026,UPI/DR/108126824349/Ola/ICICI/olamoney@ola/UPI,044580754463,920.96,,153346.17
05-02-2026,POS PANTALOONS PATNA,075304383068,"3,250.37",,150095.80
06-02-2026,UPI/DR/757477755088/Zepto/ICICI/zepto@apl/UPI,836603747399,"1,830.14",,148265.66
06-02-2026,UPI/CR/111751021290/Rohit/KKBK/1609924319@aubank/UPI,419937279430,,"10,350.98",158616.64
06-02-2026,UPI/DR/659550753594/Ravi/KKBK/ravi239@ptyes/UPI,960337201279,"20,500.08",,138116.56
07-02-2026,SALARY CREDIT/S1219193125530/Raymond Ltd,866609683513,,"126,037.81",264154.37
07-02-2026,UPI/CR/044146181542/Sarita/HDFC/saritanair16@pthdfc/UPI,277086910768,,"12,350.20",276504.57
07-02-2026,UPI/DR/912331405812/Krishna/UCBA/4029604055@aubank/UPI,015263111859,"12,450.71",,264053.86
08-02-2026,UPI/CR/944492412324/Kamal/HDFC/2883657864@upi/UPI,073531119851,,"3,450.82",267504.68
08-02-2026,POS V MART PATNA,227917459972,"8,500.69",,259003.99
09-02-2026,UPI/CR/169663958042/Santosh/SBIN/santoshgupt93@ibl/UPI,899064508315,,"16,450.71",275454.70
09-02-2026,UPI/DR/493038151167/Archana/SBIN/archana328@okhdfcbank/UPI,076632421749,"1,450.24",,274004.46
09-02-2026,ATM CASH WITHDRAWAL/67282/PATNA,889923059134,"4,000.00",,270004.46
10-02-2026,UPI/DR/695638759053/Manoj/BARB/manojkuma10@okicici/UPI,648237348288,"13,000.02",,257004.44
10-02-2026,UPI/DR/465986378394/CESC/UPIN/cescpayment@upi/UPI,687047981220,"1,350.74",,255653.70
10-02-2026,UPI/DR/313616474701/Dunzo/ICICI/dunzo@razorpay/UPI,175615376687,"1,910.83",,253742.87
10-02-2026,NACH/MANDATE/RNT6196263/RENT MANDATE,917449030196,"9,000.00",,244742.87
11-02-2026,UPI/DR/904444597760/Rapido/PAYTM/rapido@icici/UPI,512967677436,690.65,,244052.22
11-02-2026,UPI/DR/111149715364/Aditya/LICI/licindia@licindia/UPI,948424312497,"5,400.00",,238652.22
11-02-2026,UPI/DR/435546728495/Indane/ICICI/indanegas@upi/UPI,289444354128,"2,000.13",,236652.09
12-02-2026,UPI/DR/129347512371/Airtel/PAYTM/airtel@axis/UPI,016794259285,569.00,,236083.09
12-02-2026,NACH/MANDATE/SIP9581269/Axis Mutual Fund,454412125905,"9,000.00",,227083.09
13-02-2026,IMPS/P2M/104046651981//Preeti Nair/BKID,651224113770,"41,100.88",,185982.21
13-02-2026,UPI/CR/795232507681/Mohit/UCBA/mohit.jain@ybl/UPI,794466142825,,250.32,186232.53
14-02-2026,UPI/DR/765927996530/Zomato/ICICI/zomato@axisbank/UPI,787110473060,340.45,,185892.08
14-02-2026,POS STAR BAZAAR PATNA,224804162084,"3,900.66",,181991.42
15-02-2026,UPI/CR/201811484657/Arun/SBIN/arundutt84@okicici/UPI,821132642795,,"13,700.49",195691.91
15-02-2026,UPI/DR/959754788082/Flipkart/ICICI/flipkart@ybl/UPI,008525135457,"2,130.11",,193561.80
18-02-2026,UPI/DR/900870111048/Amazon/PAYTM/amazon@apl/UPI,892012318385,"5,400.28",,188161.52
19-02-2026,UPI/DR/623944626095/Nykaa/ICICI/nykaa@razorpay/UPI,659865610558,599.00,,187562.52
21-02-2026,UPI/DR/207497692619/Rekha/HDFC/rekhagupt90@axl/UPI,312559923474,"1,300.10",,186262.42
21-02-2026,UPI/DR/121455918079/Uber/PAYTM/uber@paytm/UPI,728294951486,600.52,,185661.90
22-02-2026,UPI/DR/923079589642/Abhishek/PUNB/abhishek950@upi/UPI,790765264279,"8,850.12",,176811.78
23-02-2026,UPI/DR/570082761435/Deepak/BDBL/2093496362@ptsbi/UPI,557228336394,"9,800.90",,167010.88
23-02-2026,UPI/DR/663548030067/BigBasket/ICICI/bigbasket@ybl/UPI,187584421860,"2,410.98",,164599.90
24-02-2026,UPI/DR/177144257815/Airtel/PAYTM/airtel@axis/UPI,508526060463,409.00,,164190.90
25-02-2026,UPI/DR/810051813885/Meesho/PAYTM/meesho@ybl/UPI,079206996374,450.01,,163740.89
25-02-2026,POS SHELL FUEL STATION PATNA,454069220736,"2,100.28",,161640.61
26-02-2026,UPI/DR/448576935974/Sunil/PUNB/sunil.mehta@oksbi/UPI,276559738340,"16,150.33",,145490.28
26-02-2026,POS MORE SUPER MARKET PATNA,572985918007,"7,600.00",,137890.28
27-02-2026,POS BHARAT PETROLEUM PATNA,589606805664,"2,050.12",,135840.16
27-02-2026,POS MAX FASHION PATNA,282034945810,"1,300.80",,134539.36
27-02-2026,ATM CASH WITHDRAWAL/76425/PATNA,599668639842,"1,000.00",,133539.36
28-02-2026,UPI/CR/410447062421/Sunil/BKID/sunil.ahuja@aubank/UPI,211625089516,,"21,800.27",155339.63
28-02-2026,ATM CASH WITHDRAWAL/31470/PATNA,003431926006,"9,000.00",,146339.63
28-02-2026,UPI/DR/177096592707/Airtel/PAYTM/airtel@axis/UPI,830487170132,819.00,,145520.63
28-02-2026,UPI/DR/260568445576/Uber/ICICI/uber@paytm/UPI,653314600835,"1,280.43",,144240.20
28-02-2026,POS SHOPPERS STOP PATNA,146748852360,600.35,,143639.85
28-02-2026,UPI/DR/585876850570/Ola/PAYTM/olamoney@ola/UPI,162183383292,290.96,,143348.89
01-03-2026,UPI/CR/674129834417/Meena/FDRL/meenameno49@ptyes/UPI,817612521793,,"12,700.56",156049.45
01-03-2026,UPI/DR/263686800870/Anjali/BARB/anjalijain92@ibl/UPI,733900650254,"4,200.81",,151848.64
02-03-2026,UPI/DR/427548332832/Amazon/ICICI/amazon@apl/UPI,022063871347,"1,720.54",,150128.10
02-03-2026,UPI/DR/047464106191/Hotstar/ICICI/hotstar@hdfcbank/UPI,515267355073,949.00,,149179.10
02-03-2026,UPI/DR/060913051594/Zomato/ICICI/zomato@axisbank/UPI,725680847865,"2,080.23",,147098.87
03-03-2026,UPI/DR/303857433884/Ola/PAYTM/olamoney@ola/UPI,572413196050,560.39,,146538.48
03-03-2026,UPI/DR/175347545511/Neha/UCBA/neha525@okicici/UPI,214055145469,"8,550.69",,137987.79
03-03-2026,IMPS/P2M/995374308256//Dinesh Chopra/UTIB,480268856589,"18,600.55",,119387.24
03-03-2026,UPI/DR/028678719893/Zepto/ICICI/zepto@apl/UPI,404211771473,"2,220.14",,117167.10
04-03-2026,UPI/DR/295539524983/Airtel/PAYTM/airtel@axis/UPI,725377151182,959.00,,116208.10
04-03-2026,UPI/DR/313559664042/Airtel/PAYTM/airtel@axis/UPI,465985998243,649.00,,115559.10
05-03-2026,UPI/DR/349547982863/Ola/ICICI/olamoney@ola/UPI,108120712061,"2,470.34",,113088.76
05-03-2026,UPI/DR/553130014153/Prashant/BKID/3452840534@ybl/UPI,528493019188,"19,350.80",,93737.96
05-03-2026,UPI/DR/516288096567/Babita/UTIB/babitakhan78@paytm/UPI,792813812740,"10,300.16",,83437.80
06-03-2026,UPI/DR/042577734576/Airtel/PAYTM/airtel@axis/UPI,673215938936,689.00,,82748.80
07-03-2026,POS LIFESTYLE STORES PATNA,487095738061,"8,400.56",,74348.24
07-03-2026,POS SHELL FUEL STATION PATNA,628102608975,"3,700.69",,70647.55
07-03-2026,UPI/DR/233893224633/BSNL/ICICI/bsnlbroadband@upi/UPI,795760103685,"2,050.47",,68597.08
07-03-2026,SALARY CREDIT/S1506458304041/Raymond Ltd,165356797089,,"127,710.81",196307.89
08-03-2026,UPI/DR/765769155113/BSNL/ICICI/bsnlbroadband@upi/UPI,129603022765,"2,060.98",,194246.91
10-03-2026,UPI/DR/835546688924/Seema/UCBA/seema.iyer@paytm/UPI,585175159793,"18,250.33",,175996.58
10-03-2026,UPI/CR/038309325886/Rohit/BKID/rohit328@ptyes/UPI,326132699732,,"14,500.24",190496.82
11-03-2026,NACH/MANDATE/RNT6333261/RENT MANDATE,035512195842,"9,000.00",,181496.82
11-03-2026,UPI/DR/875897807801/Varun/PUNB/varun.rao@apl/UPI,982664939063,"14,900.07",,166596.75
12-03-2026,POS LIFESTYLE STORES PATNA,971639296047,"1,050.77",,165545.98
12-03-2026,UPI/DR/194881525533/Aditya/LICI/licindia@licindia/UPI,668447410327,"5,400.00",,160145.98
13-03-2026,UPI/DR/096772809809/Mahesh/FDRL/maheshsen81@paytm/UPI,803506143435,"1,700.94",,158445.04
13-03-2026,UPI/DR/130226551518/Ola/PAYTM/olamoney@ola/UPI,071283580359,840.07,,157604.97
13-03-2026,UPI/DR/222737601511/Airtel/PAYTM/airtel@axis/UPI,323456338963,849.00,,156755.97
14-03-2026,UPI/DR/430999578507/Ola/PAYTM/olamoney@ola/UPI,040613575696,800.14,,155955.83
14-03-2026,UPI/DR/726309452022/Vikas/UCBA/8629492384@aubank/UPI,424658681011,"8,700.10",,147255.73
16-03-2026,UPI/DR/591749568849/Indane/ICICI/indanegas@upi/UPI,130760345128,"1,750.08",,145505.65
16-03-2026,POS HP PETROL PUMP PATNA,783945424311,"4,150.23",,141355.42
16-03-2026,UPI/DR/301280306716/CESC/UPIN/cescpayment@upi/UPI,424749571815,"2,300.21",,139055.21
17-03-2026,POS PANTALOONS PATNA,562537850117,"2,150.03",,136905.18
17-03-2026,UPI/DR/018323116326/Shreya/BARB/shreya.shukla@oksbi/UPI,365899480851,400.75,,136504.43
17-03-2026,NACH/MANDATE/SIP1138209/Axis Mutual Fund,212606180466,"9,000.00",,127504.43
18-03-2026,UPI/DR/005555058884/BSNL/RAZORPAY/broadband@paytm/UPI,614607243475,899.00,,126605.43
19-03-2026,UPI/DR/179246959921/Gaurav/PUNB/gauravghos33@ptaxis/UPI,521362073425,500.53,,126104.90
19-03-2026,UPI/DR/497192013665/MedPlus/ICICI/medplus@icici/UPI,433576967814,"2,520.02",,123584.88
19-03-2026,POS METRO CASH CARRY PATNA,215730025133,"2,500.05",,121084.83
19-03-2026,UPI/DR/170447671532/Ola/ICICI/olamoney@ola/UPI,148250141776,490.80,,120594.03
20-03-2026,UPI/CR/179463461952/Abhishek/PUNB/8704844902@pthdfc/UPI,104155619588,,"18,200.66",138794.69
20-03-2026,UPI/CR/789244819199/Shreya/BKID/shreya536@okhdfcbank/UPI,623789254364,,"1,300.16",140094.85
21-03-2026,ATM CASH WITHDRAWAL/95562/PATNA,266711675767,"8,500.00",,131594.85
21-03-2026,UPI/DR/820418932516/Poonam/BARB/poonam383@ibl/UPI,485070854344,"17,900.89",,113693.96
21-03-2026,UPI/DR/328407630975/Meesho/PAYTM/meesho@ybl/UPI,976983071685,"1,100.21",,112593.75
21-03-2026,UPI/DR/960550243466/Jio/ICICI/jio@paytm/UPI,000075760230,980.96,,111612.79
21-03-2026,UPI/CR/848590291159/Kavya/UTIB/kavya982@okicici/UPI,152638400800,,"18,300.91",129913.70
24-03-2026,UPI/DR/246117228816/Flipkart/PAYTM/flipkart@ybl/UPI,083300322973,"1,550.02",,128363.68
25-03-2026,UPI/CR/712243734908/Anjali/HDFC/anjali483@ptaxis/UPI,144896592047,,"21,100.05",149463.73
25-03-2026,UPI/DR/199294558814/Mahesh/BDBL/mahesh257@aubank/UPI,727361285735,"13,400.17",,136063.56
25-03-2026,UPI/DR/407030946985/Swiggy/ICICI/swiggy@icici/UPI,662442877312,"2,560.45",,133503.11
26-03-2026,UPI/DR/474739986098/Uber/PAYTM/uber@paytm/UPI,220699066553,260.06,,133243.05
28-03-2026,UPI/DR/172960085191/Ravi/SBIN/ravikapo50@upi/UPI,101444644539,"17,250.52",,115992.53
28-03-2026,INTEREST CREDIT,390103633318,,920.08,116912.61
28-03-2026,UPI/DR/359666096126/Nykaa/PAYTM/nykaa@razorpay/UPI,123979704554,"5,300.34",,111612.27
28-03-2026,UPI/DR/586117546357/Jio/ICICI/jio@paytm/UPI,096977460111,790.58,,110821.69
29-03-2026,UPI/CR/739361276034/Archana/KKBK/archana574@upi/UPI,546344040513,,"20,750.85",131572.54
29-03-2026,UPI/DR/159091517634/Divya/KKBK/divyathap32@ptsbi/UPI,101893466644,"21,300.91",,110271.63
29-03-2026,ATM CASH WITHDRAWAL/27914/PATNA,413535533859,"8,500.00",,101771.63
29-03-2026,UPI/DR/077940470076/Uber/PAYTM/uber@paytm/UPI,524932423277,140.60,,101631.03
30-03-2026,UPI/DR/931665150579/Ola/ICICI/olamoney@ola/UPI,165338716261,"2,490.23",,99140.80
30-03-2026,POS HP PETROL PUMP PATNA,999579569744,"3,500.47",,95640.33
31-03-2026,UPI/DR/238123192345/Renu/FDRL/renu.iyer@ptyes/UPI,187515819629,"9,600.42",,86039.91
01-04-2026,UPI/DR/294393347064/Jio/ICICI/jio@paytm/UPI,508109457734,"2,000.01",,84039.90
04-04-2026,UPI/DR/177340081370/Prashant/BARB/prashant423@ptsbi/UPI,218224881584,"7,550.18",,76489.72
05-04-2026,UPI/DR/587293371602/Swiggy/ICICI/swiggy@icici/UPI,617505045272,790.87,,75698.85
05-04-2026,UPI/DR/229984555993/Paytm/ICICI/paytm@paytm/UPI,704422142896,"1,320.29",,74378.56
06-04-2026,POS PANTALOONS PATNA,168956998425,"2,800.04",,71578.52
07-04-2026,UPI/DR/132863482804/Jio/ICICI/jio@paytm/UPI,471809392718,"1,690.87",,69887.65
07-04-2026,SALARY CREDIT/S6117661724306/Raymond Ltd,167380993257,,"126,085.81",195973.46
08-04-2026,UPI/DR/162693598576/BSNL/ICICI/bsnlbroadband@upi/UPI,545940989099,"2,470.95",,193502.51
08-04-2026,UPI/DR/295291795925/Flipkart/ICICI/flipkart@ybl/UPI,654048465172,310.82,,193191.69
09-04-2026,NACH/MANDATE/RNT9261897/RENT MANDATE,210799058460,"9,000.00",,184191.69
09-04-2026,UPI/DR/053160464315/Swiggy/ICICI/swiggy@icici/UPI,155438770909,260.10,,183931.59
09-04-2026,UPI/DR/829506363747/Aditya/LICI/licindia@licindia/UPI,826226962204,"5,400.00",,178531.59
10-04-2026,UPI/CR/433127819731/Jyoti/KKBK/4814306510@apl/UPI,772991622934,,"7,050.97",185582.56
11-04-2026,NACH/MANDATE/SIP4353087/Axis Mutual Fund,372028991317,"9,000.00",,176582.56
11-04-2026,ATM CASH WITHDRAWAL/55463/PATNA,140914883175,"7,000.00",,169582.56
12-04-2026,UPI/DR/010745717052/Pankaj/BDBL/pankajdesa25@ptsbi/UPI,001542971654,"13,150.99",,156431.57
12-04-2026,UPI/DR/965530057483/Ola/PAYTM/olamoney@ola/UPI,261860647752,390.89,,156040.68
13-04-2026,UPI/DR/201864654761/Ola/PAYTM/olamoney@ola/UPI,098210099663,190.47,,155850.21
14-04-2026,UPI/CR/237054635067/Naresh/KKBK/naresh.tiwari@aubank/UPI,282638080526,,"19,750.56",175600.77
14-04-2026,UPI/DR/023337122888/Nykaa/ICICI/nykaa@razorpay/UPI,177571607771,599.00,,175001.77
15-04-2026,UPI/DR/672812609215/Airtel/PAYTM/airtel@axis/UPI,935123049143,889.00,,174112.77
17-04-2026,UPI/DR/904555267164/Amazon/PAYTM/amazon@apl/UPI,616650463671,"5,500.75",,168612.02
18-04-2026,NEFT/N8840790214839/Arvind Ltd,592238250918,,"6,500.50",175112.52
18-04-2026,UPI/CR/147721602876/Sneha/PUNB/sneha.pillai@ptsbi/UPI,558041978475,,"12,850.38",187962.90
18-04-2026,UPI/DR/358884232620/CESC/UPIN/cescpayment@upi/UPI,724897754210,"3,000.15",,184962.75
19-04-2026,POS MAX FASHION PATNA,699493197050,"6,850.44",,178112.31
20-04-2026,ATM CASH WITHDRAWAL/08875/PATNA,111456726275,"3,000.00",,175112.31
21-04-2026,UPI/DR/836877480217/BSNL/RAZORPAY/broadband@paytm/UPI,275608791347,"1,049.00",,174063.31
21-04-2026,UPI/DR/779718300914/Nykaa/ICICI/nykaa@razorpay/UPI,704695823747,899.00,,173164.31
21-04-2026,UPI/DR/874383671361/Dunzo/ICICI/dunzo@razorpay/UPI,810414214060,"1,480.32",,171683.99
23-04-2026,UPI/DR/965727576800/Flipkart/ICICI/flipkart@ybl/UPI,788383620578,310.44,,171373.55
23-04-2026,POS V MART PATNA,047878046229,"6,250.66",,165122.89
23-04-2026,UPI/DR/168592798303/Kavya/BDBL/kavya.bajaj@apl/UPI,057584304350,"19,650.40",,145472.49
24-04-2026,POS INDIAN OIL PATNA,701397275931,"1,150.21",,144322.28
24-04-2026,POS MORE SUPER MARKET PATNA,488449373957,"3,450.13",,140872.15
25-04-2026,ATM CASH WITHDRAWAL/56620/PATNA,154852197766,"6,500.00",,134372.15
25-04-2026,UPI/DR/416953333584/Swiggy/ICICI/swiggy@icici/UPI,336960176624,"1,080.42",,133291.73
25-04-2026,ATM CASH WITHDRAWAL/65128/PATNA,505681603952,"3,000.00",,130291.73
26-04-2026,UPI/DR/249937249707/Indane/ICICI/indanegas@upi/UPI,251559617690,"1,800.75",,128490.98
26-04-2026,POS HP PETROL PUMP PATNA,039433176352,"2,400.88",,126090.10
27-04-2026,POS MAX FASHION PATNA,275107293367,900.02,,125190.08
27-04-2026,ATM CASH WITHDRAWAL/56348/PATNA,896652105058,"3,500.00",,121690.08
28-04-2026,UPI/CR/996499917170/Sunil/PUNB/sunil682@upi/UPI,231287801431,,900.67,122590.75
28-04-2026,UPI/DR/615891976176/Swiggy/ICICI/swiggy@icici/UPI,440217908985,460.97,,122129.78
28-04-2026,UPI/CR/047477945598/Sumit/BDBL/sumit252@ibl/UPI,967943597844,,"18,250.85",140380.63
28-04-2026,UPI/DR/516784992406/Nikhil/KKBK/nikhilnaik80@oksbi/UPI,313015561243,"16,800.53",,123580.10
28-04-2026,UPI/DR/456938247951/BigBasket/ICICI/bigbasket@ybl/UPI,345606677113,"1,380.53",,122199.57
29-04-2026,UPI/DR/356340087835/Airtel/PAYTM/airtel@axis/UPI,144151207938,379.00,,121820.57
29-04-2026,UPI/DR/716636189537/Uber/PAYTM/uber@paytm/UPI,395317197452,120.78,,121699.79
29-04-2026,UPI/DR/604581750549/Mahesh/BKID/0317035663@upi/UPI,338543945447,"11,150.13",,110549.66
30-04-2026,UPI/DR/272149330963/Ola/ICICI/olamoney@ola/UPI,357963301981,750.05,,109799.61
30-04-2026,UPI/DR/131791995979/Rakesh/PUNB/rakeshkhan86@ptaxis/UPI,686154177557,"8,100.77",,101698.84
01-05-2026,TRANSACTION CHARGES,910641375919,350.00,,101348.84
01-05-2026,POS RELIANCE MART PATNA,560972799357,"2,750.64",,98598.20
01-05-2026,UPI/DR/416751204842/Ola/ICICI/olamoney@ola/UPI,282288139216,"1,450.78",,97147.42
01-05-2026,POS STAR BAZAAR PATNA,937443574396,"5,700.87",,91446.55
01-05-2026,GST ON CHARGES,827786844361,63.00,,91383.55
01-05-2026,UPI/DR/987739207330/Suresh/HDFC/suresh.joshi@aubank/UPI,214526497544,"12,250.75",,79132.80
01-05-2026,POS MAX FASHION PATNA,151772790587,"3,050.62",,76082.18
02-05-2026,UPI/DR/810291565340/Dunzo/ICICI/dunzo@razorpay/UPI,204617551113,"1,710.63",,74371.55
02-05-2026,UPI/CR/569048326611/Naveen/PUNB/naveen239@ibl/UPI,020957191148,,"18,900.56",93272.11
03-05-2026,UPI/DR/090516324064/Ola/PAYTM/olamoney@ola/UPI,732172475972,430.28,,92841.83
03-05-2026,ATM CASH WITHDRAWAL/15485/PATNA,266275676819,"4,000.00",,88841.83
04-05-2026,ATM CASH WITHDRAWAL/25840/PATNA,990766437070,"5,500.00",,83341.83
04-05-2026,UPI/DR/790784733335/Rapido/PAYTM/rapido@icici/UPI,978990154988,430.24,,82911.59
04-05-2026,UPI/DR/662181610005/Tarun/KKBK/tarun301@okhdfcbank/UPI,630865355399,"19,500.03",,63411.56
05-05-2026,UPI/DR/391971302813/MedPlus/ICICI/medplus@icici/UPI,242870417829,760.65,,62650.91
06-05-2026,UPI/DR/824844216170/Blinkit/ICICI/blinkit@kotak/UPI,717386813138,960.22,,61690.69
06-05-2026,POS SHOPPERS STOP PATNA,793491537301,"7,250.39",,54440.30
06-05-2026,POS BHARAT PETROLEUM PATNA,556023979367,"4,050.34",,50389.96
06-05-2026,UPI/DR/535032621391/Flipkart/PAYTM/flipkart@ybl/UPI,782069729652,"5,650.82",,44739.14
06-05-2026,UPI/DR/710149696579/Airtel/PAYTM/airtel@axis/UPI,200484273265,539.00,,44200.14
07-05-2026,SALARY CREDIT/S8010747768134/Raymond Ltd,731514325373,,"128,083.81",172283.95
07-05-2026,POS VISHAL MEGA MART PATNA,481386993909,"8,150.36",,164133.59
08-05-2026,POS LIFESTYLE STORES PATNA,807107499720,"3,300.40",,160833.19
08-05-2026,UPI/DR/983558229235/Spotify/ICICI/spotify@icici/UPI,999564940319,599.00,,160234.19
09-05-2026,UPI/DR/846277263408/Zomato/ICICI/zomato@axisbank/UPI,919802209909,"1,360.42",,158873.77
09-05-2026,POS MAX FASHION PATNA,045602411805,500.87,,158372.90
09-05-2026,UPI/DR/445003097943/Mahesh/UCBA/mahesh.pillai@axl/UPI,023029471940,"10,500.08",,147872.82
09-05-2026,NACH/MANDATE/RNT7790853/RENT MANDATE,462517223955,"9,000.00",,138872.82
09-05-2026,UPI/CR/592945165551/Dinesh/KKBK/6656108421@pthdfc/UPI,107270796108,,"4,500.29",143373.11
09-05-2026,UPI/DR/829560706569/Kavita/FDRL/kavita606@kotak/UPI,161876618689,"20,000.37",,123372.74
