Bank Name,HDFC BANK LTD
Account Number,92626656155172
Account Holder Name,LATA MUKHERJEE
Branch,SATELLITE
IFSC Code,HDFC0833125
Statement Period,01-12-2024 To 09-05-2026

Date,Description,Ref/ChequeNo,Debit,Credit,Balance
01/12/24,SALARY-S8852834554327/NEFT/Madura Garments Pvt Ltd,586097851286,,"129,770.20",640073.73
02/12/24,UPI-Mohan Rao-mohan.rao@axl-073833472269-DR VIA UPI,763363088470,"17,450.12",,622623.61
02/12/24,ECS-NACH-RNT8012041-RENT MANDATE,259323986409,"27,000.00",,595623.61
02/12/24,UPI-Mohan Chatterjee-mohan461@okicici-425145043811-DR VIA UPI,082161011907,"5,600.82",,590022.79
03/12/24,UPI-Blinkit-blinkit@kotak-004795206960-DR VIA UPI,246366583024,"2,530.86",,587491.93
03/12/24,UPI-Himanshu Sharma-himanshu627@paytm-756799013435-CR VIA UPI,494740691587,,"10,700.50",598192.43
03/12/24,UPI-Mohan Agarwal-mohan.agarwal@ibl-736431046049-CR VIA UPI,063980202526,,"17,500.81",615693.24
03/12/24,UPI-Ola Cabs-olamoney@ola-045871550776-DR VIA UPI,628687832570,990.65,,614702.59
04/12/24,UPI-Jio Recharge-airtel@axis-956738741885-DR VIA UPI,305158173504,349.00,,614353.59
04/12/24,UPI-Jio Recharge-airtel@axis-199801470876-DR VIA UPI,297435303319,889.00,,613464.59
05/12/24,UPI-Amit Mukherjee-amit.mukherjee@ibl-760718588978-DR VIA UPI,378718433916,"16,050.34",,597414.25
05/12/24,UPI-Uber India-uber@paytm-206696522847-DR VIA UPI,675894483608,480.17,,596934.08
06/12/24,UPI-Rajan Patil-rajan400@pthdfc-044226785637-DR VIA UPI,878190033126,"18,500.59",,578433.49
06/12/24,UPI-Jyoti Thapar-jyoti379@okaxis-635526979778-DR VIA UPI,809242910051,"4,500.28",,573933.21
06/12/24,UPI-Ola Cabs-olamoney@ola-788240775753-DR VIA UPI,424334283253,760.08,,573173.13
09/12/24,UPI-Rapido-rapido@icici-941120385884-DR VIA UPI,396662476169,620.30,,572552.83
09/12/24,UPI-Babita Pillai-babita884@apl-644192939887-CR VIA UPI,139418502195,,"20,400.71",592953.54
10/12/24,UPI-Uber India-uber@paytm-036339265857-DR VIA UPI,970931020401,360.93,,592592.61
10/12/24,UPI-Meesho-meesho@ybl-408287373176-DR VIA UPI,645835245845,"4,400.66",,588191.95
10/12/24,UPI-Uber India-uber@paytm-750805494087-DR VIA UPI,288288372272,390.15,,587801.80
12/12/24,UPI-Tata AIA Life-licindia@licindia-965440357944-DR VIA UPI,192441010387,"5,300.00",,582501.80
12/12/24,UPI-Flipkart-flipkart@ybl-180702336625-DR VIA UPI,645195112492,490.62,,582011.18
13/12/24,UPI-Kapil Ghosh-kapil.ghosh@apl-740439078503-DR VIA UPI,138336301442,"16,650.98",,565360.20
13/12/24,UPI-Meesho-meesho@ybl-091985449951-DR VIA UPI,316641868701,"1,850.17",,563510.03
13/12/24,POS MORE SUPER MARKET NOIDA,254423262317,"4,700.17",,558809.86
14/12/24,UPI-Kapil Kulkarni-kapil131@aubank-444550476299-DR VIA UPI,677493752392,"18,950.09",,539859.77
15/12/24,UPI-Naveen Khanna-naveenkhan53@paytm-610232327756-DR VIA UPI,065904694921,"18,900.56",,520959.21
15/12/24,UPI-Indane Gas-indanegas@upi-014207263361-DR VIA UPI,662807127863,"2,600.27",,518358.94
16/12/24,POS INDIAN OIL NOIDA,576270655079,"3,150.31",,515208.63
16/12/24,ECS-NACH-SIP2546046-Axis Mutual Fund,698239654071,"2,000.00",,513208.63
16/12/24,UPI-KSEB-ksebpayment@upi-047004058157-DR VIA UPI,361562846482,"3,250.59",,509958.04
17/12/24,UPI-Paytm Mall-paytm@paytm-635618314642-DR VIA UPI,264698919158,"1,040.76",,508917.28
17/12/24,POS STAR BAZAAR NOIDA,763935809173,"8,200.58",,500716.70
17/12/24,UPI-Gaurav Bajaj-gauravbaja80@ptyes-306516710932-DR VIA UPI,013244533462,"7,400.59",,493316.11
18/12/24,POS MORE SUPER MARKET NOIDA,812182738812,"7,300.37",,486015.74
18/12/24,UPI-Himanshu Pandey-himanshu.pandey@paytm-961447119794-DR VIA UPI,191433739452,"17,400.90",,468614.84
19/12/24,UPI-BSNL Broadband-broadband@paytm-122411639996-DR VIA UPI,631516043013,"1,249.00",,467365.84
19/12/24,UPI-Geeta Nambiar-geetanamb32@kotak-863853852457-CR VIA UPI,869442270000,,"21,500.95",488866.79
20/12/24,ATW-XXXXXX7274-WJC57598-NOIDA 825984369426,835154696844,"2,500.00",,486366.79
20/12/24,UPI-Deepa Reddy-deeparedd97@ibl-855353108817-DR VIA UPI,304109191419,"2,550.18",,483816.61
20/12/24,UPI-Jio Recharge-airtel@axis-969623579783-DR VIA UPI,686818608911,599.00,,483217.61
21/12/24,UPI-Archana Patel-archana.patel@ybl-351960879792-CR VIA UPI,676578497897,,"13,550.61",496768.22
21/12/24,UPI-Maya Jain-maya875@ptyes-549714494369-DR VIA UPI,891402716608,"10,250.36",,486517.86
21/12/24,UPI-Ola Cabs-olamoney@ola-636687459341-DR VIA UPI,056922960439,400.42,,486117.44
21/12/24,ATW-XXXXXX4269-EOH28530-NOIDA 659531412181,996610524125,"9,000.00",,477117.44
22/12/24,UPI-Priya Chaudhary-priya.chaudhary@okhdfcbank-405408498386-CR VIA UPI,882499467970,,"4,500.81",481618.25
23/12/24,UPI-BigBasket-bigbasket@ybl-315933203839-DR VIA UPI,402789303631,"1,160.84",,480457.41
23/12/24,IMPS-417794837596-Brijesh Mishra-BKID-XXXXXXX0437-IMPSTXN,671021360183,"11,500.14",,468957.27
24/12/24,POS INDIAN OIL NOIDA,201462112006,"2,650.78",,466306.49
24/12/24,UPI-Ritu Kulkarni-ritu338@ptaxis-722692598401-CR VIA UPI,341257820647,,"7,400.44",473706.93
24/12/24,ATW-XXXXXX1373-SCW54397-NOIDA 264059831000,515379782744,"5,000.00",,468706.93
24/12/24,UPI-Sunil Banerjee-5725514875@oksbi-752964016410-DR VIA UPI,015476413312,550.56,,468156.37
25/12/24,ATW-XXXXXX8385-FZJ45493-NOIDA 191038957881,341406071322,"6,000.00",,462156.37
25/12/24,UPI-Flipkart-flipkart@ybl-378482040518-DR VIA UPI,965651536801,"2,150.79",,460005.58
25/12/24,UPI-Akash Desai-akashdesa87@okhdfcbank-462834945925-CR VIA UPI,546552840124,,400.23,460405.81
26/12/24,INTEREST CREDIT,999461930994,,880.26,461286.07
26/12/24,UPI-Jio Recharge-airtel@axis-169004886648-DR VIA UPI,273012433016,219.00,,461067.07
27/12/24,UPI-Ola Cabs-olamoney@ola-648633305097-DR VIA UPI,950278847412,920.78,,460146.29
27/12/24,ATW-XXXXXX9631-WRR39776-NOIDA 359839411020,232758118591,"3,500.00",,456646.29
27/12/24,GST ON CHARGES,112288249064,77.40,,456568.89
27/12/24,MOBILE BANKING CHARGES,700809098025,430.00,,456138.89
28/12/24,UPI-PhonePe Merchant-phonepe@ybl-288568734949-DR VIA UPI,987537432985,"1,610.97",,454527.92
28/12/24,UPI-Uber India-uber@paytm-534959553739-DR VIA UPI,692758156005,750.82,,453777.10
29/12/24,UPI-Vivek Sharma-vivek.sharma@upi-201074793321-DR VIA UPI,928817330036,"7,850.96",,445926.14
30/12/24,UPI-PhonePe Merchant-phonepe@ybl-678612238420-DR VIA UPI,306878765963,"2,720.21",,443205.93
31/12/24,POS VISHAL MEGA MART NOIDA,137438507360,"4,750.18",,438455.75
01/01/25,UPI-Himanshu Naik-himanshunaik93@kotak-410208232828-CR VIA UPI,616404014093,,"18,200.16",456655.91
01/01/25,SALARY-S9643528149772/NEFT/Madura Garments Pvt Ltd,691332550728,,"131,375.20",588031.11
02/01/25,UPI-Amazon Pay-amazon@apl-799477469521-DR VIA UPI,080592123118,"2,620.63",,585410.48
03/01/25,UPI-Amazon Pay-amazon@apl-921378942600-DR VIA UPI,273452619279,460.78,,584949.70
03/01/25,UPI-Krishna Sen-2857905022@pthdfc-605345576826-DR VIA UPI,014825272090,"17,800.51",,567149.19
04/01/25,UPI-Rakesh Nair-rakeshnair47@axl-824161948502-DR VIA UPI,015696095653,"8,350.62",,558798.57
05/01/25,UPI-Nykaa-nykaa@razorpay-087098642493-DR VIA UPI,882645618926,"3,900.72",,554897.85
05/01/25,ECS-NACH-RNT9210875-RENT MANDATE,711397997995,"27,000.00",,527897.85
06/01/25,UPI-Rapido-rapido@icici-455020197176-DR VIA UPI,318100962787,850.56,,527047.29
07/01/25,UPI-Dunzo-dunzo@razorpay-401231732719-DR VIA UPI,884129607229,"1,350.70",,525696.59
08/01/25,UPI-Amazon Pay-amazon@apl-852475738277-DR VIA UPI,714845555677,750.43,,524946.16
08/01/25,UPI-Flipkart-flipkart@ybl-609078602948-DR VIA UPI,867257741631,"2,380.85",,522565.31
08/01/25,UPI-PhonePe Merchant-phonepe@ybl-677526134908-DR VIA UPI,729658446432,"2,590.82",,519974.49
09/01/25,POS MORE SUPER MARKET NOIDA,147194287481,400.80,,519573.69
09/01/25,UPI-Swiggy-swiggy@icici-857533670990-DR VIA UPI,680817079377,270.29,,519303.40
09/01/25,UPI-Uber India-uber@paytm-422267886543-DR VIA UPI,678323180343,290.72,,519012.68
10/01/25,UPI-KSEB-ksebpayment@upi-055940637050-DR VIA UPI,201269598435,"3,500.99",,515511.69
11/01/25,UPI-PhonePe Merchant-phonepe@ybl-046314835742-DR VIA UPI,311264912108,530.73,,514980.96
11/01/25,UPI-Deepak Sethi-deepakseth78@axl-154746890308-DR VIA UPI,672792654663,"14,850.63",,500130.33
11/01/25,UPI-Ola Cabs-olamoney@ola-640555794493-DR VIA UPI,612413254610,600.01,,499530.32
12/01/25,UPI-Ola Cabs-olamoney@ola-966757379361-DR VIA UPI,517731801173,600.21,,498930.11
12/01/25,UPI-MakeMyTrip-makemytrip@axisbank-065853907622-DR VIA UPI,827248861089,249.00,,498681.11
12/01/25,ECS-NACH-SIP2864202-Axis Mutual Fund,535101335486,"2,000.00",,496681.11
12/01/25,UPI-Tata AIA Life-licindia@licindia-374144251203-DR VIA UPI,729341352854,"5,300.00",,491381.11
12/01/25,UPI-Preeti Malhotra-preeti987@okaxis-499821711873-CR VIA UPI,367079364454,,"3,700.18",495081.29
13/01/25,UPI-Sunil Mehta-sunil.mehta@okaxis-807755106820-DR VIA UPI,512338603102,"13,550.48",,481530.81
14/01/25,UPI-Amazon Pay-amazon@apl-324023198819-DR VIA UPI,215540266139,"1,320.67",,480210.14
14/01/25,UPI-Ola Cabs-olamoney@ola-723916821136-DR VIA UPI,719988649276,470.08,,479740.06
14/01/25,UPI-Zepto-zepto@apl-206216845444-DR VIA UPI,593947487286,"1,160.33",,478579.73
14/01/25,UPI-Swiggy-swiggy@icici-867279852082-DR VIA UPI,691064822711,"1,490.60",,477089.13
14/01/25,ATW-XXXXXX8410-LHK69352-NOIDA 411080165129,685485327684,"2,000.00",,475089.13
15/01/25,UPI-Amazon Pay-amazon@apl-912777114364-DR VIA UPI,796778362137,500.04,,474589.09
15/01/25,UPI-Naresh Banerjee-3778201686@pthdfc-489647722257-DR VIA UPI,071628155838,"1,650.49",,472938.60
15/01/25,UPI-Rani Reddy-raniredd17@ibl-066565021828-CR VIA UPI,376433164043,,"9,850.49",482789.09
16/01/25,POS HP PETROL PUMP NOIDA,059279396462,950.51,,481838.58
16/01/25,ATW-XXXXXX1843-DKJ76937-NOIDA 638176684018,835917594493,"4,500.00",,477338.58
16/01/25,UPI-Varun Verma-3523711871@ptsbi-336166622029-DR VIA UPI,180118694909,"3,400.60",,473937.98
16/01/25,UPI-Jio Recharge-airtel@axis-918173649505-DR VIA UPI,833125945517,529.00,,473408.98
16/01/25,UPI-Zomato-zomato@axisbank-932875215550-DR VIA UPI,846873199374,"2,790.45",,470618.53
16/01/25,UPI-Jio Recharge-jio@paytm-934044106243-DR VIA UPI,320343209712,"1,260.73",,469357.80
16/01/25,UPI-Meena Gupta-meena.gupta@aubank-731470851410-CR VIA UPI,270545362200,,"11,200.97",480558.77
18/01/25,UPI-Ramesh Mishra-rameshmish97@paytm-298750496555-CR VIA UPI,155333165567,,"20,300.15",500858.92
19/01/25,ATW-XXXXXX7770-JZP85159-NOIDA 048086947679,615076356687,"3,000.00",,497858.92
20/01/25,UPI-Nikhil Pandey-nikhil.pandey@ptsbi-487628215410-CR VIA UPI,547631616301,,"9,750.59",507609.51
21/01/25,IMPS-117685626505-Mahesh Srivastav-BARB-XXXXXXX0126-IMPSTXN,244394712276,"19,900.71",,487708.80
21/01/25,POS SHELL FUEL STATION NOIDA,231286162259,"3,400.32",,484308.48
21/01/25,UPI-Jio Recharge-airtel@axis-793866953319-DR VIA UPI,670198780751,889.00,,483419.48
22/01/25,UPI-Jio Recharge-airtel@axis-404681838004-DR VIA UPI,249602697025,719.00,,482700.48
23/01/25,UPI-Manoj Chatterjee-manoj182@aubank-021831685363-CR VIA UPI,921666307843,,"20,950.50",503650.98
24/01/25,UPI-Mohit Kapoor-2241706865@upi-377575211068-CR VIA UPI,700263451740,,"10,200.82",513851.80
25/01/25,UPI-Indane Gas-indanegas@upi-749966403503-DR VIA UPI,019153843188,950.69,,512901.11
25/01/25,UPI-Flipkart-flipkart@ybl-636167126228-DR VIA UPI,378649389123,"1,150.49",,511750.62
25/01/25,UPI-Myntra-myntra@ybl-661548217061-DR VIA UPI,579294714094,849.00,,510901.62
26/01/25,UPI-BSNL Broadband-broadband@paytm-166509684652-DR VIA UPI,223205116711,599.00,,510302.62
26/01/25,POS LIFESTYLE STORES NOIDA,202297631269,"1,950.70",,508351.92
26/01/25,POS V MART NOIDA,539465161786,"6,450.86",,501901.06
27/01/25,UPI-Jio Recharge-jio@paytm-808824516566-DR VIA UPI,695240348290,380.97,,501520.09
28/01/25,MOBILE BANKING CHARGES,426899448467,210.00,,501310.09
28/01/25,GST ON CHARGES,304367618621,37.80,,501272.29
29/01/25,ATW-XXXXXX2994-QOM38937-NOIDA 686134501764,202526640533,"1,000.00",,500272.29
29/01/25,ATW-XXXXXX6433-EKE54925-NOIDA 505705091214,189607675450,"9,000.00",,491272.29
29/01/25,UPI-Jio Recharge-airtel@axis-885182954468-DR VIA UPI,361714884177,489.00,,490783.29
29/01/25,UPI-BigBasket-bigbasket@ybl-571691089578-DR VIA UPI,333626481635,"2,580.46",,488202.83
30/01/25,ATW-XXXXXX9245-LNE27801-NOIDA 912416027811,093845381107,"6,500.00",,481702.83
30/01/25,UPI-Himanshu Roy-himanshu.roy@ibl-368102566796-CR VIA UPI,456851033551,,100.47,481803.30
01/02/25,UPI-Akash Naik-akash.naik@ptaxis-377522349831-DR VIA UPI,057295308010,"14,900.44",,466902.86
01/02/25,UPI-Anil Iyer-anil850@ptsbi-266573448109-DR VIA UPI,368536942486,"15,050.23",,451852.63
02/02/25,UPI-Rapido-rapido@icici-643249729680-DR VIA UPI,102846801359,90.06,,451762.57
02/02/25,SALARY-S8412222236271/NEFT/Madura Garments Pvt Ltd,786538735309,,"130,898.20",582660.77
03/02/25,UPI-Jio Recharge-airtel@axis-735056499088-DR VIA UPI,151524889948,539.00,,582121.77
04/02/25,UPI-Hotstar-hotstar@hdfcbank-461905127380-DR VIA UPI,595201986755,299.00,,581822.77
04/02/25,UPI-Jio Recharge-airtel@axis-403311447686-DR VIA UPI,827382624595,439.00,,581383.77
05/02/25,POS VISHAL MEGA MART NOIDA,360352932942,"6,100.47",,575283.30
05/02/25,UPI-Shweta Das-shwetadas44@aubank-375811434382-DR VIA UPI,847034813154,"21,350.85",,553932.45
05/02/25,UPI-BSNL Broadband-bsnlbroadband@upi-448562305585-DR VIA UPI,599135000994,"1,440.03",,552492.42
06/02/25,UPI-Amazon Pay-amazon@apl-628278738508-DR VIA UPI,957576904172,"1,150.77",,551341.65
06/02/25,ECS-NACH-RNT1212916-RENT MANDATE,267763252071,"27,000.00",,524341.65
06/02/25,POS HP PETROL PUMP NOIDA,561314333939,"1,400.67",,522940.98
06/02/25,ATW-XXXXXX2579-DEG15686-NOIDA 740928534918,813787132078,"5,500.00",,517440.98
07/02/25,UPI-Amazon Pay-amazon@apl-041624745642-DR VIA UPI,375290667482,870.98,,516570.00
07/02/25,UPI-Blinkit-blinkit@kotak-239090606615-DR VIA UPI,507313018577,"2,440.68",,514129.32
07/02/25,UPI-Dunzo-dunzo@razorpay-878679902400-DR VIA UPI,070727881646,620.13,,513509.19
07/02/25,UPI-Tata AIA Life-licindia@licindia-125198858159-DR VIA UPI,979595081738,"5,300.00",,508209.19
07/02/25,ATW-XXXXXX3078-MCZ22029-NOIDA 773507486599,881534251521,"5,500.00",,502709.19
07/02/25,POS VISHAL MEGA MART NOIDA,079779613289,"5,750.47",,496958.72
07/02/25,UPI-Blinkit-blinkit@kotak-325429983482-DR VIA UPI,182494353022,660.38,,496298.34
08/02/25,UPI-Shweta Singh-shweta.singh@paytm-240449790910-DR VIA UPI,241104133213,"2,100.62",,494197.72
08/02/25,UPI-Uber India-uber@paytm-098830416918-DR VIA UPI,814281580945,760.78,,493436.94
08/02/25,UPI-Jio Recharge-jio@paytm-115372679070-DR VIA UPI,554766686816,"2,470.75",,490966.19
09/02/25,ATW-XXXXXX1723-XAM43318-NOIDA 920268332029,512582692559,"2,500.00",,488466.19
11/02/25,UPI-Divya Rao-0090580083@apl-528041604635-DR VIA UPI,844372529058,"1,350.97",,487115.22
12/02/25,POS BRAND FACTORY NOIDA,072225563137,"3,000.55",,484114.67
12/02/25,UPI-Zepto-zepto@apl-302970910305-DR VIA UPI,886230963754,"2,580.23",,481534.44
13/02/25,NEFT*N7813605658168/Sun Pharmaceutical I/CR,866359100634,,"11,500.58",493035.02
14/02/25,ECS-NACH-SIP3041645-Axis Mutual Fund,221784478668,"2,000.00",,491035.02
15/02/25,UPI-BSNL Broadband-bsnlbroadband@upi-853058568230-DR VIA UPI,826746240392,300.74,,490734.28
16/02/25,UPI-Myntra-myntra@ybl-568184925848-DR VIA UPI,866578160711,499.00,,490235.28
16/02/25,UPI-Jio Recharge-airtel@axis-544723452215-DR VIA UPI,627194466401,509.00,,489726.28
17/02/25,UPI-Indane Gas-indanegas@upi-318242241505-DR VIA UPI,525508261497,"2,300.21",,487426.07
18/02/25,UPI-Ola Cabs-olamoney@ola-881429919995-DR VIA UPI,986021964644,500.30,,486925.77
18/02/25,UPI-Zepto-zepto@apl-356770339381-DR VIA UPI,369606239254,"2,620.66",,484305.11
19/02/25,UPI-Ola Cabs-olamoney@ola-742038445517-DR VIA UPI,680936251340,190.62,,484114.49
19/02/25,UPI-KSEB-ksebpayment@upi-010873175734-DR VIA UPI,890161916553,"2,350.85",,481763.64
20/02/25,IMPS-527693836491-Naveen Sethi-UTIB-XXXXXXX9635-IMPSTXN,850392588878,"17,800.84",,463962.80
20/02/25,UPI-Vivek Mishra-vivek.mishra@upi-712387767128-DR VIA UPI,297674603932,"17,250.11",,446712.69
21/02/25,UPI-Jio Recharge-airtel@axis-482982813839-DR VIA UPI,856831135957,999.00,,445713.69
21/02/25,ATW-XXXXXX4390-BFL00301-NOIDA 616492229831,984875120879,"2,000.00",,443713.69
22/02/25,UPI-Vikas Ghosh-vikas201@ibl-259265543042-DR VIA UPI,426931419622,"5,250.75",,438462.94
22/02/25,UPI-Isha Pillai-4347524241@upi-735043597007-DR VIA UPI,128884739033,"5,050.13",,433412.81
23/02/25,UPI-Lata Chaudhary-7397838094@okhdfcbank-818156510982-CR VIA UPI,959193521541,,"3,050.44",436463.25
25/02/25,POS INDIAN OIL NOIDA,638977331184,"2,400.09",,434063.16
25/02/25,UPI-Rapido-rapido@icici-238731341864-DR VIA UPI,540304187937,510.36,,433552.80
26/02/25,MOBILE BANKING CHARGES,644328740739,80.00,,433472.80
26/02/25,GST ON CHARGES,321771418723,14.40,,433458.40
27/02/25,UPI-Jio Recharge-airtel@axis-701041708985-DR VIA UPI,298809906649,179.00,,433279.40
28/02/25,UPI-Sunita Chaudhary-9188233393@pthdfc-863282310866-CR VIA UPI,084833855684,,"10,300.08",443579.48
28/02/25,POS RELIANCE MART NOIDA,781213703114,"5,500.00",,438079.48
01/03/25,UPI-Amazon Pay-amazon@apl-151180012436-DR VIA UPI,535883727201,"4,250.89",,433828.59
01/03/25,ATW-XXXXXX2816-YEY27760-NOIDA 278154330548,077108529174,"3,500.00",,430328.59
02/03/25,UPI-Anjali Kapoor-0720492596@ibl-143140455712-CR VIA UPI,470446623713,,"9,050.46",439379.05
02/03/25,SALARY-S2783818106620/NEFT/Madura Garments Pvt Ltd,793821931984,,"126,048.20",565427.25
03/03/25,POS MAX FASHION NOIDA,620168711244,"2,650.61",,562776.64
04/03/25,UPI-Vishal Verma-vishal.verma@ybl-886830712275-CR VIA UPI,083323255197,,"10,000.94",572777.58
05/03/25,UPI-Gopal Desai-gopaldesa29@okaxis-352089847811-DR VIA UPI,443342259202,"10,250.31",,562527.27
06/03/25,UPI-Uber India-uber@paytm-745121003923-DR VIA UPI,085389216432,590.11,,561937.16
07/03/25,ECS-NACH-RNT0311896-RENT MANDATE,938054532744,"27,000.00",,534937.16
07/03/25,UPI-Amazon Pay-amazon@apl-988309080653-DR VIA UPI,176467466857,"1,350.35",,533586.81
07/03/25,UPI-Blinkit-blinkit@kotak-105173842716-DR VIA UPI,064543514441,"1,900.48",,531686.33
07/03/25,UPI-Tata AIA Life-licindia@licindia-790392499265-DR VIA UPI,477582190206,"5,300.00",,526386.33
08/03/25,UPI-Rapido-rapido@icici-843176065062-DR VIA UPI,425125824856,470.23,,525916.10
08/03/25,UPI-Paytm Mall-paytm@paytm-988642190022-DR VIA UPI,922370640240,330.82,,525585.28
09/03/25,UPI-Paytm Mall-paytm@paytm-011931566604-DR VIA UPI,542025083268,940.11,,524645.17
09/03/25,UPI-Ola Cabs-olamoney@ola-715896208412-DR VIA UPI,955559977583,"1,080.04",,523565.13
09/03/25,UPI-Maya Malhotra-4990331163@ybl-892851367693-DR VIA UPI,420167437032,"11,000.37",,512564.76
10/03/25,UPI-Apollo Pharmacy-apollopharmacy@ybl-118161165849-DR VIA UPI,770669827502,549.00,,512015.76
10/03/25,UPI-Ola Cabs-olamoney@ola-716818177121-DR VIA UPI,311770101950,240.98,,511774.78
11/03/25,UPI-Rajesh Mishra-4174308155@ptyes-828412541983-DR VIA UPI,143081106475,"11,650.03",,500124.75
11/03/25,UPI-Ola Cabs-olamoney@ola-339007121183-DR VIA UPI,432912666204,480.57,,499644.18
12/03/25,UPI-Zomato-zomato@axisbank-773289744594-DR VIA UPI,504350811501,"2,410.45",,497233.73
14/03/25,UPI-Tarun Ahuja-5197205369@okicici-979803630339-DR VIA UPI,860733374312,"19,400.13",,477833.60
14/03/25,UPI-Jio Recharge-airtel@axis-723658263167-DR VIA UPI,298161913553,539.00,,477294.60
14/03/25,UPI-Anita Pillai-anitapill68@okhdfcbank-568713237685-DR VIA UPI,587473315297,"11,200.97",,466093.63
14/03/25,UPI-Jio Recharge-jio@paytm-956278994157-DR VIA UPI,212397918714,"1,020.86",,465072.77
16/03/25,UPI-KSEB-ksebpayment@upi-011477072922-DR VIA UPI,585988454296,"3,500.39",,461572.38
17/03/25,UPI-Jio Recharge-airtel@axis-184936608576-DR VIA UPI,555863570666,209.00,,461363.38
17/03/25,UPI-IRCTC-irctc@upi-952613868830-DR VIA UPI,626219383690,749.00,,460614.38
18/03/25,POS CENTRAL MALL NOIDA,731166421480,"7,450.84",,453163.54
18/03/25,ECS-NACH-SIP7296449-Axis Mutual Fund,712775271457,"2,000.00",,451163.54
19/03/25,UPI-Lata Desai-lata956@okaxis-814160922254-CR VIA UPI,359035395021,,"12,400.37",463563.91
19/03/25,UPI-Mamta Chopra-6201800228@paytm-817630012361-DR VIA UPI,963406695689,"3,650.45",,459913.46
21/03/25,UPI-Uber India-uber@paytm-900742218647-DR VIA UPI,782032946726,480.09,,459433.37
22/03/25,POS SHELL FUEL STATION NOIDA,257311342358,"2,350.49",,457082.88
22/03/25,UPI-BigBasket-bigbasket@ybl-955683402767-DR VIA UPI,347039945636,320.60,,456762.28
23/03/25,UPI-Amazon Pay-amazon@apl-048865879233-DR VIA UPI,554112209981,"1,750.73",,455011.55
23/03/25,IMPS-964869240196-Brijesh Singh-UTIB-XXXXXXX3692-IMPSTXN,713814069790,"8,800.29",,446211.26
24/03/25,UPI-Indane Gas-indanegas@upi-129793091835-DR VIA UPI,502399060951,"1,450.06",,444761.20
24/03/25,POS BRAND FACTORY NOIDA,083591669264,"2,150.12",,442611.08
24/03/25,UPI-Blinkit-blinkit@kotak-034375084313-DR VIA UPI,511631669621,"1,540.97",,441070.11
27/03/25,ATW-XXXXXX8279-DQB17629-NOIDA 257390975804,985483253962,"3,000.00",,438070.11
27/03/25,UPI-Rapido-rapido@icici-672152164782-DR VIA UPI,373698024187,870.05,,437200.06
28/03/25,UPI-Deepak Tiwari-deepak.tiwari@upi-643869400298-DR VIA UPI,382600250939,"14,300.74",,422899.32
28/03/25,INTEREST CREDIT,964470808136,,"1,170.28",424069.60
29/03/25,ATW-XXXXXX6410-LXD25771-NOIDA 597408553075,794993297395,"1,000.00",,423069.60
29/03/25,UPI-Vikram Sharma-vikram.sharma@ibl-546645703010-CR VIA UPI,727351840085,,"6,000.15",429069.75
29/03/25,UPI-Amazon Pay-amazon@apl-919742704372-DR VIA UPI,031955662450,"2,130.25",,426939.50
29/03/25,ATW-XXXXXX2543-CGZ76396-NOIDA 468092845004,354341566460,"6,000.00",,420939.50
29/03/25,ATW-XXXXXX5690-QCJ16395-NOIDA 092757543147,937820324074,"4,000.00",,416939.50
30/03/25,POS RELIANCE PETROLEUM NOIDA,844705158951,"2,800.05",,414139.45
30/03/25,UPI-Sneha Banerjee-sneha982@ptaxis-566444902151-DR VIA UPI,750105203202,"15,300.25",,398839.20
31/03/25,UPI-Vikas Chatterjee-6581959195@ptsbi-619657749325-DR VIA UPI,384242264047,"1,600.58",,397238.62
31/03/25,UPI-Paytm Mall-paytm@paytm-802678137394-DR VIA UPI,456046807316,"1,400.51",,395838.11
01/04/25,SALARY-S7538743614980/NEFT/Madura Garments Pvt Ltd,013925070578,,"126,496.20",522334.31
01/04/25,POS VISHAL MEGA MART NOIDA,445476464595,"3,450.31",,518884.00
01/04/25,UPI-Amazon Pay-amazon@apl-683717699971-DR VIA UPI,222120554542,"2,660.56",,516223.44
01/04/25,UPI-Manish Thapar-manishthap39@ptaxis-680036109441-CR VIA UPI,158637534997,,"3,000.41",519223.85
02/04/25,ECS-NACH-RNT3570757-RENT MANDATE,275401504329,"27,000.00",,492223.85
03/04/25,UPI-Ramesh Mishra-ramesh934@ptyes-809357390550-DR VIA UPI,212934076075,"11,950.67",,480273.18
03/04/25,UPI-Amazon Pay-amazon@apl-941063417664-DR VIA UPI,703236168264,"2,140.34",,478132.84
04/04/25,IMPS-837515210485-Gaurav Roy-BARB-XXXXXXX1291-IMPSTXN,552517219384,"1,800.95",,476331.89
06/04/25,UPI-Uber India-uber@paytm-376224637533-DR VIA UPI,636476827453,890.02,,475441.87
08/04/25,UPI-Gopal Rao-2213084609@aubank-928303338148-DR VIA UPI,644028428142,"6,250.38",,469191.49
08/04/25,UPI-Renu Ghosh-renu359@paytm-539610974721-DR VIA UPI,428149012438,"14,450.09",,454741.40
08/04/25,UPI-Flipkart-flipkart@ybl-755459900998-DR VIA UPI,612455152531,"1,030.84",,453710.56
09/04/25,UPI-Zomato-zomato@axisbank-214896726088-DR VIA UPI,176138035915,"2,800.60",,450909.96
09/04/25,UPI-Jio Recharge-airtel@axis-677973135251-DR VIA UPI,029863712002,989.00,,449920.96
09/04/25,UPI-Jio Recharge-airtel@axis-708988290347-DR VIA UPI,596819698600,749.00,,449171.96
09/04/25,POS SHELL FUEL STATION NOIDA,051590291793,"2,700.70",,446471.26
10/04/25,UPI-Ajay Sethi-ajay590@oksbi-127793189536-CR VIA UPI,032247743728,,"14,150.20",460621.46
10/04/25,UPI-Blinkit-blinkit@kotak-516195367394-DR VIA UPI,297461671355,"1,280.87",,459340.59
11/04/25,UPI-Tata AIA Life-licindia@licindia-760241671974-DR VIA UPI,747467463538,"5,300.00",,454040.59
11/04/25,UPI-Spotify-spotify@icici-401612176768-DR VIA UPI,208645253437,449.00,,453591.59
13/04/25,UPI-KSEB-ksebpayment@upi-188110873382-DR VIA UPI,044238795123,"3,450.68",,450140.91
13/04/25,UPI-Vikas Shah-vikas.shah@ptsbi-088158333278-CR VIA UPI,488942556656,,"8,250.62",458391.53
13/04/25,UPI-Swiggy-swiggy@icici-863126842760-DR VIA UPI,247697779305,480.68,,457910.85
13/04/25,UPI-Isha Mishra-0638361318@oksbi-424540062891-CR VIA UPI,284539988024,,800.13,458710.98
14/04/25,ECS-NACH-SIP9117968-Axis Mutual Fund,109508169493,"2,000.00",,456710.98
14/04/25,POS LIFESTYLE STORES NOIDA,618048478698,"4,850.10",,451860.88
14/04/25,UPI-Indane Gas-indanegas@upi-637223628808-DR VIA UPI,244019363853,"2,150.67",,449710.21
14/04/25,ATW-XXXXXX8918-QPV31291-NOIDA 478792765372,762550967024,"5,000.00",,444710.21
15/04/25,UPI-Myntra-myntra@ybl-227577306997-DR VIA UPI,668494697997,"1,500.80",,443209.41
15/04/25,UPI-BSNL Broadband-broadband@paytm-483830300022-DR VIA UPI,526733717999,"1,049.00",,442160.41
15/04/25,UPI-Mukesh Chopra-8363212808@kotak-974283504833-DR VIA UPI,952869417189,"12,000.65",,430159.76
16/04/25,UPI-Flipkart-flipkart@ybl-321018955661-DR VIA UPI,631102339272,"1,520.22",,428639.54
16/04/25,UPI-BSNL Broadband-bsnlbroadband@upi-157057646205-DR VIA UPI,848777946553,"2,750.83",,425888.71
17/04/25,UPI-Sunil Sharma-2676979594@kotak-506356151818-CR VIA UPI,698513193123,,"2,750.26",428638.97
17/04/25,UPI-Flipkart-flipkart@ybl-361859069392-DR VIA UPI,293102199735,"3,200.43",,425438.54
17/04/25,UPI-Abhishek Mehta-6996267967@aubank-299244553281-DR VIA UPI,194463523329,"8,150.44",,417288.10
17/04/25,UPI-Sushma Chaudhary-sushma189@ptsbi-461795508733-DR VIA UPI,891167596682,"3,600.96",,413687.14
17/04/25,UPI-Jio Recharge-airtel@axis-289954723115-DR VIA UPI,384982402891,269.00,,413418.14
18/04/25,UPI-Sushma Roy-4346194403@upi-836937144139-CR VIA UPI,185030042753,,"1,600.06",415018.20
18/04/25,UPI-Sapna Ahuja-sapnaahuj49@ptyes-064229122920-DR VIA UPI,597578537331,"17,950.42",,397067.78
18/04/25,UPI-BSNL Broadband-bsnlbroadband@upi-409076826643-DR VIA UPI,202483518740,"2,230.82",,394836.96
18/04/25,POS HP PETROL PUMP NOIDA,492023989508,"4,150.85",,390686.11
19/04/25,UPI-Sunil Rao-sunilrao33@paytm-237652403290-CR VIA UPI,787756981519,,"7,300.66",397986.77
19/04/25,ATW-XXXXXX6162-VKF63212-NOIDA 373786115924,378998046136,"3,000.00",,394986.77
20/04/25,UPI-Ola Cabs-olamoney@ola-983458247160-DR VIA UPI,353246424792,150.10,,394836.67
21/04/25,UPI-Isha Iyer-5630850914@ibl-509699517941-DR VIA UPI,428484916595,"6,650.75",,388185.92
23/04/25,UPI-Nykaa-nykaa@razorpay-000747696360-DR VIA UPI,597528133015,"1,300.85",,386885.07
23/04/25,UPI-Amazon Pay-amazon@apl-517546702605-DR VIA UPI,984947085058,"1,230.43",,385654.64
24/04/25,ATW-XXXXXX7489-OLT79566-NOIDA 463070266021,375103682374,"8,500.00",,377154.64
24/04/25,POS BHARAT PETROLEUM NOIDA,044538346310,"4,150.71",,373003.93
24/04/25,UPI-Shivam Patel-shivam.patel@ybl-542697990087-DR VIA UPI,808478630752,"11,950.23",,361053.70
24/04/25,UPI-Uber India-uber@paytm-847630787266-DR VIA UPI,855019449386,640.94,,360412.76
25/04/25,UPI-Vivek Verma-vivek228@okicici-094547070440-DR VIA UPI,403726847768,"3,950.63",,356462.13
25/04/25,UPI-Asha Ghosh-asha882@okaxis-573101525842-CR VIA UPI,099601974089,,850.90,357313.03
26/04/25,UPI-Jio Recharge-airtel@axis-025151341277-DR VIA UPI,745839800643,419.00,,356894.03
26/04/25,UPI-Priya Reddy-priya.reddy@okaxis-215382124942-CR VIA UPI,277684135038,,"18,100.10",374994.13
26/04/25,POS INDIAN OIL NOIDA,760294874964,"2,400.02",,372594.11
26/04/25,UPI-Ola Cabs-olamoney@ola-530922306473-DR VIA UPI,722208943786,790.48,,371803.63
26/04/25,UPI-Lalit Pillai-lalit974@ptsbi-633313940201-DR VIA UPI,235436533287,"15,500.44",,356303.19
27/04/25,UPI-Sanjay Khanna-sanjay.khanna@oksbi-847444296791-DR VIA UPI,425350914372,"21,900.04",,334403.15
29/04/25,UPI-Kiran Dutta-3479743396@axl-337834072228-CR VIA UPI,800441538913,,"15,450.63",349853.78
30/04/25,POS METRO CASH CARRY NOIDA,946911527105,"3,900.10",,345953.68
01/05/25,UPI-Meesho-meesho@ybl-503233242758-DR VIA UPI,643904693157,"5,350.35",,340603.33
01/05/25,ATW-XXXXXX5985-XPR29165-NOIDA 783486670262,999113873455,"9,000.00",,331603.33
01/05/25,UPI-Mukesh Patil-mukesh.patil@paytm-916163681032-DR VIA UPI,940034897472,"14,300.33",,317303.00
01/05/25,SALARY-S1855204106254/NEFT/Madura Garments Pvt Ltd,712192393112,,"130,314.20",447617.20
01/05/25,POS RELIANCE PETROLEUM NOIDA,701261781362,"3,450.69",,444166.51
02/05/25,POS RELIANCE PETROLEUM NOIDA,622070031102,"1,400.86",,442765.65
03/05/25,UPI-Naresh Chaudhary-naresh775@okicici-028931799919-DR VIA UPI,780802790337,"12,850.94",,429914.71
04/05/25,UPI-1mg-tatahealth@icici-716826846888-DR VIA UPI,348339408882,"1,860.68",,428054.03
05/05/25,UPI-Sangita Das-sangita.das@paytm-178772080475-DR VIA UPI,009682819746,"12,100.90",,415953.13
05/05/25,UPI-Manoj Bose-5700969684@kotak-229472162549-DR VIA UPI,771665776624,650.09,,415303.04
05/05/25,UPI-Uber India-uber@paytm-764374220324-DR VIA UPI,340826458149,270.48,,415032.56
05/05/25,UPI-Sneha Joshi-sneha145@okaxis-121829153306-DR VIA UPI,864739178018,"16,800.83",,398231.73
05/05/25,UPI-Suresh Khanna-8655762041@kotak-633511894657-CR VIA UPI,462879440253,,"4,650.12",402881.85
06/05/25,ECS-NACH-RNT4598903-RENT MANDATE,538006802725,"27,000.00",,375881.85
06/05/25,UPI-Jio Recharge-airtel@axis-184778760345-DR VIA UPI,395890096510,489.00,,375392.85
07/05/25,UPI-Dunzo-dunzo@razorpay-056197413792-DR VIA UPI,270473273066,"1,550.89",,373841.96
09/05/25,POS HP PETROL PUMP NOIDA,700291053485,"3,150.72",,370691.24
09/05/25,NEFT*N1968168411193/HCL Technologies Ltd/CR,626079750782,,"54,000.74",424691.98
10/05/25,UPI-Uber India-uber@paytm-214767258609-DR VIA UPI,993901576599,320.29,,424371.69
11/05/25,POS SHELL FUEL STATION NOIDA,670299736477,"3,450.30",,420921.39
11/05/25,ECS-NACH-SIP0835608-Axis Mutual Fund,012088294450,"2,000.00",,418921.39
12/05/25,UPI-Tata AIA Life-licindia@licindia-377517553585-DR VIA UPI,121474805056,"5,300.00",,413621.39
12/05/25,UPI-Kiran Dubey-kirandube34@aubank-778578835036-CR VIA UPI,070229795065,,"17,050.96",430672.35
12/05/25,UPI-Jio Recharge-airtel@axis-858944495083-DR VIA UPI,013404954226,669.00,,430003.35
13/05/25,UPI-Amazon Pay-amazon@apl-836241577818-DR VIA UPI,941388701734,240.83,,429762.52
13/05/25,UPI-Indane Gas-indanegas@upi-538453170586-DR VIA UPI,993100637028,850.97,,428911.55
14/05/25,POS CENTRAL MALL NOIDA,712559317604,"1,200.81",,427710.74
15/05/25,UPI-KSEB-ksebpayment@upi-456505217979-DR VIA UPI,679990512836,"1,400.41",,426310.33
15/05/25,UPI-Myntra-myntra@ybl-546402373972-DR VIA UPI,793764713846,699.00,,425611.33
16/05/25,UPI-Ola Cabs-olamoney@ola-376434686375-DR VIA UPI,134556025135,670.32,,424941.01
17/05/25,UPI-BSNL Broadband-broadband@paytm-486646781022-DR VIA UPI,450408617453,649.00,,424292.01
17/05/25,UPI-Ola Cabs-olamoney@ola-702328184632-DR VIA UPI,235221261003,150.40,,424141.61
17/05/25,UPI-Saurabh Saxena-saurabh.saxena@apl-396292485855-CR VIA UPI,129528372472,,"21,450.82",445592.43
18/05/25,UPI-Divya Verma-divya102@okicici-898697726398-DR VIA UPI,219770294504,"5,700.77",,439891.66
18/05/25,UPI-Ola Cabs-olamoney@ola-269913632832-DR VIA UPI,536749466617,440.78,,439450.88
19/05/25,POS RELIANCE MART NOIDA,802905255714,450.19,,439000.69
20/05/25,ATW-XXXXXX3715-ROE63544-NOIDA 367873885295,737008375882,"2,500.00",,436500.69
20/05/25,UPI-PhonePe Merchant-phonepe@ybl-332341776163-DR VIA UPI,579350194182,400.63,,436100.06
21/05/25,POS D MART NOIDA,866775338142,"7,600.37",,428499.69
21/05/25,UPI-Rapido-rapido@icici-019571556182-DR VIA UPI,294087137828,900.90,,427598.79
22/05/25,POS PANTALOONS NOIDA,575430546544,"1,500.60",,426098.19
23/05/25,POS MAX FASHION NOIDA,128263964662,"3,750.18",,422348.01
24/05/25,UPI-Mohit Shah-mohit.shah@upi-370799469903-DR VIA UPI,658268272305,"16,300.83",,406047.18
25/05/25,UPI-Sushma Chatterjee-sushmachat73@ptsbi-846366372644-CR VIA UPI,465130063958,,"15,200.97",421248.15
26/05/25,MOBILE BANKING CHARGES,348527858088,230.00,,421018.15
26/05/25,UPI-Uber India-uber@paytm-422523142305-DR VIA UPI,630134228711,240.10,,420778.05
26/05/25,ATW-XXXXXX7746-RYF63614-NOIDA 235894549865,436432409051,"6,000.00",,414778.05
26/05/25,GST ON CHARGES,935007681421,41.40,,414736.65
27/05/25,UPI-Ramesh Chaudhary-rameshchau99@ybl-605004614745-CR VIA UPI,234227145827,,"5,200.83",419937.48
27/05/25,IMPS-419472461500-Pooja Pandey-KKBK-XXXXXXX1351-IMPSTXN,064590598632,"43,500.41",,376437.07
28/05/25,UPI-Uber India-uber@paytm-523697099545-DR VIA UPI,250288198847,780.15,,375656.92
29/05/25,UPI-Blinkit-blinkit@kotak-771426699216-DR VIA UPI,381403973281,990.53,,374666.39
29/05/25,UPI-Jio Recharge-jio@paytm-029054685424-DR VIA UPI,929370381806,"1,990.58",,372675.81
31/05/25,UPI-Ashish Tiwari-ashishtiwa30@okicici-157623170015-DR VIA UPI,938564991000,"20,000.43",,352675.38
01/06/25,UPI-Zomato-zomato@axisbank-164994770024-DR VIA UPI,767160854746,"1,820.08",,350855.30
01/06/25,POS V MART NOIDA,726449537170,"5,500.96",,345354.34
01/06/25,UPI-BigBasket-bigbasket@ybl-241523614197-DR VIA UPI,933658352585,230.81,,345123.53
01/06/25,UPI-Myntra-myntra@ybl-508870458545-DR VIA UPI,555034516159,"5,700.59",,339422.94
02/06/25,UPI-Swiggy-swiggy@icici-410105881777-DR VIA UPI,988876396598,"1,120.37",,338302.57
02/06/25,SALARY-S0622548937245/NEFT/Madura Garments Pvt Ltd,435143712363,,"126,762.20",465064.77
03/06/25,UPI-Jio Recharge-airtel@axis-278071144818-DR VIA UPI,308736543838,309.00,,464755.77
03/06/25,UPI-Mohan Khanna-mohankhan66@aubank-717968742280-CR VIA UPI,326269531866,,"8,700.98",473456.75
03/06/25,UPI-Mukesh Thapar-mukesh366@okicici-159564794332-DR VIA UPI,721801884934,"9,200.27",,464256.48
03/06/25,UPI-Kunal Chaudhary-5054843413@pthdfc-640933960454-DR VIA UPI,649333913478,"2,100.51",,462155.97
03/06/25,UPI-Sunita Jain-sunita979@axl-668049594999-CR VIA UPI,913632223762,,"21,700.44",483856.41
03/06/25,UPI-IRCTC-irctc@upi-782342080707-DR VIA UPI,041857986227,499.00,,483357.41
03/06/25,UPI-Ola Cabs-olamoney@ola-344589071911-DR VIA UPI,265705859403,"1,690.90",,481666.51
05/06/25,UPI-Uber India-uber@paytm-282024931077-DR VIA UPI,340458236899,670.69,,480995.82
05/06/25,UPI-Poonam Saxena-poonam106@axl-363540550441-DR VIA UPI,742511500499,"12,950.50",,468045.32
05/06/25,ATW-XXXXXX4404-LEU93642-NOIDA 076032058327,058071423727,"1,000.00",,467045.32
05/06/25,UPI-Seema Menon-seema.menon@ptaxis-155461340464-DR VIA UPI,082562692661,"7,100.55",,459944.77
05/06/25,UPI-Rapido-rapido@icici-415416282271-DR VIA UPI,834833533031,100.81,,459843.96
05/06/25,POS HP PETROL PUMP NOIDA,390572117576,"3,100.53",,456743.43
06/06/25,UPI-Jio Recharge-jio@paytm-040564324415-DR VIA UPI,647088598536,"1,900.28",,454843.15
06/06/25,ECS-NACH-RNT9296496-RENT MANDATE,680933505666,"27,000.00",,427843.15
06/06/25,UPI-Sapna Khanna-sapnakhan25@kotak-715135157406-CR VIA UPI,913811158281,,"17,300.68",445143.83
07/06/25,POS RELIANCE MART NOIDA,668278470163,"8,500.65",,436643.18
08/06/25,UPI-Saurabh Khanna-saurabhkhan91@pthdfc-005779585948-CR VIA UPI,843401451051,,"15,250.52",451893.70
09/06/25,ATW-XXXXXX0478-PJO39246-NOIDA 946066968152,315517730138,"1,500.00",,450393.70
09/06/25,UPI-Tata AIA Life-licindia@licindia-594600707289-DR VIA UPI,274986340649,"5,300.00",,445093.70
09/06/25,UPI-Swiggy-swiggy@icici-144621195363-DR VIA UPI,370198528119,710.07,,444383.63
10/06/25,UPI-Zepto-zepto@apl-765808307295-DR VIA UPI,753788702481,440.73,,443942.90
10/06/25,UPI-Myntra-myntra@ybl-508146262156-DR VIA UPI,152600306021,"5,450.74",,438492.16
12/06/25,UPI-Sunil Srivastava-sunil.srivastava@ibl-581808621758-DR VIA UPI,602887139931,"7,000.07",,431492.09
12/06/25,UPI-Babita Ahuja-babita.ahuja@ybl-703863450078-CR VIA UPI,847759194843,,"4,150.57",435642.66
13/06/25,UPI-BSNL Broadband-broadband@paytm-601698410940-DR VIA UPI,461463469334,999.00,,434643.66
13/06/25,POS LIFESTYLE STORES NOIDA,236410157195,"7,750.94",,426892.72
14/06/25,UPI-Rajesh Sharma-9747254251@ptyes-794266903601-CR VIA UPI,872096191602,,"5,050.99",431943.71
14/06/25,UPI-Jio Recharge-airtel@axis-843012224117-DR VIA UPI,578916006670,219.00,,431724.71
16/06/25,UPI-Jio Recharge-jio@paytm-606991698857-DR VIA UPI,561614749444,"1,890.29",,429834.42
17/06/25,UPI-Uber India-uber@paytm-102578516465-DR VIA UPI,165174656387,90.61,,429743.81
17/06/25,UPI-Jio Recharge-airtel@axis-491085232906-DR VIA UPI,407617879535,499.00,,429244.81
17/06/25,UPI-Indane Gas-indanegas@upi-078610153975-DR VIA UPI,680898396698,"1,800.21",,427444.60
18/06/25,ECS-NACH-SIP0033085-Axis Mutual Fund,696241572419,"2,000.00",,425444.60
18/06/25,UPI-Jio Recharge-airtel@axis-335429022609-DR VIA UPI,478589749912,989.00,,424455.60
18/06/25,UPI-Vijay Tiwari-vijaytiwa27@ptyes-443610799980-CR VIA UPI,616519879057,,"7,800.45",432256.05
19/06/25,NEFT*N8723063158473/Vodafone Idea Ltd/CR,340436673484,,"25,500.81",457756.86
19/06/25,UPI-KSEB-ksebpayment@upi-526585613386-DR VIA UPI,869542792031,"2,300.10",,455456.76
21/06/25,UPI-Amazon Pay-amazon@apl-438624359926-DR VIA UPI,497953544274,"1,660.91",,453795.85
21/06/25,UPI-Blinkit-blinkit@kotak-041208501423-DR VIA UPI,135334349950,700.13,,453095.72
22/06/25,UPI-Rapido-rapido@icici-166949959905-DR VIA UPI,368144248941,210.51,,452885.21
23/06/25,POS BIG BAZAAR NOIDA,495419398030,750.91,,452134.30
23/06/25,UPI-Preeti Bajaj-3953888250@ibl-369114717441-CR VIA UPI,320724001352,,"16,600.80",468735.10
23/06/25,UPI-Swiggy-swiggy@icici-909021095975-DR VIA UPI,927869052151,"2,750.65",,465984.45
23/06/25,UPI-Nisha Das-6280957710@ptsbi-794355345165-DR VIA UPI,411646527206,750.22,,465234.23
24/06/25,POS SHELL FUEL STATION NOIDA,690690542469,"4,250.61",,460983.62
25/06/25,UPI-Swiggy-swiggy@icici-065146209006-DR VIA UPI,986213907712,"1,790.98",,459192.64
25/06/25,UPI-Rohit Bajaj-rohit530@ibl-520290717140-DR VIA UPI,954399932189,"6,150.80",,453041.84
25/06/25,UPI-Myntra-myntra@ybl-146941762109-DR VIA UPI,037927315494,"3,050.10",,449991.74
25/06/25,UPI-Uber India-uber@paytm-490266747908-DR VIA UPI,722513427294,800.72,,449191.02
26/06/25,UPI-Gaurav Pillai-8306302507@oksbi-293938059328-CR VIA UPI,025086023384,,"15,000.98",464192.00
27/06/25,POS MAX FASHION NOIDA,278992836194,"5,700.48",,458491.52
27/06/25,GST ON CHARGES,893438733344,57.60,,458433.92
27/06/25,MOBILE BANKING CHARGES,583484010800,320.00,,458113.92
28/06/25,POS SHELL FUEL STATION NOIDA,352320754114,"1,100.28",,457013.64
28/06/25,UPI-Rekha Gupta-rekha.gupta@aubank-654501141261-CR VIA UPI,377920133654,,"15,150.97",472164.61
28/06/25,INTEREST CREDIT,229186028042,,"1,005.95",473170.56
29/06/25,POS MORE SUPER MARKET NOIDA,622688110832,"5,800.00",,467370.56
29/06/25,POS MAX FASHION NOIDA,951721686018,"3,450.50",,463920.06
01/07/25,SALARY-S9567896422089/NEFT/Madura Garments Pvt Ltd,858764066784,,"127,024.20",590944.26
01/07/25,UPI-Naresh Shah-naresh.shah@ptyes-232542905792-DR VIA UPI,538158179238,"11,400.48",,579543.78
01/07/25,UPI-Santosh Mehta-9535734947@apl-790596951680-DR VIA UPI,652388394923,"9,600.56",,569943.22
01/07/25,POS V MART NOIDA,673214135831,"3,650.86",,566292.36
01/07/25,UPI-Kiran Nambiar-kirannamb57@paytm-483045084881-DR VIA UPI,070221442858,"7,100.46",,559191.90
02/07/25,ECS-NACH-RNT1987454-RENT MANDATE,226203186018,"27,000.00",,532191.90
02/07/25,UPI-Nisha Bajaj-6726506459@ptsbi-849326020044-CR VIA UPI,079015293680,,"19,450.23",551642.13
02/07/25,UPI-Jio Recharge-jio@paytm-628917755812-DR VIA UPI,667552754280,850.08,,550792.05
02/07/25,POS CENTRAL MALL NOIDA,757282102391,"5,750.66",,545041.39
05/07/25,IMPS-372390763110-Jyoti Kumar-FDRL-XXXXXXX0054-IMPSTXN,826260072029,"24,400.14",,520641.25
05/07/25,UPI-Jio Recharge-airtel@axis-085452517026-DR VIA UPI,229960795162,759.00,,519882.25
05/07/25,UPI-Gaurav Nair-gauravnair99@oksbi-453451948762-DR VIA UPI,756943585822,"19,450.59",,500431.66
06/07/25,UPI-Tata AIA Life-licindia@licindia-678378034401-DR VIA UPI,253032497153,"5,300.00",,495131.66
06/07/25,UPI-Ola Cabs-olamoney@ola-270929243438-DR VIA UPI,195814614151,880.22,,494251.44
06/07/25,UPI-Meesho-meesho@ybl-083905018383-DR VIA UPI,578765578873,"1,650.22",,492601.22
07/07/25,UPI-Uber India-uber@paytm-780648741738-DR VIA UPI,681833919317,730.05,,491871.17
08/07/25,UPI-Lalit Mukherjee-lalitmukh41@axl-299359047392-DR VIA UPI,595076123271,"17,350.14",,474521.03
08/07/25,ATW-XXXXXX2083-JMF69440-NOIDA 628254929130,128961203584,"1,500.00",,473021.03
08/07/25,UPI-BigBasket-bigbasket@ybl-362473439478-DR VIA UPI,509626638668,"2,650.99",,470370.04
08/07/25,POS VISHAL MEGA MART NOIDA,293862160065,"1,050.80",,469319.24
08/07/25,POS RELIANCE PETROLEUM NOIDA,068131764899,"1,550.98",,467768.26
08/07/25,UPI-Zomato-zomato@axisbank-304259180921-DR VIA UPI,114869848224,"1,060.66",,466707.60
09/07/25,UPI-Ashish Dutta-ashish327@ptaxis-230371312076-CR VIA UPI,073707331065,,"8,400.04",475107.64
10/07/25,UPI-KSEB-ksebpayment@upi-152855109178-DR VIA UPI,007222007789,"4,050.27",,471057.37
10/07/25,UPI-Amazon Pay-amazon@apl-376199200150-DR VIA UPI,737578387573,"2,130.37",,468927.00
11/07/25,UPI-Nikhil Patil-2140503273@ybl-288155939270-CR VIA UPI,270596064821,,"6,600.95",475527.95
11/07/25,UPI-Vandana Roy-vandana.roy@ptyes-888335340910-DR VIA UPI,276841038118,"21,400.18",,454127.77
11/07/25,UPI-Vivek Thapar-vivek707@upi-574905223881-DR VIA UPI,032982442235,"12,750.23",,441377.54
12/07/25,UPI-Swiggy-swiggy@icici-686101180939-DR VIA UPI,036094660495,"2,740.17",,438637.37
12/07/25,UPI-Spotify-spotify@icici-777175182823-DR VIA UPI,506829170846,499.00,,438138.37
12/07/25,ECS-NACH-SIP1584427-Axis Mutual Fund,879393801067,"2,000.00",,436138.37
13/07/25,ATW-XXXXXX2370-KKN91865-NOIDA 079417044434,696501294195,"2,500.00",,433638.37
13/07/25,UPI-BSNL Broadband-broadband@paytm-121111205837-DR VIA UPI,189449659351,849.00,,432789.37
15/07/25,UPI-Sumit Tiwari-sumit254@axl-730599010298-DR VIA UPI,388161198490,"11,200.95",,421588.42
16/07/25,UPI-Manish Kumar-8071279922@kotak-229411516891-CR VIA UPI,649820698668,,"16,150.26",437738.68
16/07/25,UPI-Ola Cabs-olamoney@ola-691728427355-DR VIA UPI,432195742001,100.87,,437637.81
16/07/25,ATW-XXXXXX7146-QFC30845-NOIDA 378957203471,332875526200,"3,500.00",,434137.81
16/07/25,UPI-BSNL Broadband-bsnlbroadband@upi-549302168280-DR VIA UPI,739394781883,740.28,,433397.53
17/07/25,UPI-Jio Recharge-airtel@axis-652826678759-DR VIA UPI,492477802247,479.00,,432918.53
19/07/25,UPI-Jio Recharge-airtel@axis-423609632758-DR VIA UPI,711843516371,759.00,,432159.53
19/07/25,UPI-Uber India-uber@paytm-055206112891-DR VIA UPI,861450415292,650.29,,431509.24
20/07/25,UPI-Indane Gas-indanegas@upi-196153846164-DR VIA UPI,565921115918,"2,050.37",,429458.87
21/07/25,UPI-Dunzo-dunzo@razorpay-062118991539-DR VIA UPI,414400880099,"1,840.70",,427618.17
22/07/25,UPI-Jio Recharge-airtel@axis-472651325864-DR VIA UPI,906935058540,989.00,,426629.17
22/07/25,UPI-Vandana Saxena-vandana956@ibl-620388189615-CR VIA UPI,144721551019,,"12,400.36",439029.53
22/07/25,ATW-XXXXXX8831-MBF86873-NOIDA 417585312539,033604127717,"2,500.00",,436529.53
23/07/25,IMPS-667681917947-Vivek Ahuja-PUNB-XXXXXXX6597-IMPSTXN,881748119055,"15,100.53",,421429.00
24/07/25,UPI-Uber India-uber@paytm-729667530495-DR VIA UPI,662696100385,360.25,,421068.75
25/07/25,UPI-Paytm Mall-paytm@paytm-428941987758-DR VIA UPI,326894738162,"1,990.63",,419078.12
26/07/25,UPI-Sangita Ahuja-sangita.ahuja@kotak-855989218645-CR VIA UPI,108083991909,,"90,500.45",509578.57
26/07/25,NEFT*N59747919941/Deepak Pillai/CR,833738278606,,"76,800.09",586378.66
26/07/25,NEFT*N23765562926/Pallavi Verma/CR,890636500388,,"51,500.65",637879.31
26/07/25,ATW-XXXXXX8269-JWJ87706-NOIDA 112554652488,416609765804,"1,500.00",,636379.31
26/07/25,POS BHARAT PETROLEUM NOIDA,501121119715,"3,550.80",,632828.51
26/07/25,UPI-Zomato-zomato@axisbank-783648975343-DR VIA UPI,831137013615,"1,670.07",,631158.44
26/07/25,UPI-Abhishek Chopra-abhishekchop76@ibl-515310819699-CR VIA UPI,573264582918,,"51,500.29",682658.73
27/07/25,UPI-Saurabh Kapoor-saurabh644@ptsbi-986887483546-CR VIA UPI,243411087428,,"20,950.35",703609.08
27/07/25,RTGS-R67993657544-Girish Sethi/BDBL0345407,728297967785,"255,452.76",,448156.32
28/07/25,POS D MART NOIDA,043929127786,"4,400.25",,443756.07
28/07/25,UPI-Poonam Kulkarni-poonam.kulkarni@paytm-203837117582-DR VIA UPI,531235077174,"16,500.34",,427255.73
29/07/25,ATW-XXXXXX8895-WFF69905-NOIDA 824467676472,417136600305,"4,000.00",,423255.73
29/07/25,UPI-BSNL Broadband-bsnlbroadband@upi-465124406110-DR VIA UPI,961341137773,"2,280.17",,420975.56
30/07/25,UPI-Amazon Pay-amazon@apl-510047220348-DR VIA UPI,907015611717,540.53,,420435.03
31/07/25,POS INDIAN OIL NOIDA,278473327444,"2,700.60",,417734.43
01/08/25,UPI-Anil Sethi-anil691@axl-283512443110-DR VIA UPI,702931483074,"21,650.25",,396084.18
01/08/25,SALARY-S0775332630016/NEFT/Madura Garments Pvt Ltd,922613840545,,"126,460.20",522544.38
01/08/25,POS LIFESTYLE STORES NOIDA,062425009162,"5,250.09",,517294.29
03/08/25,UPI-Seema Gupta-2733634246@paytm-684222424373-DR VIA UPI,135630942727,"7,050.87",,510243.42
03/08/25,UPI-BigBasket-bigbasket@ybl-527219172283-DR VIA UPI,774759348132,170.61,,510072.81
03/08/25,UPI-Preeti Pandey-preeti198@ybl-727868490109-CR VIA UPI,800960757789,,"11,300.34",521373.15
04/08/25,UPI-Rajesh Shukla-1023937427@paytm-207020088812-CR VIA UPI,075041747784,,"4,550.62",525923.77
04/08/25,UPI-Tata AIA Life-licindia@licindia-436197639701-DR VIA UPI,061714840161,"5,300.00",,520623.77
05/08/25,POS SHELL FUEL STATION NOIDA,305931848657,"1,850.41",,518773.36
05/08/25,IMPS-766116734516-Mohit Bajaj-BARB-XXXXXXX9891-IMPSTXN,996568586177,"20,400.76",,498372.60
05/08/25,POS RELIANCE PETROLEUM NOIDA,760869021495,"1,150.81",,497221.79
05/08/25,UPI-Amazon Pay-amazon@apl-216822994224-DR VIA UPI,994596659917,"1,180.67",,496041.12
06/08/25,ECS-NACH-RNT8882780-RENT MANDATE,331325816565,"27,000.00",,469041.12
06/08/25,UPI-Himanshu Mehta-himanshu.mehta@ybl-029011289334-DR VIA UPI,486515720193,"20,600.05",,448441.07
06/08/25,POS STAR BAZAAR NOIDA,265866803456,"8,100.01",,440341.06
07/08/25,UPI-Sneha Pillai-sneha.pillai@ptyes-954395622738-CR VIA UPI,592171832806,,"12,150.38",452491.44
07/08/25,UPI-Krishna Menon-krishna146@axl-939828174299-CR VIA UPI,381398676435,,"13,500.28",465991.72
07/08/25,UPI-Ola Cabs-olamoney@ola-632057483172-DR VIA UPI,608284022088,740.30,,465251.42
08/08/25,UPI-Myntra-myntra@ybl-032914414358-DR VIA UPI,946918911867,300.18,,464951.24
10/08/25,UPI-Ramesh Thapar-ramesh640@kotak-404376834371-CR VIA UPI,663351333956,,"15,000.48",479951.72
10/08/25,POS BHARAT PETROLEUM NOIDA,563862740232,"3,700.88",,476250.84
10/08/25,POS V MART NOIDA,173605892861,"4,200.46",,472050.38
11/08/25,UPI-Uber India-uber@paytm-351722767016-DR VIA UPI,983227468251,790.36,,471260.02
11/08/25,UPI-Vikram Chatterjee-5339929797@paytm-459095014284-DR VIA UPI,153363791075,"21,150.24",,450109.78
11/08/25,ATW-XXXXXX4093-GOT95805-NOIDA 011899135039,428154336902,"2,500.00",,447609.78
11/08/25,UPI-Ramesh Tiwari-ramesh.tiwari@ptyes-130668227903-DR VIA UPI,205924904547,"5,600.11",,442009.67
12/08/25,IMPS-I02224230004-SAPNA PILLAI-BARB-XXXXXXX4972-IMPSTXN,I02224230004,,"261,457.14",703466.81
12/08/25,UPI-Kunal Shukla-3336979187@paytm-281416868536-DR VIA UPI,506016754411,"13,300.34",,690166.47
12/08/25,ECS-NACH-SIP2139181-Axis Mutual Fund,293947499456,"2,000.00",,688166.47
12/08/25,ATW-XXXXXX1677-WKJ59795-NOIDA 427773520251,728641430831,"5,500.00",,682666.47
13/08/25,UPI-Jio Recharge-jio@paytm-999580151796-DR VIA UPI,668065863200,370.06,,682296.41
13/08/25,POS MORE SUPER MARKET NOIDA,662373089488,"3,650.45",,678645.96
14/08/25,UPI-Saurabh Bajaj-saurabhbaja42@ptaxis-133072579029-DR VIA UPI,939504983361,"12,400.32",,666245.64
14/08/25,UPI-Apollo Pharmacy-apollopharmacy@ybl-211971995101-DR VIA UPI,586178202964,"2,100.84",,664144.80
14/08/25,UPI-BSNL Broadband-broadband@paytm-434127033060-DR VIA UPI,852196055912,449.00,,663695.80
15/08/25,UPI-Ola Cabs-olamoney@ola-770616384454-DR VIA UPI,803189759992,650.61,,663045.19
15/08/25,UPI-Jio Recharge-airtel@axis-274543527903-DR VIA UPI,838185613771,349.00,,662696.19
16/08/25,UPI-Vikram Srivastava-vikramsriv34@ptyes-622916383756-DR VIA UPI,269575035664,"15,300.08",,647396.11
16/08/25,RTGS-R48694250121-POOJA TIWARI/BARB0119060,R48694250121,"252,156.19",,395239.92
17/08/25,UPI-PhonePe Merchant-phonepe@ybl-292965826034-DR VIA UPI,693171669473,"1,370.31",,393869.61
17/08/25,UPI-Amazon Pay-amazon@apl-280232687150-DR VIA UPI,950991629433,"1,350.16",,392519.45
17/08/25,UPI-Akash Banerjee-akash.banerjee@apl-049928884525-CR VIA UPI,940140970186,,"18,150.90",410670.35
17/08/25,UPI-Ola Cabs-olamoney@ola-044689566054-DR VIA UPI,073731447914,"1,310.22",,409360.13
18/08/25,POS MAX FASHION NOIDA,428375784681,"7,150.86",,402209.27
18/08/25,UPI-Kavya Kapoor-kavyakapo73@okicici-154424265812-CR VIA UPI,063765973308,,"13,250.13",415459.40
18/08/25,UPI-Rapido-rapido@icici-995258653155-DR VIA UPI,982730947891,360.67,,415098.73
19/08/25,UPI-Radha Tiwari-radhatiwa61@pthdfc-886300270241-DR VIA UPI,217648724446,"18,150.98",,396947.75
19/08/25,UPI-Ashish Nair-ashish.nair@okaxis-467526579565-CR VIA UPI,296067121290,,"16,550.76",413498.51
19/08/25,UPI-Jio Recharge-airtel@axis-345939113175-DR VIA UPI,891031688248,629.00,,412869.51
20/08/25,UPI-Indane Gas-indanegas@upi-756219281182-DR VIA UPI,926810625255,"1,600.45",,411269.06
21/08/25,UPI-KSEB-ksebpayment@upi-020069817747-DR VIA UPI,938259881349,"2,250.79",,409018.27
21/08/25,UPI-Jio Recharge-airtel@axis-474465444614-DR VIA UPI,220837741131,529.00,,408489.27
21/08/25,UPI-Pooja Sethi-poojaseth17@okaxis-387947246023-DR VIA UPI,166541655108,"17,450.12",,391039.15
21/08/25,UPI-Ankit Ghosh-ankit438@ptaxis-051834051488-DR VIA UPI,313888274836,"8,800.98",,382238.17
22/08/25,ATW-XXXXXX9794-YWD49848-NOIDA 310603871767,738803727772,"8,500.00",,373738.17
22/08/25,UPI-Sangita Ahuja-8938398739@axl-245826027601-DR VIA UPI,634302621317,"1,050.32",,372687.85
23/08/25,UPI-Rani Sethi-raniseth55@okicici-540117079314-DR VIA UPI,041079053765,"20,900.72",,351787.13
23/08/25,UPI-Apollo Pharmacy-apollopharmacy@ybl-446560172737-DR VIA UPI,612959897846,949.00,,350838.13
23/08/25,UPI-Flipkart-flipkart@ybl-656881250824-DR VIA UPI,196764583519,"1,360.42",,349477.71
24/08/25,UPI-Swiggy-swiggy@icici-884081997978-DR VIA UPI,486842088574,850.37,,348627.34
24/08/25,POS MAX FASHION NOIDA,722981825868,"2,100.52",,346526.82
24/08/25,UPI-Nykaa-nykaa@razorpay-324557603887-DR VIA UPI,226692402484,"3,750.09",,342776.73
25/08/25,POS VISHAL MEGA MART NOIDA,974663432803,"3,100.87",,339675.86
26/08/25,UPI-Preeti Iyer-preetiiyer11@apl-680212236742-DR VIA UPI,052098838864,"11,550.89",,328124.97
27/08/25,UPI-Jio Recharge-jio@paytm-105088595282-DR VIA UPI,101658101334,"1,000.44",,327124.53
29/08/25,UPI-Rapido-rapido@icici-815252300041-DR VIA UPI,480807698407,490.77,,326633.76
31/08/25,POS HP PETROL PUMP NOIDA,895239276864,"1,000.71",,325633.05
01/09/25,UPI-Kavita Mukherjee-kavita754@apl-448119084894-DR VIA UPI,205445654152,"13,000.63",,312632.42
02/09/25,SALARY-S3101308840435/NEFT/Madura Garments Pvt Ltd,231277055471,,"130,838.20",443470.62
02/09/25,UPI-Rohit Pillai-rohitpill95@oksbi-278184880694-DR VIA UPI,424371945590,"18,150.85",,425319.77
03/09/25,POS MORE SUPER MARKET NOIDA,815691672024,"4,250.56",,421069.21
03/09/25,UPI-BigBasket-bigbasket@ybl-578689983079-DR VIA UPI,342731262307,550.96,,420518.25
03/09/25,ATW-XXXXXX7085-BBM07156-NOIDA 542171638699,832242669014,"1,500.00",,419018.25
04/09/25,UPI-Rapido-rapido@icici-519145969505-DR VIA UPI,763800192612,320.45,,418697.80
04/09/25,POS VISHAL MEGA MART NOIDA,282992460284,"6,500.24",,412197.56
05/09/25,ATW-XXXXXX2623-HSQ19021-NOIDA 162526271922,622984215844,"5,000.00",,407197.56
06/09/25,UPI-Jio Recharge-airtel@axis-542969158076-DR VIA UPI,502501553380,699.00,,406498.56
06/09/25,ATW-XXXXXX6138-CJG85757-NOIDA 845357411062,125096840898,"6,000.00",,400498.56
07/09/25,UPI-Meena Shah-1747381261@ptaxis-608729122225-DR VIA UPI,161062394238,"11,200.65",,389297.91
07/09/25,ECS-NACH-RNT7353041-RENT MANDATE,401507856963,"27,000.00",,362297.91
09/09/25,POS BHARAT PETROLEUM NOIDA,722340268426,"3,500.91",,358797.00
09/09/25,UPI-Uber India-uber@paytm-644647453225-DR VIA UPI,624197583689,850.95,,357946.05
09/09/25,UPI-Jio Recharge-jio@paytm-304522859864-DR VIA UPI,695325617701,"2,790.24",,355155.81
09/09/25,UPI-Jio Recharge-airtel@axis-940936740593-DR VIA UPI,045572321693,499.00,,354656.81
09/09/25,UPI-Uber India-uber@paytm-061917226900-DR VIA UPI,681082997291,"2,000.82",,352655.99
11/09/25,UPI-Rekha Sharma-rekha971@okicici-231510357010-CR VIA UPI,144642562738,,"3,000.58",355656.57
11/09/25,UPI-Mohit Menon-6123485731@ptsbi-237605800599-DR VIA UPI,781070310624,"4,050.33",,351606.24
11/09/25,UPI-Nykaa-nykaa@razorpay-002263543673-DR VIA UPI,148510786069,"2,900.19",,348706.05
12/09/25,UPI-Neha Kapoor-neha783@kotak-158170226746-DR VIA UPI,323556586149,"10,550.38",,338155.67
12/09/25,UPI-BigBasket-bigbasket@ybl-776062753732-DR VIA UPI,523473718232,950.00,,337205.67
12/09/25,UPI-Tata AIA Life-licindia@licindia-761011894376-DR VIA UPI,764307752158,"5,300.00",,331905.67
12/09/25,UPI-Ramesh Singh-ramesh461@axl-608225703603-DR VIA UPI,667419951596,"9,850.43",,322055.24
13/09/25,UPI-Apollo Pharmacy-apollopharmacy@ybl-278438398188-DR VIA UPI,416211571399,699.00,,321356.24
13/09/25,UPI-Jio Recharge-airtel@axis-114328282402-DR VIA UPI,293388237604,289.00,,321067.24
14/09/25,POS CENTRAL MALL NOIDA,165162149918,"4,350.13",,316717.11
14/09/25,UPI-Kapil Menon-kapilmeno68@ptyes-589208507386-CR VIA UPI,462501631826,,"4,450.19",321167.30
15/09/25,UPI-Indane Gas-indanegas@upi-418654104873-DR VIA UPI,669533182017,"2,150.89",,319016.41
15/09/25,UPI-Apollo Pharmacy-apollopharmacy@ybl-454814385596-DR VIA UPI,505616172222,749.00,,318267.41
17/09/25,UPI-Vishal Sen-vishalsen33@aubank-033514633741-CR VIA UPI,596338987181,,"7,750.69",326018.10
17/09/25,ECS-NACH-SIP0470737-Axis Mutual Fund,380682223012,"2,000.00",,324018.10
18/09/25,UPI-Arun Kapoor-arunkapo90@axl-718158189384-CR VIA UPI,973119370006,,"16,300.89",340318.99
18/09/25,UPI-Seema Patil-seema520@ptaxis-570215174870-CR VIA UPI,804602621203,,"9,250.13",349569.12
19/09/25,UPI-Uber India-uber@paytm-426136341719-DR VIA UPI,324092002894,"1,610.92",,347958.20
19/09/25,UPI-Amazon Pay-amazon@apl-437778634072-DR VIA UPI,338245906631,"1,500.26",,346457.94
20/09/25,UPI-KSEB-ksebpayment@upi-765163478435-DR VIA UPI,568458429734,"1,700.92",,344757.02
20/09/25,UPI-Jio Recharge-jio@paytm-631298937142-DR VIA UPI,898796047052,360.00,,344397.02
20/09/25,UPI-Ola Cabs-olamoney@ola-413218127930-DR VIA UPI,296566280420,"1,380.92",,343016.10
20/09/25,UPI-Priya Tiwari-priya.tiwari@paytm-028767641523-CR VIA UPI,990616108306,,500.85,343516.95
20/09/25,POS BHARAT PETROLEUM NOIDA,312002325886,"3,500.84",,340016.11
21/09/25,POS MORE SUPER MARKET NOIDA,631172996820,"6,550.47",,333465.64
21/09/25,UPI-Jio Recharge-airtel@axis-565770003022-DR VIA UPI,344495379296,799.00,,332666.64
22/09/25,UPI-Dunzo-dunzo@razorpay-191315913995-DR VIA UPI,638967057101,"1,480.25",,331186.39
23/09/25,UPI-Uber India-uber@paytm-490451383696-DR VIA UPI,682755063097,"1,960.74",,329225.65
23/09/25,UPI-Deepa Dubey-deepadube39@ptaxis-054421543242-DR VIA UPI,379380041900,"10,100.69",,319124.96
24/09/25,POS SHOPPERS STOP NOIDA,844741961858,"6,900.07",,312224.89
24/09/25,ATW-XXXXXX0096-NKS84805-NOIDA 170647076595,062228139892,"6,500.00",,305724.89
25/09/25,UPI-Pallavi Menon-pallavi902@ibl-857151512935-DR VIA UPI,836409334796,"13,850.71",,291874.18
25/09/25,UPI-Ola Cabs-olamoney@ola-875216170125-DR VIA UPI,375593446548,890.41,,290983.77
26/09/25,UPI-BSNL Broadband-bsnlbroadband@upi-352884948510-DR VIA UPI,398526101749,450.41,,290533.36
27/09/25,INTEREST CREDIT,287667686270,,255.58,290788.94
28/09/25,UPI-MedPlus Health-medplus@icici-777066006856-DR VIA UPI,642182652488,910.38,,289878.56
28/09/25,UPI-Rapido-rapido@icici-957053998560-DR VIA UPI,872595329755,570.26,,289308.30
29/09/25,GST ON CHARGES,705352630995,91.80,,289216.50
29/09/25,MOBILE BANKING CHARGES,492869365161,510.00,,288706.50
29/09/25,UPI-Varsha Malhotra-9541267983@ybl-361373112077-CR VIA UPI,165851440056,,"16,600.14",305306.64
01/10/25,POS CENTRAL MALL NOIDA,301286760444,"2,900.50",,302406.14
02/10/25,SALARY-S8807986447905/NEFT/Madura Garments Pvt Ltd,404690768033,,"126,539.20",428945.34
02/10/25,ATW-XXXXXX5278-JRS84550-NOIDA 427846865567,511973651895,"4,000.00",,424945.34
02/10/25,UPI-Flipkart-flipkart@ybl-419355488948-DR VIA UPI,895603326989,"1,890.46",,423054.88
02/10/25,UPI-Flipkart-flipkart@ybl-805453141460-DR VIA UPI,772887075787,"5,050.77",,418004.11
03/10/25,UPI-Blinkit-blinkit@kotak-269171289481-DR VIA UPI,328000267765,"1,780.38",,416223.73
03/10/25,UPI-Jio Recharge-airtel@axis-360068389478-DR VIA UPI,823112224031,569.00,,415654.73
03/10/25,ATW-XXXXXX2384-ZHP81019-NOIDA 211570785869,205769420525,"7,500.00",,408154.73
04/10/25,UPI-Tata AIA Life-licindia@licindia-333235950055-DR VIA UPI,146585696409,"5,300.00",,402854.73
04/10/25,UPI-Santosh Kulkarni-santoshkulk21@ptaxis-361135113478-CR VIA UPI,977069087388,,"2,250.43",405105.16
05/10/25,UPI-Jio Recharge-airtel@axis-725960790892-DR VIA UPI,276563689807,669.00,,404436.16
05/10/25,UPI-Ola Cabs-olamoney@ola-984718231164-DR VIA UPI,468421389954,210.62,,404225.54
05/10/25,UPI-Dunzo-dunzo@razorpay-240881697145-DR VIA UPI,160672681693,"1,670.46",,402555.08
06/10/25,UPI-PhonePe Merchant-phonepe@ybl-912509517812-DR VIA UPI,336838592036,"2,730.09",,399824.99
06/10/25,ECS-NACH-RNT3779059-RENT MANDATE,534968325450,"27,000.00",,372824.99
07/10/25,UPI-Manoj Sharma-9505250045@ybl-907126961569-CR VIA UPI,491809340828,,"2,400.49",375225.48
07/10/25,POS LIFESTYLE STORES NOIDA,462134412293,800.46,,374425.02
08/10/25,UPI-Sanjay Reddy-7185147854@upi-555547780090-DR VIA UPI,836949375805,"1,400.98",,373024.04
09/10/25,POS BIG BAZAAR NOIDA,387143039325,"1,650.46",,371373.58
10/10/25,POS MAX FASHION NOIDA,359623089417,"5,450.18",,365923.40
10/10/25,UPI-BSNL Broadband-broadband@paytm-569704556670-DR VIA UPI,403350806693,549.00,,365374.40
10/10/25,UPI-Jio Recharge-airtel@axis-272213141953-DR VIA UPI,930023258291,289.00,,365085.40
10/10/25,UPI-Rapido-rapido@icici-708225296443-DR VIA UPI,407615487365,730.33,,364355.07
11/10/25,UPI-IRCTC-irctc@upi-853067020557-DR VIA UPI,088517444510,799.00,,363556.07
12/10/25,UPI-BigBasket-bigbasket@ybl-765024182297-DR VIA UPI,956598851009,820.51,,362735.56
12/10/25,UPI-Vikram Joshi-vikram.joshi@okaxis-975917186032-CR VIA UPI,271657506964,,"7,250.21",369985.77
12/10/25,POS BRAND FACTORY NOIDA,204901489337,950.44,,369035.33
13/10/25,ECS-NACH-SIP6662765-Axis Mutual Fund,265077867451,"2,000.00",,367035.33
13/10/25,UPI-KSEB-ksebpayment@upi-174681301196-DR VIA UPI,391346681256,600.31,,366435.02
13/10/25,UPI-Blinkit-blinkit@kotak-041751472262-DR VIA UPI,099967724632,"1,730.71",,364704.31
13/10/25,UPI-Blinkit-blinkit@kotak-358729056420-DR VIA UPI,215994991362,"1,730.30",,362974.01
15/10/25,ATW-XXXXXX6354-VHV83135-NOIDA 887352393915,282477605473,"6,000.00",,356974.01
15/10/25,UPI-Jio Recharge-jio@paytm-714342686416-DR VIA UPI,674373050873,"2,240.63",,354733.38
15/10/25,NEFT*N7065835106383/Bharti Airtel Ltd/CR,708144409553,,"35,500.51",390233.89
15/10/25,UPI-Uber India-uber@paytm-546616975070-DR VIA UPI,326751764871,380.42,,389853.47
16/10/25,POS BHARAT PETROLEUM NOIDA,978832709893,"1,350.54",,388502.93
17/10/25,UPI-Zomato-zomato@axisbank-261112875828-DR VIA UPI,351136859484,"1,980.71",,386522.22
17/10/25,UPI-Swiggy-swiggy@icici-628091592342-DR VIA UPI,162545291166,"2,560.96",,383961.26
18/10/25,UPI-Indane Gas-indanegas@upi-918979372731-DR VIA UPI,636014444465,"2,100.57",,381860.69
18/10/25,POS BHARAT PETROLEUM NOIDA,684149339460,"3,850.76",,378009.93
19/10/25,POS STAR BAZAAR NOIDA,826904689105,850.69,,377159.24
19/10/25,UPI-Radha Patel-radha192@paytm-247789041977-DR VIA UPI,615932700502,"12,100.39",,365058.85
20/10/25,UPI-Jio Recharge-jio@paytm-872228440804-DR VIA UPI,290718756259,"1,380.30",,363678.55
20/10/25,UPI-Ravi Saxena-ravi684@axl-176787605904-CR VIA UPI,435472694837,,"6,150.93",369829.48
22/10/25,UPI-Naresh Chatterjee-naresh364@aubank-332703264983-DR VIA UPI,720772152035,"7,600.62",,362228.86
22/10/25,UPI-Paytm Mall-paytm@paytm-102262913990-DR VIA UPI,814288899339,"1,260.57",,360968.29
24/10/25,POS RELIANCE MART NOIDA,161797313773,"5,500.44",,355467.85
25/10/25,UPI-Uber India-uber@paytm-859818716707-DR VIA UPI,828744747969,380.11,,355087.74
27/10/25,UPI-Ola Cabs-olamoney@ola-628444392833-DR VIA UPI,787433081912,530.55,,354557.19
27/10/25,UPI-Varun Jain-varunjain40@pthdfc-766371665395-CR VIA UPI,652746353188,,"2,000.90",356558.09
28/10/25,UPI-Zepto-zepto@apl-814160257529-DR VIA UPI,261455398416,"2,280.11",,354277.98
28/10/25,UPI-Ritu Tiwari-ritu721@okicici-367223143255-DR VIA UPI,200077413069,"9,150.50",,345127.48
29/10/25,UPI-Saurabh Nambiar-saurabh.nambiar@upi-644956898068-DR VIA UPI,051122427589,"15,200.20",,329927.28
29/10/25,ATW-XXXXXX6184-VIE34808-NOIDA 900232598179,182797695278,"10,000.00",,319927.28
29/10/25,POS HP PETROL PUMP NOIDA,433463154689,"3,450.06",,316477.22
29/10/25,UPI-Jio Recharge-jio@paytm-843695908020-DR VIA UPI,627002583620,240.46,,316236.76
31/10/25,UPI-Uber India-uber@paytm-559970732910-DR VIA UPI,991998035000,"2,420.94",,313815.82
01/11/25,SALARY-S8860540273690/NEFT/Madura Garments Pvt Ltd,986712108105,,"126,825.20",440641.02
01/11/25,UPI-Deepak Gupta-8111784131@ptsbi-536389856045-CR VIA UPI,517038703368,,"20,100.46",460741.48
03/11/25,UPI-BSNL Broadband-broadband@paytm-018930433827-DR VIA UPI,809260030997,649.00,,460092.48
03/11/25,ECS-NACH-RNT3233328-RENT MANDATE,805716180857,"27,000.00",,433092.48
03/11/25,UPI-Ola Cabs-olamoney@ola-383067839306-DR VIA UPI,499628241048,"1,860.87",,431231.61
04/11/25,UPI-Zepto-zepto@apl-368611390241-DR VIA UPI,423326205281,"2,410.73",,428820.88
05/11/25,IMPS-301822301174-Rahul Pandey-BARB-XXXXXXX9183-IMPSTXN,205314125717,"22,900.84",,405920.04
06/11/25,UPI-Geeta Gupta-geeta.gupta@axl-315066230677-DR VIA UPI,053029679638,"11,350.58",,394569.46
06/11/25,UPI-Zomato-zomato@axisbank-901217581837-DR VIA UPI,615449905119,550.78,,394018.68
06/11/25,UPI-Myntra-myntra@ybl-377841035325-DR VIA UPI,708190122327,"2,500.02",,391518.66
06/11/25,UPI-Lata Shukla-lata315@ptsbi-483086542121-DR VIA UPI,235537340708,"10,050.14",,381468.52
07/11/25,UPI-Blinkit-blinkit@kotak-308357314483-DR VIA UPI,291200035395,"1,170.64",,380297.88
08/11/25,UPI-Nikhil Chaudhary-nikhilchau70@ibl-475979768378-DR VIA UPI,486291870125,"11,700.97",,368596.91
08/11/25,POS SHELL FUEL STATION NOIDA,276469818493,"1,500.16",,367096.75
10/11/25,UPI-PhonePe Merchant-phonepe@ybl-337901894099-DR VIA UPI,606901949391,680.59,,366416.16
10/11/25,UPI-KSEB-ksebpayment@upi-451306884789-DR VIA UPI,910813938679,"2,050.58",,364365.58
11/11/25,POS BHARAT PETROLEUM NOIDA,933730280894,"2,000.46",,362365.12
11/11/25,ATW-XXXXXX5986-QHI61046-NOIDA 660348110273,898054560267,"2,500.00",,359865.12
12/11/25,UPI-Jio Recharge-airtel@axis-681191045815-DR VIA UPI,175898202497,689.00,,359176.12
12/11/25,POS MORE SUPER MARKET NOIDA,482743903856,"7,350.77",,351825.35
12/11/25,UPI-Tata AIA Life-licindia@licindia-876843727518-DR VIA UPI,879625899693,"5,300.00",,346525.35
12/11/25,UPI-Uber India-uber@paytm-329889980249-DR VIA UPI,577968978724,"1,190.23",,345335.12
12/11/25,POS CENTRAL MALL NOIDA,455805587117,"3,500.82",,341834.30
12/11/25,UPI-Amazon Pay-amazon@apl-436300787103-DR VIA UPI,027905192057,"1,800.74",,340033.56
13/11/25,UPI-Myntra-myntra@ybl-673243978570-DR VIA UPI,357956283755,"2,600.23",,337433.33
13/11/25,UPI-Flipkart-flipkart@ybl-334465969338-DR VIA UPI,880879272115,"2,070.38",,335362.95
13/11/25,UPI-Paytm Mall-paytm@paytm-693365700986-DR VIA UPI,992960559222,700.20,,334662.75
14/11/25,UPI-PhonePe Merchant-phonepe@ybl-012025580468-DR VIA UPI,949659741021,980.10,,333682.65
14/11/25,UPI-Paytm Mall-paytm@paytm-464678452895-DR VIA UPI,536208323938,"2,070.81",,331611.84
14/11/25,UPI-Ola Cabs-olamoney@ola-871781789800-DR VIA UPI,273857560057,160.33,,331451.51
16/11/25,ATW-XXXXXX7802-OSY46360-NOIDA 139896535542,335253278210,"8,000.00",,323451.51
16/11/25,ECS-NACH-SIP5961711-Axis Mutual Fund,083489923041,"2,000.00",,321451.51
17/11/25,UPI-Mukesh Dutta-mukesh.dutta@pthdfc-747662486568-DR VIA UPI,908931156060,"4,850.09",,316601.42
17/11/25,UPI-Swiggy-swiggy@icici-892966033613-DR VIA UPI,986071912002,780.50,,315820.92
18/11/25,ATW-XXXXXX0509-JVJ82089-NOIDA 904752442506,268958387214,"1,500.00",,314320.92
18/11/25,IMPS-029048351001-Deepak Agarwal-PUNB-XXXXXXX3131-IMPSTXN,504169382479,"32,000.63",,282320.29
19/11/25,POS BRAND FACTORY NOIDA,878872982280,"2,050.21",,280270.08
19/11/25,UPI-Uber India-uber@paytm-286367697176-DR VIA UPI,628199382843,420.65,,279849.43
19/11/25,UPI-Harish Shah-harish.shah@aubank-642607075377-CR VIA UPI,903991503697,,"1,850.91",281700.34
19/11/25,UPI-Spotify-spotify@icici-707889633684-DR VIA UPI,121459087473,199.00,,281501.34
19/11/25,UPI-Zomato-zomato@axisbank-824128348789-DR VIA UPI,317768860757,"1,660.15",,279841.19
20/11/25,UPI-Blinkit-blinkit@kotak-670472779957-DR VIA UPI,074870195898,760.48,,279080.71
20/11/25,UPI-Asha Sethi-ashaseth88@okicici-998900578427-DR VIA UPI,244268193191,"7,650.47",,271430.24
23/11/25,UPI-Swiggy-swiggy@icici-781400421035-DR VIA UPI,473246092958,"1,180.15",,270250.09
23/11/25,UPI-PhonePe Merchant-phonepe@ybl-360213960823-DR VIA UPI,384682479091,"1,720.36",,268529.73
24/11/25,POS INDIAN OIL NOIDA,453107667877,"3,500.49",,265029.24
24/11/25,UPI-Anil Jain-8662376618@ptsbi-129025523478-CR VIA UPI,464033608674,,"3,100.76",268130.00
24/11/25,UPI-Renu Kumar-renukuma81@ptsbi-006629629887-CR VIA UPI,383551919505,,"5,800.55",273930.55
25/11/25,UPI-Ritu Dubey-ritu545@okicici-465610134504-DR VIA UPI,567666956517,"3,650.74",,270279.81
25/11/25,UPI-Kamal Patel-kamal506@okhdfcbank-529144813154-CR VIA UPI,373909692503,,"16,250.48",286530.29
26/11/25,UPI-Jio Recharge-airtel@axis-482444607792-DR VIA UPI,066747557718,879.00,,285651.29
26/11/25,UPI-Varsha Chopra-varsha603@ptsbi-170904518959-DR VIA UPI,058576476752,"2,200.64",,283450.65
26/11/25,UPI-Uber India-uber@paytm-159158849534-DR VIA UPI,356904112262,740.14,,282710.51
26/11/25,UPI-Indane Gas-indanegas@upi-798974223154-DR VIA UPI,068180622372,"1,550.42",,281160.09
27/11/25,UPI-Uber India-uber@paytm-647540769236-DR VIA UPI,204201892006,"2,150.14",,279009.95
27/11/25,UPI-Vivek Shah-vivek995@oksbi-840646162543-DR VIA UPI,073108971319,"21,550.85",,257459.10
28/11/25,GST ON CHARGES,781914674131,21.60,,257437.50
28/11/25,ATW-XXXXXX0001-VKQ77597-NOIDA 910789251802,652368077189,"2,000.00",,255437.50
28/11/25,MOBILE BANKING CHARGES,961688840158,120.00,,255317.50
28/11/25,UPI-Rekha Mehta-rekha.mehta@kotak-589629982803-DR VIA UPI,428796292500,"5,400.11",,249917.39
29/11/25,UPI-Brijesh Naik-brijesh854@apl-372726164584-CR VIA UPI,532359672926,,"14,600.51",264517.90
29/11/25,UPI-Ritu Tiwari-6951529321@upi-041037490278-CR VIA UPI,719828333771,,"2,650.26",267168.16
30/11/25,UPI-Naveen Gupta-5636316292@kotak-493953049407-DR VIA UPI,463626290985,"9,500.04",,257668.12
30/11/25,POS SHELL FUEL STATION NOIDA,208713470499,"3,250.62",,254417.50
30/11/25,UPI-Shreya Agarwal-shreya.agarwal@axl-757808453509-CR VIA UPI,191852899173,,"14,350.21",268767.71
01/12/25,SALARY-S8437176781288/NEFT/Madura Garments Pvt Ltd,516993484726,,"129,718.20",398485.91
01/12/25,UPI-Lata Mishra-lata159@okhdfcbank-836450466424-CR VIA UPI,006707161431,,"1,200.51",399686.42
01/12/25,UPI-Amazon Pay-amazon@apl-544603892850-DR VIA UPI,853868846400,"2,170.30",,397516.12
01/12/25,UPI-Vandana Agarwal-2585902332@axl-834543868788-DR VIA UPI,387947306962,"19,600.16",,377915.96
01/12/25,UPI-Ramesh Reddy-ramesh717@ptaxis-531875373289-CR VIA UPI,734872735819,,550.75,378466.71
01/12/25,UPI-Zomato-zomato@axisbank-033937020478-DR VIA UPI,684399173009,180.61,,378286.10
02/12/25,ATW-XXXXXX3015-BTE40483-NOIDA 682934353043,517241784262,"8,000.00",,370286.10
03/12/25,UPI-Arjun Jain-5203180495@pthdfc-562716040109-DR VIA UPI,044697653961,"3,900.63",,366385.47
03/12/25,UPI-Anita Mehta-6576848440@apl-021660847664-DR VIA UPI,425644836563,"5,600.14",,360785.33
03/12/25,UPI-Swiggy-swiggy@icici-526917237970-DR VIA UPI,138420459863,"1,210.51",,359574.82
03/12/25,UPI-BigBasket-bigbasket@ybl-422682056217-DR VIA UPI,670463198325,"1,970.02",,357604.80
04/12/25,UPI-Tata AIA Life-licindia@licindia-045597183163-DR VIA UPI,802484828524,"5,300.00",,352304.80
05/12/25,ECS-NACH-RNT9939655-RENT MANDATE,273669414910,"27,000.00",,325304.80
05/12/25,UPI-Jio Recharge-airtel@axis-227760718351-DR VIA UPI,441563887657,839.00,,324465.80
07/12/25,UPI-Neha Chaudhary-neha.chaudhary@ybl-203497025575-DR VIA UPI,352708272351,"12,000.14",,312465.66
07/12/25,POS BRAND FACTORY NOIDA,785870768217,"4,400.48",,308065.18
08/12/25,POS SHOPPERS STOP NOIDA,399498577950,"8,150.00",,299915.18
08/12/25,POS RELIANCE PETROLEUM NOIDA,862556941514,"1,050.43",,298864.75
08/12/25,ATW-XXXXXX3521-KSH31337-NOIDA 543749983423,375816135200,"3,000.00",,295864.75
09/12/25,UPI-Flipkart-flipkart@ybl-555393812945-DR VIA UPI,970224994489,120.20,,295744.55
09/12/25,POS V MART NOIDA,150354270160,"7,000.99",,288743.56
10/12/25,UPI-Santosh Ghosh-santosh464@okaxis-191297469046-DR VIA UPI,864018426250,"1,650.92",,287092.64
11/12/25,UPI-KSEB-ksebpayment@upi-709775224096-DR VIA UPI,430096327657,"1,700.44",,285392.20
12/12/25,UPI-Rapido-rapido@icici-654761848999-DR VIA UPI,187341396374,590.72,,284801.48
13/12/25,UPI-Preeti Ghosh-preetighos24@ptyes-481766341137-DR VIA UPI,945035434316,"2,100.69",,282700.79
13/12/25,UPI-Sunil Roy-sunilroy76@upi-842258575170-CR VIA UPI,872501191818,,"5,650.24",288351.03
13/12/25,UPI-Blinkit-blinkit@kotak-442015821430-DR VIA UPI,363929162967,190.28,,288160.75
13/12/25,ATW-XXXXXX4368-FQX31674-NOIDA 217899989619,765679134399,"3,500.00",,284660.75
15/12/25,UPI-Meesho-meesho@ybl-629206598992-DR VIA UPI,140062868830,"3,950.81",,280709.94
15/12/25,UPI-Kamal Das-kamal444@okicici-135916134688-CR VIA UPI,977039275979,,200.12,280910.06
15/12/25,UPI-Anita Naik-anita253@ptaxis-868393929543-DR VIA UPI,957991362554,"20,050.59",,260859.47
15/12/25,ECS-NACH-SIP0639912-Axis Mutual Fund,184848084702,"2,000.00",,258859.47
16/12/25,UPI-Arjun Srivastava-1842989915@ptyes-393237738489-CR VIA UPI,269182335509,,200.30,259059.77
16/12/25,UPI-Zomato-zomato@axisbank-033373064361-DR VIA UPI,205903307531,"2,790.86",,256268.91
17/12/25,UPI-Archana Desai-archanadesa53@axl-024328038344-CR VIA UPI,578728438512,,"12,150.05",268418.96
18/12/25,UPI-Ola Cabs-olamoney@ola-518369964493-DR VIA UPI,661534345531,190.21,,268228.75
19/12/25,UPI-Prashant Sethi-prashant.sethi@okhdfcbank-565150503253-DR VIA UPI,753157029168,"3,550.92",,264677.83
19/12/25,UPI-Usha Bajaj-usha.bajaj@aubank-249906942440-CR VIA UPI,969968739528,,"13,000.38",277678.21
20/12/25,UPI-Mukesh Jain-mukesh414@ibl-338374382166-DR VIA UPI,182742235934,"15,650.82",,262027.39
20/12/25,UPI-Shivam Tiwari-shivam.tiwari@ybl-967344782004-DR VIA UPI,752210059139,"14,900.41",,247126.98
21/12/25,POS STAR BAZAAR NOIDA,368039941558,"5,200.49",,241926.49
21/12/25,UPI-Jio Recharge-jio@paytm-783194647867-DR VIA UPI,271534855622,"2,700.19",,239226.30
22/12/25,UPI-Hotstar-hotstar@hdfcbank-229219785701-DR VIA UPI,586088514728,799.00,,238427.30
22/12/25,UPI-Jio Recharge-airtel@axis-104158145367-DR VIA UPI,819617653877,199.00,,238228.30
22/12/25,POS HP PETROL PUMP NOIDA,725829820053,"2,750.80",,235477.50
23/12/25,UPI-Rapido-rapido@icici-451772457606-DR VIA UPI,338991029513,800.51,,234676.99
23/12/25,UPI-Paytm Mall-paytm@paytm-624426988789-DR VIA UPI,821819579573,"1,220.57",,233456.42
23/12/25,UPI-Uber India-uber@paytm-006096765736-DR VIA UPI,567304748565,"1,960.34",,231496.08
23/12/25,UPI-Indane Gas-indanegas@upi-471262524280-DR VIA UPI,040723062354,"2,400.16",,229095.92
23/12/25,UPI-Rapido-rapido@icici-999956640696-DR VIA UPI,346571795383,870.52,,228225.40
24/12/25,POS CENTRAL MALL NOIDA,705949004206,"5,100.79",,223124.61
24/12/25,UPI-BigBasket-bigbasket@ybl-707251854873-DR VIA UPI,463916479248,"2,750.65",,220373.96
25/12/25,UPI-Nykaa-nykaa@razorpay-090905430158-DR VIA UPI,950285933575,"2,950.39",,217423.57
25/12/25,UPI-Spotify-spotify@icici-629338694585-DR VIA UPI,889776375362,499.00,,216924.57
26/12/25,UPI-Sarita Kapoor-2610031782@okicici-888423956532-DR VIA UPI,139047279239,"18,550.47",,198374.10
26/12/25,UPI-Manish Dubey-manish940@upi-846836611959-DR VIA UPI,963681642555,"9,000.08",,189374.02
27/12/25,UPI-Kiran Joshi-kiran.joshi@ptsbi-693383401427-CR VIA UPI,018595567850,,"17,150.22",206524.24
27/12/25,UPI-Ola Cabs-olamoney@ola-499189629471-DR VIA UPI,457939864805,460.78,,206063.46
27/12/25,POS D MART NOIDA,684834101229,"1,350.23",,204713.23
28/12/25,UPI-Jio Recharge-airtel@axis-894072759001-DR VIA UPI,719403275037,979.00,,203734.23
28/12/25,UPI-Kavita Pandey-kavitapand78@ibl-428290474442-DR VIA UPI,662261290006,"10,850.42",,192883.81
28/12/25,INTEREST CREDIT,600091990854,,"1,005.15",193888.96
28/12/25,UPI-Amazon Pay-amazon@apl-177551998655-DR VIA UPI,912112718908,810.76,,193078.20
28/12/25,UPI-Flipkart-flipkart@ybl-742257632031-DR VIA UPI,166312733102,"2,700.38",,190377.82
29/12/25,UPI-Siddharth Jain-siddharth383@axl-847996777803-CR VIA UPI,914100778531,,"4,250.01",194627.83
31/12/25,POS BRAND FACTORY NOIDA,117645336830,"2,400.61",,192227.22
31/12/25,POS BRAND FACTORY NOIDA,285265498799,"2,200.43",,190026.79
02/01/26,UPI-Amazon Pay-amazon@apl-376004190786-DR VIA UPI,560900192106,550.32,,189476.47
02/01/26,SALARY-S8703672995729/NEFT/Madura Garments Pvt Ltd,527655953894,,"129,704.20",319180.67
03/01/26,UPI-Arjun Menon-arjun.menon@okhdfcbank-184908770833-DR VIA UPI,117014644284,"6,850.53",,312330.14
03/01/26,POS RELIANCE PETROLEUM NOIDA,051008898441,"2,500.51",,309829.63
03/01/26,UPI-Dunzo-dunzo@razorpay-667791386970-DR VIA UPI,067259940484,"1,530.01",,308299.62
04/01/26,UPI-Ola Cabs-olamoney@ola-017389077015-DR VIA UPI,237818591476,"1,050.50",,307249.12
04/01/26,UPI-Jio Recharge-airtel@axis-652313441769-DR VIA UPI,182485618548,599.00,,306650.12
04/01/26,ATW-XXXXXX7772-DJK39693-NOIDA 645129857454,526011664144,"10,000.00",,296650.12
04/01/26,UPI-Kunal Shukla-9380055577@apl-721866085635-DR VIA UPI,829195493974,"17,750.79",,278899.33
05/01/26,POS METRO CASH CARRY NOIDA,825298045413,"2,600.10",,276299.23
05/01/26,UPI-Paytm Mall-paytm@paytm-304601477522-DR VIA UPI,186394667209,"2,110.55",,274188.68
05/01/26,UPI-BSNL Broadband-bsnlbroadband@upi-108788438278-DR VIA UPI,378490382659,"1,020.26",,273168.42
05/01/26,UPI-Kamal Sen-kamal206@ptyes-932569364078-DR VIA UPI,698125516215,"12,300.33",,260868.09
05/01/26,UPI-Flipkart-flipkart@ybl-073043637892-DR VIA UPI,136285293504,350.18,,260517.91
05/01/26,ECS-NACH-RNT2069359-RENT MANDATE,954018000798,"27,000.00",,233517.91
05/01/26,ATW-XXXXXX2472-GXN11256-NOIDA 812016051332,960399064271,"7,500.00",,226017.91
05/01/26,UPI-Nisha Ghosh-nisha628@ptyes-700489683282-DR VIA UPI,405140290879,"11,450.54",,214567.37
06/01/26,UPI-Uber India-uber@paytm-140681996338-DR VIA UPI,844031943421,680.91,,213886.46
06/01/26,UPI-Uber India-uber@paytm-175196397465-DR VIA UPI,049602592182,470.00,,213416.46
06/01/26,UPI-Uber India-uber@paytm-453077080046-DR VIA UPI,869489854488,360.86,,213055.60
06/01/26,UPI-Tata AIA Life-licindia@licindia-341967058156-DR VIA UPI,759310098185,"5,300.00",,207755.60
06/01/26,UPI-Paytm Mall-paytm@paytm-699639004467-DR VIA UPI,329595963779,"2,100.33",,205655.27
07/01/26,UPI-Flipkart-flipkart@ybl-018593517856-DR VIA UPI,760128124000,"1,770.77",,203884.50
08/01/26,UPI-Amit Bose-amit163@okicici-469472484830-CR VIA UPI,471530588801,,"16,850.91",220735.41
08/01/26,UPI-Flipkart-flipkart@ybl-899884664502-DR VIA UPI,895401941038,"2,500.62",,218234.79
09/01/26,UPI-Ankit Khanna-1310616185@pthdfc-539776946423-DR VIA UPI,612658201523,"12,850.19",,205384.60
09/01/26,UPI-Neha Naik-0589194802@paytm-180973826835-DR VIA UPI,777028674729,"13,500.71",,191883.89
09/01/26,UPI-Amazon Pay-amazon@apl-381990833933-DR VIA UPI,647022129995,450.26,,191433.63
09/01/26,UPI-Manoj Ghosh-1640481298@axl-782181718658-CR VIA UPI,474645573614,,"9,300.58",200734.21
10/01/26,UPI-Yogesh Reddy-yogeshredd80@ptaxis-168122304929-CR VIA UPI,087019425945,,"16,000.01",216734.22
11/01/26,ATW-XXXXXX0201-DMD64025-NOIDA 422895084368,806806816105,"7,500.00",,209234.22
11/01/26,UPI-Lalit Jain-lalit.jain@ptyes-507268636630-DR VIA UPI,481023604278,"20,200.97",,189033.25
11/01/26,ECS-NACH-SIP1421636-Axis Mutual Fund,617572405526,"2,000.00",,187033.25
12/01/26,POS BRAND FACTORY NOIDA,756442480449,550.64,,186482.61
13/01/26,UPI-Swiggy-swiggy@icici-483257501630-DR VIA UPI,845252948453,760.78,,185721.83
13/01/26,UPI-Dunzo-dunzo@razorpay-546628920167-DR VIA UPI,072293580671,460.49,,185261.34
13/01/26,UPI-KSEB-ksebpayment@upi-110485819004-DR VIA UPI,270325161679,"3,500.94",,181760.40
13/01/26,POS D MART NOIDA,470062067102,"7,200.80",,174559.60
13/01/26,UPI-Archana Pillai-archana.pillai@okhdfcbank-477782189832-CR VIA UPI,338858154339,,"9,100.37",183659.97
13/01/26,POS SHOPPERS STOP NOIDA,987606261578,"1,200.40",,182459.57
14/01/26,ATW-XXXXXX5396-BVG04793-NOIDA 591764430757,220286482619,"10,000.00",,172459.57
14/01/26,UPI-Siddharth Nair-siddharth.nair@ybl-180415287093-CR VIA UPI,518527671192,,"9,750.27",182209.84
15/01/26,UPI-Jio Recharge-jio@paytm-651569474320-DR VIA UPI,823721077397,"2,100.92",,180108.92
15/01/26,UPI-Rani Patil-rani237@ptyes-882850442251-CR VIA UPI,948325396666,,"15,600.90",195709.82
15/01/26,UPI-Harish Dutta-harishdutt14@okaxis-558787460439-DR VIA UPI,181995242852,"17,000.01",,178709.81
15/01/26,UPI-Dunzo-dunzo@razorpay-645412479854-DR VIA UPI,961768674171,"2,390.35",,176319.46
17/01/26,UPI-Ola Cabs-olamoney@ola-522485902349-DR VIA UPI,010444660302,570.37,,175749.09
17/01/26,POS INDIAN OIL NOIDA,433442263018,"1,150.26",,174598.83
18/01/26,UPI-Harish Singh-0892848171@ptyes-815854235638-CR VIA UPI,579782583960,,"3,950.91",178549.74
18/01/26,UPI-Ola Cabs-olamoney@ola-726989272876-DR VIA UPI,120896185504,"2,470.50",,176079.24
18/01/26,UPI-BSNL Broadband-bsnlbroadband@upi-242452510592-DR VIA UPI,244459099220,520.95,,175558.29
21/01/26,ATW-XXXXXX3989-DME35269-NOIDA 594859802398,827402186709,"2,000.00",,173558.29
22/01/26,UPI-Swiggy-swiggy@icici-690056566570-DR VIA UPI,095362670192,"1,240.62",,172317.67
23/01/26,UPI-Nikhil Joshi-nikhiljosh11@okaxis-018557944092-CR VIA UPI,409270892064,,"5,650.27",177967.94
23/01/26,UPI-BSNL Broadband-broadband@paytm-113751063173-DR VIA UPI,328016861728,"1,249.00",,176718.94
23/01/26,POS PANTALOONS NOIDA,560887457260,"6,950.80",,169768.14
24/01/26,UPI-Jio Recharge-airtel@axis-698698293830-DR VIA UPI,562973097548,719.00,,169049.14
25/01/26,UPI-Ola Cabs-olamoney@ola-161587504085-DR VIA UPI,739321986115,820.54,,168228.60
25/01/26,UPI-Arjun Das-1690679390@apl-729953433891-CR VIA UPI,063750479913,,"3,550.90",171779.50
26/01/26,UPI-Indane Gas-indanegas@upi-796523857763-DR VIA UPI,084262858888,"1,400.25",,170379.25
26/01/26,UPI-Ashish Ahuja-1023303504@apl-996637068329-DR VIA UPI,263587571369,"1,650.18",,168729.07
27/01/26,ATW-XXXXXX6263-OOR20251-NOIDA 103739253600,455286812379,"4,000.00",,164729.07
28/01/26,UPI-BSNL Broadband-bsnlbroadband@upi-132215261425-DR VIA UPI,122061254086,"1,900.44",,162828.63
29/01/26,UPI-Ola Cabs-olamoney@ola-040529913822-DR VIA UPI,256545485188,690.16,,162138.47
31/01/26,POS RELIANCE PETROLEUM NOIDA,308777427595,"2,400.27",,159738.20
01/02/26,UPI-Zomato-zomato@axisbank-393568242157-DR VIA UPI,454884357178,"1,420.61",,158317.59
01/02/26,UPI-Jio Recharge-jio@paytm-826776879637-DR VIA UPI,593339273426,470.86,,157846.73
02/02/26,POS CENTRAL MALL NOIDA,971905125633,"5,450.75",,152395.98
02/02/26,UPI-Blinkit-blinkit@kotak-616043942599-DR VIA UPI,982613556364,"1,350.43",,151045.55
03/02/26,SALARY-S0700582479284/NEFT/Madura Garments Pvt Ltd,502592162800,,"130,652.20",281697.75
03/02/26,ATW-XXXXXX6238-MUM94492-NOIDA 258363957091,677260906154,"2,000.00",,279697.75
03/02/26,UPI-Jio Recharge-airtel@axis-701767040966-DR VIA UPI,990301565922,369.00,,279328.75
03/02/26,UPI-Uber India-uber@paytm-702421389054-DR VIA UPI,284953795779,760.00,,278568.75
04/02/26,IMPS-632022093696-Asha Sharma-PUNB-XXXXXXX4200-IMPSTXN,391089176406,"34,300.55",,244268.20
04/02/26,UPI-Kiran Roy-kiranroy43@okicici-322648344652-DR VIA UPI,815578607166,650.34,,243617.86
06/02/26,ECS-NACH-RNT5610861-RENT MANDATE,186649756865,"27,000.00",,216617.86
07/02/26,UPI-Uber India-uber@paytm-742482447872-DR VIA UPI,542992111784,570.64,,216047.22
07/02/26,UPI-Rapido-rapido@icici-222511226204-DR VIA UPI,867481725125,130.24,,215916.98
07/02/26,UPI-Sapna Roy-sapnaroy80@okicici-191668264865-DR VIA UPI,726558695262,"17,450.57",,198466.41
07/02/26,UPI-Paytm Mall-paytm@paytm-988377499929-DR VIA UPI,730871639649,"1,380.04",,197086.37
07/02/26,UPI-Arjun Desai-7124935931@ybl-286653195796-CR VIA UPI,276799026977,,400.57,197486.94
08/02/26,UPI-Girish Shah-girish899@ptaxis-070770324682-DR VIA UPI,993055070734,"20,350.43",,177136.51
08/02/26,UPI-Girish Bose-girish844@okaxis-506997157482-DR VIA UPI,643570197860,250.05,,176886.46
10/02/26,UPI-Nisha Bajaj-nisha.bajaj@okicici-881487986298-DR VIA UPI,543349592219,"14,150.88",,162735.58
10/02/26,UPI-Vijay Sharma-vijay443@okaxis-587944793370-CR VIA UPI,709068783485,,"10,800.42",173536.00
11/02/26,UPI-Dunzo-dunzo@razorpay-233412163704-DR VIA UPI,365993625482,"1,760.42",,171775.58
12/02/26,UPI-Tata AIA Life-licindia@licindia-735340092154-DR VIA UPI,191380438439,"5,300.00",,166475.58
14/02/26,UPI-Ola Cabs-olamoney@ola-330902029576-DR VIA UPI,990424744462,540.93,,165934.65
14/02/26,UPI-PhonePe Merchant-phonepe@ybl-907325301248-DR VIA UPI,051271969800,"1,060.88",,164873.77
14/02/26,ATW-XXXXXX5637-QIE45308-NOIDA 041869799075,848937626321,"10,000.00",,154873.77
14/02/26,UPI-Jio Recharge-airtel@axis-872506405333-DR VIA UPI,625231225628,619.00,,154254.77
14/02/26,UPI-Uber India-uber@paytm-037915515008-DR VIA UPI,492346085006,860.72,,153394.05
15/02/26,NEFT*N6542830460152/Mahindra Logistics L/CR,639014342461,,"29,500.26",182894.31
15/02/26,UPI-Geeta Nambiar-geeta.nambiar@kotak-645536164600-DR VIA UPI,869597015831,"13,350.75",,169543.56
16/02/26,UPI-PhonePe Merchant-phonepe@ybl-314135375646-DR VIA UPI,476498216342,"1,100.97",,168442.59
16/02/26,UPI-KSEB-ksebpayment@upi-012356785977-DR VIA UPI,089727549384,"3,900.48",,164542.11
17/02/26,UPI-Myntra-myntra@ybl-927026978834-DR VIA UPI,468307588557,649.00,,163893.11
17/02/26,UPI-Ola Cabs-olamoney@ola-482915298998-DR VIA UPI,333388252268,360.63,,163532.48
17/02/26,UPI-BSNL Broadband-broadband@paytm-101578807512-DR VIA UPI,461086334284,449.00,,163083.48
18/02/26,UPI-Dunzo-dunzo@razorpay-784001668424-DR VIA UPI,982538129009,700.54,,162382.94
18/02/26,UPI-Ravi Pillai-7892263554@okaxis-152526682612-CR VIA UPI,648024358885,,"10,300.62",172683.56
18/02/26,ECS-NACH-SIP9847102-Axis Mutual Fund,142020996814,"2,000.00",,170683.56
18/02/26,UPI-Indane Gas-indanegas@upi-158583520765-DR VIA UPI,040776484724,"1,800.36",,168883.20
18/02/26,POS BHARAT PETROLEUM NOIDA,964419842966,"2,850.13",,166033.07
19/02/26,POS STAR BAZAAR NOIDA,729710540654,"4,600.20",,161432.87
19/02/26,UPI-Sunil Sharma-sunilshar64@okicici-823305689129-CR VIA UPI,512443093184,,"20,900.42",182333.29
19/02/26,POS VISHAL MEGA MART NOIDA,388253522458,"7,900.13",,174433.16
19/02/26,UPI-Paytm Mall-paytm@paytm-199571221565-DR VIA UPI,460689162569,"1,780.69",,172652.47
19/02/26,UPI-Asha Mukherjee-2855031365@upi-639006076581-CR VIA UPI,275312380323,,"17,000.31",189652.78
20/02/26,UPI-Amazon Pay-amazon@apl-896518067234-DR VIA UPI,333983763102,"4,800.09",,184852.69
21/02/26,UPI-Akash Ghosh-akashghos45@ybl-152721567783-DR VIA UPI,283645006218,"11,200.21",,173652.48
22/02/26,ATW-XXXXXX9284-AOV06543-NOIDA 574618037772,678044510462,"5,500.00",,168152.48
24/02/26,UPI-Naresh Bajaj-5122549000@upi-783025415570-DR VIA UPI,563913616646,"12,500.72",,155651.76
24/02/26,POS RELIANCE PETROLEUM NOIDA,360378545525,"1,100.72",,154551.04
24/02/26,UPI-Santosh Kulkarni-santosh.kulkarni@ptsbi-115459829923-CR VIA UPI,617241607046,,"4,200.00",158751.04
25/02/26,UPI-Mohit Nambiar-mohitnamb73@apl-220390076043-CR VIA UPI,377146666528,,"12,800.83",171551.87
26/02/26,UPI-Amazon Pay-amazon@apl-969164095562-DR VIA UPI,070366604930,"1,300.37",,170251.50
26/02/26,UPI-Varsha Jain-varshajain45@ybl-237154012184-DR VIA UPI,463930769781,"16,750.81",,153500.69
28/02/26,UPI-Sneha Nambiar-sneha.nambiar@pthdfc-089458760465-CR VIA UPI,429706458769,,"7,900.42",161401.11
28/02/26,UPI-Amazon Pay-amazon@apl-610678347810-DR VIA UPI,454181207375,"1,940.71",,159460.40
01/03/26,GST ON CHARGES,294150387359,82.80,,159377.60
01/03/26,UPI-Uber India-uber@paytm-222026022567-DR VIA UPI,172403499605,300.85,,159076.75
01/03/26,UPI-Pankaj Joshi-1562553484@upi-567764001231-DR VIA UPI,794296915255,"3,400.27",,155676.48
01/03/26,ATW-XXXXXX9962-WME88355-NOIDA 105240366472,214824994659,"1,000.00",,154676.48
01/03/26,UPI-Zepto-zepto@apl-616843312621-DR VIA UPI,719035260742,"2,700.24",,151976.24
01/03/26,UPI-Zomato-zomato@axisbank-767430854752-DR VIA UPI,102827971829,"2,370.06",,149606.18
01/03/26,UPI-Manoj Naik-6306152391@ptsbi-972966703168-DR VIA UPI,821419052661,"7,200.24",,142405.94
01/03/26,MOBILE BANKING CHARGES,086524174721,460.00,,141945.94
01/03/26,UPI-Rapido-rapido@icici-547718700173-DR VIA UPI,451393973159,190.77,,141755.17
02/03/26,SALARY-S7027500517804/NEFT/Madura Garments Pvt Ltd,106691821706,,"129,592.20",271347.37
02/03/26,UPI-Sapna Kumar-6112148320@ibl-010086103616-DR VIA UPI,575032732299,"4,000.01",,267347.36
02/03/26,UPI-Amazon Pay-amazon@apl-642135078209-DR VIA UPI,291567815896,"2,460.05",,264887.31
02/03/26,UPI-Dunzo-dunzo@razorpay-971141950291-DR VIA UPI,382241363104,"1,900.64",,262986.67
02/03/26,UPI-Blinkit-blinkit@kotak-175100142762-DR VIA UPI,322785515350,"1,650.30",,261336.37
03/03/26,UPI-Dunzo-dunzo@razorpay-304651300167-DR VIA UPI,948161385769,"1,840.40",,259495.97
03/03/26,UPI-Jio Recharge-airtel@axis-015912046731-DR VIA UPI,833268459506,919.00,,258576.97
04/03/26,ATW-XXXXXX6236-ZRI33506-NOIDA 187607924686,926104389789,"9,500.00",,249076.97
04/03/26,UPI-BSNL Broadband-bsnlbroadband@upi-451593771941-DR VIA UPI,378366841703,"2,230.81",,246846.16
05/03/26,ATW-XXXXXX0767-MOV77577-NOIDA 286946869388,230662404401,"3,500.00",,243346.16
06/03/26,UPI-Anjali Tiwari-8221123753@paytm-467329913468-CR VIA UPI,330907910980,,"10,750.31",254096.47
06/03/26,UPI-Krishna Patil-krishna.patil@ptsbi-078906081340-DR VIA UPI,291258488372,"20,600.45",,233496.02
06/03/26,UPI-Rapido-rapido@icici-079919577369-DR VIA UPI,020292747350,790.96,,232705.06
06/03/26,UPI-Ola Cabs-olamoney@ola-198513911785-DR VIA UPI,714794364132,470.59,,232234.47
06/03/26,UPI-Ola Cabs-olamoney@ola-349826820958-DR VIA UPI,165378274385,190.83,,232043.64
07/03/26,ECS-NACH-RNT9814062-RENT MANDATE,980977467990,"27,000.00",,205043.64
08/03/26,POS BHARAT PETROLEUM NOIDA,959735941294,"3,900.53",,201143.11
08/03/26,UPI-Nisha Kapoor-nisha438@ptyes-109862381875-DR VIA UPI,615080807464,"17,650.82",,183492.29
09/03/26,UPI-KSEB-ksebpayment@upi-911879067265-DR VIA UPI,049363891364,"4,200.79",,179291.50
11/03/26,UPI-Meesho-meesho@ybl-924530077468-DR VIA UPI,842134111615,"4,000.43",,175291.07
11/03/26,POS HP PETROL PUMP NOIDA,120818566543,"2,600.15",,172690.92
12/03/26,UPI-Tata AIA Life-licindia@licindia-638233813820-DR VIA UPI,366494081204,"5,300.00",,167390.92
12/03/26,UPI-Lata Shah-latashah27@ptaxis-786777322713-DR VIA UPI,632387928289,"15,600.00",,151790.92
12/03/26,UPI-Kiran Malhotra-kiran760@okhdfcbank-084672969456-DR VIA UPI,190160616625,"11,350.46",,140440.46
14/03/26,ECS-NACH-SIP5783364-Axis Mutual Fund,328850501810,"2,000.00",,138440.46
14/03/26,UPI-Indane Gas-indanegas@upi-353716224095-DR VIA UPI,169895580281,"1,200.91",,137239.55
14/03/26,UPI-Amazon Pay-amazon@apl-621204271260-DR VIA UPI,689775528857,"1,500.38",,135739.17
15/03/26,UPI-Meesho-meesho@ybl-245637032758-DR VIA UPI,754450505910,"3,950.59",,131788.58
15/03/26,UPI-Uber India-uber@paytm-908071927333-DR VIA UPI,865850403227,230.97,,131557.61
15/03/26,UPI-Blinkit-blinkit@kotak-572695925401-DR VIA UPI,436124581796,"1,840.48",,129717.13
16/03/26,UPI-Varun Mehta-varun.mehta@axl-131682560171-DR VIA UPI,813453298105,"10,900.76",,118816.37
17/03/26,UPI-Zomato-zomato@axisbank-735421146109-DR VIA UPI,088981885396,810.92,,118005.45
17/03/26,UPI-Sachin Patil-sachin.patil@ptsbi-189555598008-CR VIA UPI,286490394541,,"10,800.69",128806.14
17/03/26,UPI-Prashant Nambiar-prashant.nambiar@okhdfcbank-569625099041-DR VIA UPI,256606389745,300.18,,128505.96
18/03/26,UPI-Sapna Banerjee-sapnabane31@okaxis-822838610284-CR VIA UPI,955157533065,,"1,650.08",130156.04
18/03/26,UPI-Rapido-rapido@icici-323762900437-DR VIA UPI,150369853029,170.63,,129985.41
18/03/26,UPI-Uber India-uber@paytm-875053101238-DR VIA UPI,809007796535,710.33,,129275.08
20/03/26,UPI-Rani Chatterjee-ranichat33@okicici-746105261678-CR VIA UPI,475161227032,,"15,500.46",144775.54
20/03/26,UPI-Nisha Rao-nisha.rao@oksbi-143863011172-DR VIA UPI,879556517449,"6,050.39",,138725.15
20/03/26,UPI-Blinkit-blinkit@kotak-004911916386-DR VIA UPI,341461032885,"1,850.27",,136874.88
20/03/26,POS CENTRAL MALL NOIDA,073613766942,"3,650.81",,133224.07
20/03/26,UPI-Uber India-uber@paytm-714073533629-DR VIA UPI,083395564758,600.70,,132623.37
20/03/26,IMPS-886387456348-Rajesh Verma-HDFC-XXXXXXX2805-IMPSTXN,375743931830,"1,100.87",,131522.50
21/03/26,UPI-Blinkit-blinkit@kotak-037624903585-DR VIA UPI,743356647613,"1,940.78",,129581.72
23/03/26,UPI-Jio Recharge-airtel@axis-105937931478-DR VIA UPI,405598003715,289.00,,129292.72
23/03/26,POS INDIAN OIL NOIDA,984529757541,"1,300.24",,127992.48
24/03/26,POS V MART NOIDA,063296092703,"3,250.31",,124742.17
25/03/26,UPI-Naveen Kulkarni-naveen.kulkarni@ptaxis-151560902164-CR VIA UPI,811773212673,,200.22,124942.39
26/03/26,UPI-Anjali Tiwari-6238975426@okaxis-363704457807-DR VIA UPI,755923100967,"7,900.00",,117042.39
26/03/26,UPI-Vandana Reddy-vandana.reddy@okaxis-946372577768-DR VIA UPI,309693909297,650.80,,116391.59
27/03/26,INTEREST CREDIT,976356658617,,825.52,117217.11
27/03/26,POS METRO CASH CARRY NOIDA,551666295914,"5,500.19",,111716.92
27/03/26,UPI-Amazon Pay-amazon@apl-345638566506-DR VIA UPI,812793022837,"2,750.98",,108965.94
31/03/26,POS HP PETROL PUMP NOIDA,677725328992,"2,150.40",,106815.54
01/04/26,POS STAR BAZAAR NOIDA,714565788472,"3,000.66",,103814.88
01/04/26,POS HP PETROL PUMP NOIDA,294836496698,"4,450.38",,99364.50
01/04/26,SALARY-S1056306554043/NEFT/Madura Garments Pvt Ltd,526737505917,,"128,206.20",227570.70
02/04/26,UPI-Jyoti Pandey-jyoti.pandey@axl-570854098299-DR VIA UPI,443368934337,"11,000.54",,216570.16
02/04/26,ECS-NACH-RNT1933531-RENT MANDATE,255314944074,"27,000.00",,189570.16
03/04/26,UPI-Practo-practo@paytm-061445223905-DR VIA UPI,899429261503,899.00,,188671.16
05/04/26,IMPS-317411496851-Kapil Yadav-BARB-XXXXXXX2160-IMPSTXN,227576995770,"11,700.54",,176970.62
05/04/26,UPI-Ola Cabs-olamoney@ola-960640619124-DR VIA UPI,048744984783,"2,750.23",,174220.39
05/04/26,UPI-Flipkart-flipkart@ybl-218130595573-DR VIA UPI,206430716740,"1,400.27",,172820.12
06/04/26,UPI-Ola Cabs-olamoney@ola-025901087231-DR VIA UPI,367222496650,680.54,,172139.58
07/04/26,UPI-Blinkit-blinkit@kotak-116864175892-DR VIA UPI,725437541619,"2,370.49",,169769.09
07/04/26,UPI-Ritu Srivastava-ritu.srivastava@ybl-113345031585-CR VIA UPI,099426919209,,"3,250.28",173019.37
08/04/26,UPI-Kamal Kumar-kamal426@okhdfcbank-129099884185-DR VIA UPI,396556490106,"21,150.67",,151868.70
08/04/26,ATW-XXXXXX1511-JYX59070-NOIDA 227279520998,164426532124,"5,000.00",,146868.70
08/04/26,UPI-Ola Cabs-olamoney@ola-492933406364-DR VIA UPI,905824205626,180.88,,146687.82
09/04/26,POS HP PETROL PUMP NOIDA,153643935173,"3,400.17",,143287.65
09/04/26,UPI-Rapido-rapido@icici-786018730032-DR VIA UPI,984406016715,730.05,,142557.60
09/04/26,UPI-Uber India-uber@paytm-328572485809-DR VIA UPI,222396958449,850.37,,141707.23
09/04/26,UPI-Tata AIA Life-licindia@licindia-306238098196-DR VIA UPI,378105321527,"5,300.00",,136407.23
10/04/26,UPI-Himanshu Reddy-1409770863@ptyes-073268700022-CR VIA UPI,458381116045,,"9,050.61",145457.84
11/04/26,ECS-NACH-SIP7552501-Axis Mutual Fund,001129352480,"2,000.00",,143457.84
11/04/26,UPI-Blinkit-blinkit@kotak-866596428322-DR VIA UPI,402192495150,"2,040.23",,141417.61
12/04/26,UPI-Flipkart-flipkart@ybl-781027568683-DR VIA UPI,329212037154,"5,350.96",,136066.65
12/04/26,UPI-BSNL Broadband-broadband@paytm-023968686512-DR VIA UPI,485167260011,"1,099.00",,134967.65
12/04/26,UPI-Mohit Patel-mohit.patel@ibl-012964580133-DR VIA UPI,624576472169,"21,400.27",,113567.38
14/04/26,ATW-XXXXXX7850-IXM54488-NOIDA 527371435003,773261725349,"1,000.00",,112567.38
14/04/26,ATW-XXXXXX7517-GGB22920-NOIDA 339703996898,158937840471,"8,500.00",,104067.38
14/04/26,UPI-Indane Gas-indanegas@upi-459110246162-DR VIA UPI,881403401238,"1,500.61",,102566.77
16/04/26,UPI-Maya Agarwal-maya.agarwal@aubank-162961338232-DR VIA UPI,858232045588,"16,000.85",,86565.92
17/04/26,POS VISHAL MEGA MART NOIDA,532545869115,"3,700.28",,82865.64
17/04/26,UPI-Jio Recharge-jio@paytm-798676546634-DR VIA UPI,726379820743,"1,880.66",,80984.98
18/04/26,UPI-KSEB-ksebpayment@upi-337572574734-DR VIA UPI,853780005762,"4,100.76",,76884.22
19/04/26,UPI-Krishna Chaudhary-krishnachau10@ptyes-537833017238-DR VIA UPI,156575793863,"8,750.36",,68133.86
22/04/26,UPI-PhonePe Merchant-phonepe@ybl-008574978817-DR VIA UPI,603907870613,200.81,,67933.05
22/04/26,POS LIFESTYLE STORES NOIDA,707232657587,"5,000.75",,62932.30
22/04/26,UPI-Jyoti Malhotra-jyotimalh54@kotak-474345511869-DR VIA UPI,200417031495,"19,150.95",,43781.35
23/04/26,UPI-Flipkart-flipkart@ybl-854503948668-DR VIA UPI,378919368859,"1,680.26",,42101.09
23/04/26,UPI-Flipkart-flipkart@ybl-512352068018-DR VIA UPI,313413729426,590.61,,41510.48
24/04/26,UPI-Rapido-rapido@icici-099045860877-DR VIA UPI,964785017744,620.91,,40889.57
25/04/26,UPI-Flipkart-flipkart@ybl-905339779929-DR VIA UPI,661851943582,"1,610.99",,39278.58
25/04/26,UPI-Uber India-uber@paytm-466409742565-DR VIA UPI,038599117786,"2,780.79",,36497.79
25/04/26,UPI-Jio Recharge-airtel@axis-783158056593-DR VIA UPI,210725932192,829.00,,35668.79
26/04/26,UPI-Practo-practo@paytm-876226007191-DR VIA UPI,646684918838,649.00,,35019.79
27/04/26,UPI-Jio Recharge-airtel@axis-080471948539-DR VIA UPI,692269819718,419.00,,34600.79
28/04/26,UPI-Sachin Chatterjee-sachinchat17@pthdfc-251548456576-CR VIA UPI,567252262511,,"20,200.65",54801.44
28/04/26,POS PANTALOONS NOIDA,946851139311,"2,200.22",,52601.22
29/04/26,UPI-Myntra-myntra@ybl-350590403494-DR VIA UPI,200106162600,"3,600.21",,49001.01
29/04/26,UPI-Maya Naik-4961981140@oksbi-273410042770-CR VIA UPI,284390699861,,"11,550.41",60551.42
29/04/26,UPI-MedPlus Health-medplus@icici-679911644685-DR VIA UPI,319933280663,"2,170.24",,58381.18
30/04/26,UPI-Paytm Mall-paytm@paytm-923059228483-DR VIA UPI,107151522862,570.34,,57810.84
01/05/26,POS D MART NOIDA,086808096111,"6,200.19",,51610.65
01/05/26,UPI-Ajay Kulkarni-ajay785@okicici-145894130764-CR VIA UPI,847615271116,,"17,100.66",68711.31
01/05/26,UPI-Zepto-zepto@apl-329145007278-DR VIA UPI,866100909350,"1,750.37",,66960.94
01/05/26,SALARY-S6561179503494/NEFT/Madura Garments Pvt Ltd,326907884801,,"129,832.20",196793.14
02/05/26,ECS-NACH-RNT5632260-RENT MANDATE,283450991137,"27,000.00",,169793.14
03/05/26,POS RELIANCE MART NOIDA,281660769398,"3,950.28",,165842.86
03/05/26,UPI-Dinesh Roy-dinesh.roy@pthdfc-091114271920-CR VIA UPI,382174512926,,"21,150.18",186993.04
03/05/26,UPI-Babita Khanna-7190385262@apl-630696352614-CR VIA UPI,209351860167,,"8,600.80",195593.84
03/05/26,ATW-XXXXXX4683-SBO10038-NOIDA 371688954611,123892321271,"2,000.00",,193593.84
05/05/26,UPI-Nykaa-nykaa@razorpay-400548436765-DR VIA UPI,502305033851,550.65,,193043.19
05/05/26,POS INDIAN OIL NOIDA,470383960174,"1,150.41",,191892.78
06/05/26,ATW-XXXXXX3092-XNB80425-NOIDA 898956735288,687940191476,"1,500.00",,190392.78
06/05/26,UPI-Uber India-uber@paytm-968356981166-DR VIA UPI,915364486669,740.78,,189652.00
06/05/26,UPI-Swati Srivastava-2020724106@upi-905180827856-DR VIA UPI,887428582725,"4,550.34",,185101.66
07/05/26,ATW-XXXXXX0853-QAW12054-NOIDA 849249196080,301387310965,"1,000.00",,184101.66
07/05/26,UPI-Blinkit-blinkit@kotak-195576881887-DR VIA UPI,663764526218,940.82,,183160.84
07/05/26,UPI-Zepto-zepto@apl-768341730454-DR VIA UPI,879330859101,810.11,,182350.73
07/05/26,POS INDIAN OIL NOIDA,062218455438,"4,000.03",,178350.70
08/05/26,UPI-Blinkit-blinkit@kotak-358184288434-DR VIA UPI,939069642069,"2,670.11",,175680.59
09/05/26,UPI-Jio Recharge-airtel@axis-879868877434-DR VIA UPI,856693066712,319.00,,175361.59
09/05/26,POS LIFESTYLE STORES NOIDA,883708716240,"8,050.77",,167310.82
09/05/26,UPI-BSNL Broadband-broadband@paytm-414859042121-DR VIA UPI,994222742013,299.00,,167011.82
