Bank Name,AXIS BANK LIMITED
Account Number,940797593562472
Account Holder Name,SHREYA PILLAI
Branch,BASAVANGUDI
IFSC Code,UTIB0793991
Statement Period,02-12-2024 To 09-05-2026

Date,Description,Ref/ChequeNo,Debit,Credit,Balance
02-12-2024,UPIP2M767012764280FlipkartUPIICICI,389702427226,"1,610.51",,1257079.27
02-12-2024,UPIP2M561415263257AmazonPayUPIICICI,436912294367,810.85,,1256268.42
03-12-2024,SALARY/S3363586759478/Bharti Airtel Ltd,012463661488,,"75,488.33",1331756.75
03-12-2024,POS V MART CHANDIGARH,066784711465,"3,350.08",,1328406.67
03-12-2024,POS BRAND FACTORY CHANDIGARH,238822673240,"5,950.51",,1322456.16
04-12-2024,UPIP2M265337635008BlinkitUPIICICI,083558419594,520.07,,1321936.09
04-12-2024,NACH/MANDATE/RNT7531773/RENT MANDATE,532888853289,"8,000.00",,1313936.09
04-12-2024,UPIP2M554819422565NykaaUPIICICI,675229406632,549.00,,1313387.09
05-12-2024,UPIP2M056673628543RapidoUPIPAYTM,890005270611,640.87,,1312746.22
06-12-2024,UPIP2M946348831390VikramSharmaUPIBKID,101756462654,"15,700.95",,1297045.27
06-12-2024,UPIP2A101631378119SunitaMalhotUPISBIN,236263911734,,"18,150.82",1315196.09
06-12-2024,NACH/MANDATE/LN767722746830/LIC Housing Finance,636356743842,"18,000.00",,1297196.09
07-12-2024,UPIP2M569013780640MyntraUPIPAYTM,537676967608,"3,600.16",,1293595.93
08-12-2024,UPIP2M092000008798MaheshDuttaUPIKKBK,553118409902,900.46,,1292695.47
08-12-2024,UPIP2M932599470341AmazonPayUPIICICI,929410163847,300.54,,1292394.93
09-12-2024,UPIP2M644983458821AmazonPayUPIPAYTM,231022585927,"2,200.43",,1290194.50
09-12-2024,UPIP2M768824771963ZeptoUPIICICI,121242679663,"2,340.94",,1287853.56
09-12-2024,POS RELIANCE PETROLEUM CHANDIGA,104082879020,"3,950.59",,1283902.97
09-12-2024,UPIP2A188518775133DivyaTiwariUPIHDFC,143354420899,,"8,000.53",1291903.50
10-12-2024,UPIP2M673762219458FlipkartUPIICICI,547883523422,700.00,,1291203.50
10-12-2024,POS LIFESTYLE STORES CHANDIGARH,283411702741,800.17,,1290403.33
10-12-2024,UPIP2M781370262254ViMobileUPIPAYTM,473378593896,389.00,,1290014.33
11-12-2024,UPIP2M686134352663RelianceNippUPILICI,180543507085,"2,700.00",,1287314.33
11-12-2024,UPIP2M409405233925ViMobileUPIPAYTM,523524025213,739.00,,1286575.33
13-12-2024,POS BHARAT PETROLEUM CHANDIGA,606907809036,"2,800.88",,1283774.45
13-12-2024,UPIP2M967025337302AbhishekTiwaUPIBDBL,712213603252,"3,950.15",,1279824.30
15-12-2024,UPIP2M250881880045ViMobileUPIPAYTM,084324003103,489.00,,1279335.30
15-12-2024,UPIP2A664937380622VivekGuptaUPIBDBL,898918362399,,"5,900.25",1285235.55
15-12-2024,UPIP2M568006210806ZeptoUPIICICI,612092479419,600.74,,1284634.81
16-12-2024,UPIP2M876294192897BSNLBroadbanUPIICICI,773545658732,"1,710.49",,1282924.32
17-12-2024,UPIP2M852023097423IndaneGasUPIICICI,951223214310,"1,650.01",,1281274.31
17-12-2024,UPIP2M700774069282GeetaChopraUPIBKID,472821893532,"4,500.48",,1276773.83
17-12-2024,UPIP2A780899194940AkashMishraUPIUCBA,169881197653,,"8,550.31",1285324.14
17-12-2024,UPIP2M042881211710PaytmMallUPIICICI,720672245994,380.01,,1284944.13
18-12-2024,UPIP2M306368624654BESCOMUPIUPIN,107575843407,"1,750.37",,1283193.76
18-12-2024,POS MAX FASHION CHANDIGARH,865987046578,"6,850.71",,1276343.05
19-12-2024,UPIP2M284482875077KavyaYadavUPIBKID,256382363653,"1,150.96",,1275192.09
20-12-2024,ATMCASHAXISPBD91921919CHANDI,465810423845,"9,500.00",,1265692.09
20-12-2024,UPIP2M744859238739UberIndiaUPIPAYTM,534991664077,820.34,,1264871.75
20-12-2024,UPIP2M510320637614FlipkartUPIPAYTM,269589512400,550.01,,1264321.74
20-12-2024,UPIP2M793546138012AbhishekNaikUPIBKID,472585001646,"21,500.41",,1242821.33
22-12-2024,UPIP2M003390732602SwiggyUPIICICI,130142545009,390.64,,1242430.69
22-12-2024,UPIP2M397524171363RituKapoorUPISBIN,041141171893,"18,000.16",,1224430.53
26-12-2024,IMPS/186000197152/Ritu Verma/BARB,873987230349,"27,100.07",,1197330.46
26-12-2024,UPIP2M694837848179PankajBanerjUPIUCBA,547908556050,"8,750.84",,1188579.62
27-12-2024,ATMCASHAXISVGK15450836CHANDI,164312429623,"1,500.00",,1187079.62
27-12-2024,UPIP2M886912388653AmazonPayUPIICICI,585174020499,570.48,,1186509.14
27-12-2024,UPIP2A756621814113VivekChaudhaUPISBIN,837045802362,,"6,350.93",1192860.07
27-12-2024,UPIP2M037763843347UberIndiaUPIICICI,477217907724,"1,850.56",,1191009.51
27-12-2024,INTEREST CREDIT,898765773428,,175.96,1191185.47
28-12-2024,UPIP2M159994296342BSNLBroadbanUPIICICI,292279062029,"1,020.20",,1190165.27
28-12-2024,UPIP2M193063412967ACTFibernetUPIRAZORPAY,848630609151,"1,299.00",,1188866.27
28-12-2024,UPIP2M970745912074OlaCabsUPIICICI,269258193925,"2,290.42",,1186575.85
29-12-2024,UPIP2M274229562740DunzoUPIICICI,140259384027,850.82,,1185725.03
29-12-2024,UPIP2M915103804687UberIndiaUPIPAYTM,799450659168,240.58,,1185484.45
30-12-2024,UPIP2A814700326449RohitRaoUPISBIN,232990189917,,"16,600.42",1202084.87
01-01-2025,UPIP2A762875498934RekhaDuttaUPIHDFC,181633817710,,"19,800.39",1221885.26
01-01-2025,UPIP2M896594990516SeemaSrivastUPIBDBL,073148276605,"14,250.33",,1207634.93
01-01-2025,UPIP2M949121089190UberIndiaUPIPAYTM,714820164070,150.61,,1207484.32
01-01-2025,SALARY/S4093174524769/Bharti Airtel Ltd,803274075874,,"71,611.33",1279095.65
01-01-2025,UPIP2M608718345722OlaCabsUPIPAYTM,949327250920,800.64,,1278295.01
02-01-2025,UPIP2M677423543727FlipkartUPIICICI,003998055830,510.12,,1277784.89
02-01-2025,UPIP2M093138848926KapilChopraUPIPUNB,823246460288,300.91,,1277483.98
02-01-2025,UPIP2M394952401858ViMobileUPIPAYTM,351946859128,589.00,,1276894.98
04-01-2025,UPIP2M666802988282OlaCabsUPIICICI,267962677928,"1,420.92",,1275474.06
05-01-2025,UPIP2M754863734670ViMobileUPIPAYTM,408989603132,609.00,,1274865.06
05-01-2025,NACH/MANDATE/LN767722746830/LIC Housing Finance,927827520565,"18,000.00",,1256865.06
05-01-2025,UPIP2M379428380751PhonePeMerchUPIICICI,750981060109,"1,830.93",,1255034.13
05-01-2025,POS BRAND FACTORY CHANDIGARH,758608170643,"4,300.68",,1250733.45
06-01-2025,NACH/MANDATE/RNT9156019/RENT MANDATE,968215618596,"8,000.00",,1242733.45
07-01-2025,UPIP2A818591648813SapnaNambiarUPIBARB,924138312422,,"3,050.27",1245783.72
09-01-2025,UPIP2M502948054005NetmedsUPIICICI,584396368044,"1,500.55",,1244283.17
09-01-2025,UPIP2M456980130837AshishPatilUPIPUNB,061427727436,"7,300.70",,1236982.47
09-01-2025,UPIP2M503955630956SaurabhSethiUPIFDRL,189399043581,"17,400.26",,1219582.21
10-01-2025,UPIP2M881688514926PreetiDesaiUPISBIN,822793777809,"1,550.87",,1218031.34
10-01-2025,ATMCASHAXISMVB24239430CHANDI,881942203198,"5,000.00",,1213031.34
10-01-2025,ATMCASHAXISIET15492975CHANDI,842687225963,"10,000.00",,1203031.34
11-01-2025,UPIP2M569350291278OlaCabsUPIPAYTM,410243960406,220.26,,1202811.08
11-01-2025,NEFT/N8467373249794/NIIT Technologies/KKBK0954632,827176392398,,"31,500.63",1234311.71
12-01-2025,UPIP2M388344837649UberIndiaUPIPAYTM,412880579203,620.67,,1233691.04
12-01-2025,UPIP2M429078587588ZeptoUPIICICI,795109394091,"1,420.29",,1232270.75
12-01-2025,POS HP PETROL PUMP CHANDIGA,050868502069,"1,250.33",,1231020.42
12-01-2025,ATMCASHAXISSMK95286999CHANDI,998619118976,"1,000.00",,1230020.42
12-01-2025,UPIP2A232290703933VishalPillaiUPIBKID,174766802556,,"21,350.65",1251371.07
13-01-2025,UPIP2M908688688065IndaneGasUPIICICI,338451483801,950.79,,1250420.28
13-01-2025,POS MORE SUPER MARKET CHANDIGARH,976600611291,"4,800.27",,1245620.01
15-01-2025,IMPS/271232667645/Renu Khanna/BKID,284630225509,"36,200.92",,1209419.09
16-01-2025,UPIP2A090303658152RajeshMishraUPIBARB,973358717252,,"13,450.67",1222869.76
16-01-2025,UPIP2M185915299748UberIndiaUPIPAYTM,085662774497,670.45,,1222199.31
17-01-2025,UPIP2M965086803477ViMobileUPIPAYTM,773953837489,779.00,,1221420.31
17-01-2025,UPIP2M635993336906RapidoUPIPAYTM,572381121589,810.61,,1220609.70
18-01-2025,UPIP2M014569952877ACTFibernetUPIRAZORPAY,532116731598,649.00,,1219960.70
18-01-2025,ATMCASHAXISYFK61480252CHANDI,542450174209,"8,000.00",,1211960.70
19-01-2025,POS STAR BAZAAR CHANDIGARH,968393732836,"3,250.91",,1208709.79
19-01-2025,UPIP2M462471105905BigBasketUPIICICI,542581464351,660.34,,1208049.45
20-01-2025,UPIP2M642810625402SaurabhPandeUPIUCBA,966092982494,"14,600.30",,1193449.15
20-01-2025,ATMCASHAXISKSO08266219CHANDI,467684957308,"9,500.00",,1183949.15
22-01-2025,UPIP2M196659267987SwiggyUPIICICI,655257848933,"2,510.03",,1181439.12
23-01-2025,UPIP2A631446473852NehaBajajUPIFDRL,846092005800,,"16,900.12",1198339.24
23-01-2025,UPIP2M212105379297BESCOMUPIUPIN,067901410785,600.72,,1197738.52
24-01-2025,UPIP2A563633456911MohanKulkarnUPIBKID,188980524363,,"10,250.45",1207988.97
24-01-2025,UPIP2M882975871538ZeptoUPIICICI,061360231971,"2,790.62",,1205198.35
24-01-2025,UPIP2M605750074075ZeptoUPIICICI,573294872947,620.26,,1204578.09
25-01-2025,POS BHARAT PETROLEUM CHANDIGA,833611041203,"3,400.98",,1201177.11
25-01-2025,UPIP2M850432646085ViMobileUPIPAYTM,728260348657,639.00,,1200538.11
26-01-2025,UPIP2M839925007544KiranMishraUPIUCBA,497207284738,"15,250.94",,1185287.17
26-01-2025,UPIP2M083892152005PaytmMallUPIICICI,223571452596,330.26,,1184956.91
27-01-2025,UPIP2A128516543228NaveenKhannaUPIBKID,361619046718,,"18,550.16",1203507.07
28-01-2025,UPIP2A005497884831HarishPatilUPIKKBK,818642012698,,"19,650.52",1223157.59
28-01-2025,UPIP2M771828058537NykaaUPIPAYTM,331307308977,"3,950.24",,1219207.35
29-01-2025,IMPS/762531260919/Jyoti Patel/UCBA,987083142937,"41,200.06",,1178007.29
30-01-2025,UPIP2M990827513287PreetiMishraUPIPUNB,210981625493,"17,200.03",,1160807.26
30-01-2025,UPIP2M800168361926BigBasketUPIICICI,288147519797,"1,890.03",,1158917.23
30-01-2025,UPIP2M512202447343RakeshSrivasUPIFDRL,871714557910,"11,950.11",,1146967.12
30-01-2025,UPIP2M560480176120SaritaReddyUPIBDBL,860307596464,"9,000.68",,1137966.44
30-01-2025,POS MAX FASHION CHANDIGARH,083225443439,"6,250.32",,1131716.12
31-01-2025,POS PANTALOONS CHANDIGARH,809662241272,"3,050.48",,1128665.64
31-01-2025,GST ON CHARGES,159105487835,100.80,,1128564.84
31-01-2025,Monthly Service Chrgs,239798755968,560.00,,1128004.84
31-01-2025,UPIP2M007723683551FlipkartUPIICICI,641545214359,"2,260.98",,1125743.86
01-02-2025,UPIP2M292813799278BlinkitUPIICICI,979079525067,"2,250.34",,1123493.52
01-02-2025,UPIP2M988670125319UberIndiaUPIICICI,878883331773,170.37,,1123323.15
02-02-2025,SALARY/S2842010906834/Bharti Airtel Ltd,159262392076,,"75,223.33",1198546.48
03-02-2025,UPIP2M356029250094DunzoUPIICICI,334148013073,340.62,,1198205.86
03-02-2025,UPIP2M346609470594VarunNairUPIUCBA,883911894887,"15,950.39",,1182255.47
04-02-2025,UPIP2M560426691013BigBasketUPIICICI,943693904859,"1,190.61",,1181064.86
04-02-2025,NACH/MANDATE/RNT5759075/RENT MANDATE,141327487490,"8,000.00",,1173064.86
05-02-2025,IMPS/478842722063/Kavita Menon/UTIB,682721386952,"28,500.22",,1144564.64
05-02-2025,ATMCASHAXISSOR75783973CHANDI,476883323577,"5,500.00",,1139064.64
06-02-2025,POS SHELL FUEL STATION CHANDIGA,721445348092,"2,000.05",,1137064.59
06-02-2025,POS MORE SUPER MARKET CHANDIGARH,678064391914,"6,050.23",,1131014.36
07-02-2025,POS CENTRAL MALL CHANDIGARH,902053210422,"8,350.80",,1122663.56
07-02-2025,POS SHOPPERS STOP CHANDIGARH,054359851149,"4,100.08",,1118563.48
08-02-2025,UPIP2M471538406105BigBasketUPIICICI,707873940227,370.92,,1118192.56
08-02-2025,UPIP2M867614158349RapidoUPIPAYTM,956153027093,870.79,,1117321.77
09-02-2025,UPIP2M210319256842MedPlusHealtUPIICICI,244103255739,"2,830.73",,1114491.04
09-02-2025,NACH/MANDATE/LN767722746830/LIC Housing Finance,214248586938,"18,000.00",,1096491.04
11-02-2025,UPIP2M956271204786BlinkitUPIICICI,964600022250,"1,130.80",,1095360.24
11-02-2025,UPIP2A171912313738SureshBanerjUPIBARB,658755775847,,"14,800.19",1110160.43
11-02-2025,UPIP2M153044658706SwiggyUPIICICI,522209051679,140.81,,1110019.62
12-02-2025,UPIP2M497359101357ViMobileUPIPAYTM,442318222863,429.00,,1109590.62
12-02-2025,POS HP PETROL PUMP CHANDIGA,942749860524,"4,400.12",,1105190.50
12-02-2025,UPIP2M571286148577NykaaUPIPAYTM,256186343830,"5,550.96",,1099639.54
13-02-2025,UPIP2M734818879448ZeptoUPIICICI,366907365392,390.17,,1099249.37
13-02-2025,UPIP2M420592848552ZomatoUPIICICI,949414714492,"2,540.35",,1096709.02
13-02-2025,UPIP2M762177792124PhonePeMerchUPIICICI,328774420614,620.27,,1096088.75
14-02-2025,IMPS/598878175085/Vijay Kumar/HDFC,585081626441,"38,300.45",,1057788.30
14-02-2025,NEFT/N5523108646528/Cipla Limited/HDFC0981149,666612662942,,"53,000.17",1110788.47
16-02-2025,UPIP2A760008195969RajanPillaiUPIKKBK,176692691409,,450.07,1111238.54
16-02-2025,UPIP2M431935043641SpotifyUPIICICI,884893780564,899.00,,1110339.54
16-02-2025,UPIP2M429111461962DunzoUPIICICI,894322733791,"2,680.21",,1107659.33
16-02-2025,UPIP2M705545487235KapilPatilUPIPUNB,566006847295,"4,950.42",,1102708.91
17-02-2025,UPIP2M292940431350PhonePeMerchUPIICICI,385881175779,"2,520.79",,1100188.12
17-02-2025,UPIP2M155069942509ACTFibernetUPIRAZORPAY,104355357923,599.00,,1099589.12
18-02-2025,UPIP2A257818820383ShivamVermaUPISBIN,237040822053,,"18,000.81",1117589.93
20-02-2025,UPIP2M806477024627OlaCabsUPIPAYTM,824628332125,790.05,,1116799.88
20-02-2025,UPIP2M038186298710OlaCabsUPIPAYTM,030278900063,460.65,,1116339.23
20-02-2025,POS D MART CHANDIGARH,425225628482,"2,250.70",,1114088.53
21-02-2025,UPIP2M366117817410PhonePeMerchUPIICICI,754785768916,"2,500.55",,1111587.98
21-02-2025,UPIP2M308622813616BESCOMUPIUPIN,067619822980,750.37,,1110837.61
21-02-2025,UPIP2M295166742371IndaneGasUPIICICI,003129081564,"1,150.53",,1109687.08
21-02-2025,POS BRAND FACTORY CHANDIGARH,182347469064,"1,650.91",,1108036.17
22-02-2025,UPIP2M878388453502MayaJainUPIHDFC,783131019978,"13,800.91",,1094235.26
22-02-2025,POS CENTRAL MALL CHANDIGARH,603271380158,"4,400.20",,1089835.06
23-02-2025,UPIP2M900776206831ViMobileUPIPAYTM,299522757731,239.00,,1089596.06
23-02-2025,UPIP2M842758736470ViMobileUPIPAYTM,460648255100,429.00,,1089167.06
23-02-2025,UPIP2A365140110097AjayKapoorUPISBIN,079123097167,,"14,300.84",1103467.90
25-02-2025,UPIP2M762627862014UberIndiaUPIICICI,726573318966,"2,590.48",,1100877.42
25-02-2025,UPIP2M956674584402SwiggyUPIICICI,896084972217,730.23,,1100147.19
26-02-2025,UPIP2A459427955717SumitBanerjeUPIBARB,082596572060,,"5,100.55",1105247.74
26-02-2025,UPIP2M062986200059OlaCabsUPIPAYTM,960830980779,650.78,,1104596.96
26-02-2025,UPIP2M554631075438UberIndiaUPIPAYTM,723213194674,430.02,,1104166.94
27-02-2025,ATMCASHAXISTHS51781606CHANDI,231628440168,"8,500.00",,1095666.94
28-02-2025,ATMCASHAXISPHQ28883307CHANDI,889366746672,"10,000.00",,1085666.94
01-03-2025,UPIP2M966768557905PhonePeMerchUPIICICI,261340548325,"1,450.21",,1084216.73
01-03-2025,POS RELIANCE MART CHANDIGARH,982185646238,"5,050.99",,1079165.74
02-03-2025,UPIP2M081991459237ViMobileUPIPAYTM,025298009233,599.00,,1078566.74
02-03-2025,SALARY/S5526902392847/Bharti Airtel Ltd,159372999007,,"75,335.33",1153902.07
02-03-2025,UPIP2M667481803670ZeptoUPIICICI,215453430738,"2,480.06",,1151422.01
02-03-2025,UPIP2A993751859668VarshaSethiUPIBKID,022078046896,,"21,450.85",1172872.86
02-03-2025,UPIP2M917895675294RapidoUPIPAYTM,157337745944,280.40,,1172592.46
02-03-2025,UPIP2A665767295457AbhishekMishUPIFDRL,724808614684,,"14,500.74",1187093.20
03-03-2025,UPIP2M198102290974AmazonPayUPIICICI,539528617358,"2,080.64",,1185012.56
03-03-2025,ATMCASHAXISEJM17359289CHANDI,438399181535,"1,000.00",,1184012.56
03-03-2025,POS PANTALOONS CHANDIGARH,714097812252,"7,600.82",,1176411.74
04-03-2025,UPIP2A232597823539ShwetaJainUPIUTIB,032365110842,,"10,350.12",1186761.86
04-03-2025,UPIP2M680876778285ACTFibernetUPIRAZORPAY,377945241420,"1,049.00",,1185712.86
04-03-2025,NACH/MANDATE/LN767722746830/LIC Housing Finance,836746093869,"18,000.00",,1167712.86
04-03-2025,NACH/MANDATE/RNT5453751/RENT MANDATE,359062221782,"8,000.00",,1159712.86
05-03-2025,UPIP2M167333735118PoonamNaikUPIKKBK,097971137192,"17,350.89",,1142361.97
06-03-2025,UPIP2M117414591294AmazonPayUPIICICI,010095211739,380.76,,1141981.21
06-03-2025,UPIP2M801644653466RelianceNippUPILICI,686038895568,"2,700.00",,1139281.21
07-03-2025,POS CENTRAL MALL CHANDIGARH,678574940745,"6,450.10",,1132831.11
08-03-2025,POS HP PETROL PUMP CHANDIGA,187270021570,"2,000.88",,1130830.23
08-03-2025,UPIP2M662379427643AmazonPayUPIICICI,137009768802,360.52,,1130469.71
08-03-2025,UPIP2M490081160534OlaCabsUPIPAYTM,368824708595,780.70,,1129689.01
09-03-2025,UPIP2M271012992473BESCOMUPIUPIN,086555750915,"2,600.27",,1127088.74
09-03-2025,UPIP2A579998339595ArjunMehtaUPIHDFC,814075384327,,"3,500.40",1130589.14
10-03-2025,POS RELIANCE MART CHANDIGARH,425328204249,"1,150.06",,1129439.08
11-03-2025,IMPS/947856957139/Varsha Tiwari/PUNB,292647421755,"29,200.74",,1100238.34
13-03-2025,UPIP2M727162552781RapidoUPIPAYTM,036516073050,400.82,,1099837.52
13-03-2025,UPIP2M984680310700DunzoUPIICICI,032503101720,410.20,,1099427.32
13-03-2025,UPIP2A467344252205KiranSinghUPIFDRL,814383848361,,"6,950.17",1106377.49
13-03-2025,IMPS/741046020741/Nisha Ghosh/FDRL,357413339768,"40,900.90",,1065476.59
14-03-2025,UPIP2M899461089345AmazonPayUPIPAYTM,509903102445,"2,750.14",,1062726.45
14-03-2025,UPIP2M776479063814ViMobileUPIPAYTM,283790488062,439.00,,1062287.45
15-03-2025,ATMCASHAXISCBY60969280CHANDI,368719199354,"3,000.00",,1059287.45
17-03-2025,UPIP2A281485060552SoniaDuttaUPIKKBK,489554743285,,"15,050.50",1074337.95
17-03-2025,UPIP2M812916556016BrijeshBoseUPISBIN,267240614274,"16,450.11",,1057887.84
17-03-2025,UPIP2M413355802611MeeshoUPIPAYTM,716356140488,"4,350.74",,1053537.10
18-03-2025,ATMCASHAXISDMC99318019CHANDI,967756761774,"4,000.00",,1049537.10
18-03-2025,UPIP2M083079819886ViMobileUPIPAYTM,431371642180,589.00,,1048948.10
19-03-2025,POS LIFESTYLE STORES CHANDIGARH,948499776299,"2,350.26",,1046597.84
19-03-2025,ATMCASHAXISGPV27318858CHANDI,132746591276,"1,500.00",,1045097.84
19-03-2025,ATMCASHAXISGMO37702949CHANDI,365257780278,"6,000.00",,1039097.84
19-03-2025,UPIP2M954355887791ViMobileUPIPAYTM,506760902497,509.00,,1038588.84
20-03-2025,UPIP2M576151628714UberIndiaUPIPAYTM,857514815430,240.07,,1038348.77
20-03-2025,UPIP2M741498639351ShreyaJoshiUPIHDFC,604086788162,"21,700.81",,1016647.96
21-03-2025,POS BIG BAZAAR CHANDIGARH,096622111636,"5,300.21",,1011347.75
22-03-2025,UPIP2M059580731193OlaCabsUPIICICI,288144814553,"1,770.09",,1009577.66
23-03-2025,UPIP2M115398641554SwiggyUPIICICI,838264014531,"1,070.22",,1008507.44
23-03-2025,POS SHOPPERS STOP CHANDIGARH,456140793687,"4,350.54",,1004156.90
23-03-2025,UPIP2M583312640856IndaneGasUPIICICI,394136233551,"2,550.62",,1001606.28
23-03-2025,NEFT/N7276469866719/Madura Garments Pvt /FDRL0026721,089947119308,,"21,000.98",1022607.26
24-03-2025,UPIP2M909605561375PaytmMallUPIICICI,200081806794,630.08,,1021977.18
25-03-2025,UPIP2M746115268048NykaaUPIPAYTM,672468696025,"2,200.18",,1019777.00
25-03-2025,ATMCASHAXISWRW33771789CHANDI,400264303088,"5,000.00",,1014777.00
25-03-2025,UPIP2M366965508585ShwetaAgarwaUPIFDRL,078362632605,"13,050.55",,1001726.45
25-03-2025,UPIP2M094443634458PhonePeMerchUPIICICI,517464694361,"1,890.92",,999835.53
26-03-2025,UPIP2M323549563269ViMobileUPIPAYTM,632395063237,629.00,,999206.53
26-03-2025,UPIP2M743113826535NikhilChopraUPIUTIB,582679917450,"13,800.22",,985406.31
27-03-2025,UPIP2A129596614492ManishSrivasUPIUTIB,794368355441,,"13,850.54",999256.85
28-03-2025,POS INDIAN OIL CHANDIGA,706148154310,"4,400.17",,994856.68
28-03-2025,INTEREST CREDIT,555469371736,,580.36,995437.04
29-03-2025,POS BIG BAZAAR CHANDIGARH,547169091112,"1,700.13",,993736.91
31-03-2025,UPIP2M702475068531ZeptoUPIICICI,972705104591,"1,160.85",,992576.06
31-03-2025,UPIP2M777209960819SwiggyUPIICICI,849560838001,310.12,,992265.94
01-04-2025,UPIP2M265422673725NikhilIyerUPIUCBA,324226123511,"16,200.72",,976065.22
02-04-2025,UPIP2M467189961582FlipkartUPIICICI,637979786008,950.30,,975114.92
02-04-2025,UPIP2M301726548418JioRechargeUPIICICI,624971717918,"2,410.56",,972704.36
02-04-2025,UPIP2M877146803360HimanshuPillUPIUCBA,969327107604,"9,800.64",,962903.72
02-04-2025,ATMCASHAXISHFP77893706CHANDI,504990976876,"6,000.00",,956903.72
03-04-2025,UPIP2A718136333251MohanNambiarUPIUTIB,153709079432,,"8,800.51",965704.23
03-04-2025,SALARY/S4231314796067/Bharti Airtel Ltd,711737912540,,"71,911.33",1037615.56
03-04-2025,UPIP2M020539822805UberIndiaUPIPAYTM,393058526893,420.15,,1037195.41
03-04-2025,UPIP2M558866522982RameshDesaiUPIBKID,324717223673,"6,250.39",,1030945.02
04-04-2025,UPIP2M097476051732OlaCabsUPIICICI,983690776808,480.95,,1030464.07
06-04-2025,NACH/MANDATE/RNT4593622/RENT MANDATE,628724841238,"8,000.00",,1022464.07
06-04-2025,UPIP2M704872890647MakeMyTripUPIICICI,250670093410,149.00,,1022315.07
06-04-2025,NACH/MANDATE/LN767722746830/LIC Housing Finance,849553490500,"18,000.00",,1004315.07
07-04-2025,UPIP2M949220534979SwiggyUPIICICI,037087710572,"2,550.77",,1001764.30
08-04-2025,UPIP2M943454793521MeeshoUPIPAYTM,423604452176,"3,550.62",,998213.68
08-04-2025,UPIP2M348717939992JioRechargeUPIICICI,933208311744,670.57,,997543.11
08-04-2025,UPIP2A808348540311ManishBajajUPIBKID,433717923198,,"10,000.05",1007543.16
09-04-2025,UPIP2A249296773682KrishnaIyerUPIBARB,374738220992,,"6,800.17",1014343.33
09-04-2025,ATMCASHAXISTRN27844171CHANDI,317275501355,"2,500.00",,1011843.33
10-04-2025,POS BRAND FACTORY CHANDIGARH,331641544683,"1,450.78",,1010392.55
10-04-2025,UPIP2M141812513143OlaCabsUPIPAYTM,698608006826,450.37,,1009942.18
10-04-2025,UPIP2M657851925211FlipkartUPIPAYTM,109585546966,"1,200.86",,1008741.32
10-04-2025,POS SHOPPERS STOP CHANDIGARH,390891938648,"5,750.78",,1002990.54
11-04-2025,UPIP2M486453337075UberIndiaUPIICICI,954981918019,"2,410.59",,1000579.95
11-04-2025,UPIP2M789667120958UberIndiaUPIICICI,614772664537,180.75,,1000399.20
11-04-2025,UPIP2M569461391311ZeptoUPIICICI,247402290556,900.41,,999498.79
12-04-2025,UPIP2M115492025912AjayGuptaUPIBDBL,914217839027,"20,800.67",,978698.12
13-04-2025,POS BRAND FACTORY CHANDIGARH,370334117224,"5,750.87",,972947.25
13-04-2025,UPIP2M612776664864ViMobileUPIPAYTM,446694077791,869.00,,972078.25
14-04-2025,UPIP2M440728620741KiranRoyUPIBARB,290391713748,"17,900.40",,954177.85
14-04-2025,POS RELIANCE MART CHANDIGARH,202292501464,"2,150.06",,952027.79
15-04-2025,UPIP2M433316824941FlipkartUPIICICI,235165658713,"2,090.00",,949937.79
16-04-2025,UPIP2M793860346356UberIndiaUPIPAYTM,711151834608,90.65,,949847.14
16-04-2025,UPIP2M601770974849PoonamDuttaUPIUTIB,757399331166,"2,750.64",,947096.50
17-04-2025,UPIP2M403687363278ZomatoUPIICICI,465477502978,"1,560.85",,945535.65
17-04-2025,UPIP2M947459176106RapidoUPIPAYTM,331854169354,720.37,,944815.28
18-04-2025,UPIP2M094952557929NikhilReddyUPIPUNB,010270078242,"17,000.13",,927815.15
18-04-2025,IMPS/903325660826/Ramesh Desai/SBIN,635349456782,"34,800.14",,893015.01
18-04-2025,UPIP2M991088290156ViMobileUPIPAYTM,176205243592,539.00,,892476.01
19-04-2025,POS INDIAN OIL CHANDIGA,740630325827,"3,350.11",,889125.90
19-04-2025,UPIP2M920707080806ACTFibernetUPIRAZORPAY,494015121797,399.00,,888726.90
20-04-2025,IMPS/247843492328/Pallavi Joshi/FDRL,277951653036,"10,300.60",,878426.30
20-04-2025,UPIP2M569709684125BESCOMUPIUPIN,719982799173,"1,100.60",,877325.70
21-04-2025,UPIP2M436271128807OlaCabsUPIICICI,914625019306,390.85,,876934.85
21-04-2025,UPIP2M700998152349ViMobileUPIPAYTM,715030059270,609.00,,876325.85
21-04-2025,NEFT/N4780042215050/Arvind Ltd/BDBL0233819,573795960821,,"54,000.41",930326.26
21-04-2025,UPIP2M023162176399PaytmMallUPIICICI,581577070941,"2,390.43",,927935.83
21-04-2025,UPIP2M045572709014SantoshShahUPIBKID,435725909050,"3,800.50",,924135.33
21-04-2025,UPIP2M910000600162AmazonPayUPIICICI,394637128201,"1,450.55",,922684.78
22-04-2025,UPIP2M483304695139ViMobileUPIPAYTM,201919400518,809.00,,921875.78
23-04-2025,POS BIG BAZAAR CHANDIGARH,234828865056,800.64,,921075.14
23-04-2025,POS RELIANCE PETROLEUM CHANDIGA,603343813623,"2,450.68",,918624.46
24-04-2025,UPIP2A103164219287KrishnaYadavUPIBARB,943013624982,,"6,150.24",924774.70
24-04-2025,UPIP2M569058010789RajeshBoseUPIBKID,422327014677,550.85,,924223.85
24-04-2025,UPIP2M116923784379MyntraUPIPAYTM,730381361647,"5,700.37",,918523.48
24-04-2025,UPIP2A322271790704PreetiNairUPIKKBK,375655213902,,"18,350.74",936874.22
25-04-2025,UPIP2M866352404781NaveenMishraUPIUTIB,641948919912,"15,200.17",,921674.05
26-04-2025,UPIP2M437768667461ZomatoUPIICICI,588553642750,"1,470.19",,920203.86
26-04-2025,UPIP2M898116761275IndaneGasUPIICICI,216381174564,"2,550.49",,917653.37
26-04-2025,POS MORE SUPER MARKET CHANDIGARH,761160476114,"4,550.56",,913102.81
26-04-2025,UPIP2M054032669322ViMobileUPIPAYTM,419174879322,249.00,,912853.81
27-04-2025,ATMCASHAXISZTV63572498CHANDI,893730149356,"8,000.00",,904853.81
28-04-2025,UPIP2M228486313713PhonePeMerchUPIICICI,455274074066,"1,680.34",,903173.47
28-04-2025,UPIP2M405824805600UberIndiaUPIPAYTM,566002158437,270.51,,902902.96
29-04-2025,POS SHELL FUEL STATION CHANDIGA,684587223203,"2,550.45",,900352.51
01-05-2025,UPIP2M433967162165OlaCabsUPIICICI,095570182172,"2,650.79",,897701.72
01-05-2025,POS D MART CHANDIGARH,384366360344,"4,500.54",,893201.18
01-05-2025,UPIP2M898124728477VijayMukherjUPIBKID,416466740281,"17,500.87",,875700.31
02-05-2025,POS RELIANCE MART CHANDIGARH,669290533707,"4,250.95",,871449.36
02-05-2025,UPIP2M638201770326MyntraUPIPAYTM,546059128212,"3,900.61",,867548.75
02-05-2025,SALARY/S9832396921564/Bharti Airtel Ltd,365157583398,,"71,810.33",939359.08
03-05-2025,UPIP2M343671634572JioRechargeUPIICICI,875739809408,"2,220.44",,937138.64
03-05-2025,POS BHARAT PETROLEUM CHANDIGA,603618282129,"2,350.95",,934787.69
03-05-2025,NACH/MANDATE/RNT6654993/RENT MANDATE,653044622819,"8,000.00",,926787.69
03-05-2025,UPIP2M061343569735SwatiDuttaUPIHDFC,994040959371,"3,600.87",,923186.82
03-05-2025,UPIP2M104826580942ViMobileUPIPAYTM,896172259755,639.00,,922547.82
04-05-2025,UPIP2M328713725613MeenaJoshiUPIUTIB,319065476237,"6,250.48",,916297.34
04-05-2025,UPIP2M717254133774ArjunThaparUPIBARB,339406801491,"1,100.46",,915196.88
04-05-2025,UPIP2A179333747864RadhaSaxenaUPIUCBA,582508180521,,"11,800.89",926997.77
04-05-2025,POS STAR BAZAAR CHANDIGARH,421933032389,"4,000.61",,922997.16
05-05-2025,UPIP2M236516087287ACTFibernetUPIRAZORPAY,875673700526,"1,249.00",,921748.16
05-05-2025,POS BIG BAZAAR CHANDIGARH,688941909777,"6,550.66",,915197.50
06-05-2025,ATMCASHAXISNEI67572089CHANDI,955774851549,"5,000.00",,910197.50
08-05-2025,UPIP2M631306878786UberIndiaUPIPAYTM,433599246371,500.20,,909697.30
08-05-2025,NACH/MANDATE/LN767722746830/LIC Housing Finance,704042542846,"18,000.00",,891697.30
08-05-2025,UPIP2M656190298897UberIndiaUPIICICI,514241584679,"1,060.11",,890637.19
09-05-2025,UPIP2A799191501311PriyaPatilUPIBARB,883596103796,,"10,300.49",900937.68
09-05-2025,UPIP2A314880324054BabitaPatelUPIBDBL,113665077507,,"11,350.54",912288.22
10-05-2025,UPIP2A374107488929NareshMalhotUPIFDRL,062587828719,,"13,750.57",926038.79
12-05-2025,POS HP PETROL PUMP CHANDIGA,320499309073,"3,300.40",,922738.39
13-05-2025,UPIP2M554453060299IndaneGasUPIICICI,151803959123,"2,550.29",,920188.10
13-05-2025,UPIP2M623808423594ViMobileUPIPAYTM,245875228769,519.00,,919669.10
13-05-2025,UPIP2A723564943690MohitDasUPIBARB,857692061686,,"15,050.95",934720.05
14-05-2025,UPIP2M386863874354PhonePeMerchUPIICICI,683317872406,970.04,,933750.01
14-05-2025,UPIP2M017858375664RapidoUPIPAYTM,210425226372,220.55,,933529.46
15-05-2025,UPIP2M720750245044OlaCabsUPIICICI,703148712580,"1,130.65",,932398.81
15-05-2025,POS HP PETROL PUMP CHANDIGA,717228695981,"3,600.67",,928798.14
15-05-2025,POS INDIAN OIL CHANDIGA,808379611127,"3,400.74",,925397.40
15-05-2025,UPIP2M830062287610SwiggyUPIICICI,245012585979,350.92,,925046.48
15-05-2025,UPIP2M585413807626MyntraUPIICICI,249616335527,899.00,,924147.48
16-05-2025,POS METRO CASH CARRY CHANDIGARH,577386847256,"2,800.10",,921347.38
16-05-2025,UPIP2M787131801945AmazonPayUPIICICI,322360713736,680.22,,920667.16
16-05-2025,UPIP2M398129619087FlipkartUPIPAYTM,677350018076,"2,750.03",,917917.13
16-05-2025,UPIP2A540337130521LalitBoseUPIBARB,974792141016,,"18,400.06",936317.19
17-05-2025,UPIP2M869816797398ViMobileUPIPAYTM,389326384450,909.00,,935408.19
17-05-2025,UPIP2A628040408322AnjaliVermaUPIUCBA,783431526146,,"15,850.86",951259.05
17-05-2025,UPIP2A000690607225JyotiDesaiUPIFDRL,216116436147,,"8,800.78",960059.83
18-05-2025,ATMCASHAXISTJY24924787CHANDI,719483121278,"2,000.00",,958059.83
18-05-2025,UPIP2A404179907339SoniaSinghUPISBIN,610286920964,,"20,550.00",978609.83
18-05-2025,ATMCASHAXISJZG66451855CHANDI,470415161543,"7,500.00",,971109.83
19-05-2025,UPIP2M510604905966MohitReddyUPIUTIB,874805635779,"2,400.98",,968708.85
19-05-2025,UPIP2M316882499938BESCOMUPIUPIN,554370507604,"1,300.79",,967408.06
19-05-2025,UPIP2M195767521275NykaaUPIPAYTM,653578104776,"3,500.78",,963907.28
20-05-2025,UPIP2A107743624318GeetaSrivastUPIUCBA,285969313994,,"16,750.37",980657.65
20-05-2025,UPIP2M589196171719PankajTiwariUPIBDBL,711543765292,"4,850.35",,975807.30
20-05-2025,UPIP2M245885003726BigBasketUPIICICI,189528527556,680.71,,975126.59
21-05-2025,POS VISHAL MEGA MART CHANDIGARH,266217070648,"1,850.94",,973275.65
23-05-2025,UPIP2A329190599903BabitaSethiUPIFDRL,745814338772,,"15,050.26",988325.91
24-05-2025,UPIP2M905816954407UberIndiaUPIICICI,528775052492,"1,320.09",,987005.82
24-05-2025,UPIP2M854051312763JioRechargeUPIICICI,020910501187,490.23,,986515.59
24-05-2025,UPIP2A555133855109MayaSharmaUPIFDRL,964763761791,,"15,950.65",1002466.24
24-05-2025,UPIP2M004923735603PhonePeMerchUPIICICI,091553996094,"2,590.46",,999875.78
26-05-2025,UPIP2M897373545383PaytmMallUPIICICI,379274313289,"1,270.41",,998605.37
26-05-2025,UPIP2M377890430434NishaKhannaUPIUTIB,902985577391,"7,900.85",,990704.52
26-05-2025,UPIP2M276607023083BabitaVermaUPIUCBA,419739974148,"7,950.45",,982754.07
28-05-2025,UPIP2M897250426120FlipkartUPIICICI,539151784828,880.55,,981873.52
28-05-2025,UPIP2M104448338028RajeshYadavUPIKKBK,042215623341,"19,350.46",,962523.06
28-05-2025,Monthly Service Chrgs,406634730928,100.00,,962423.06
28-05-2025,GST ON CHARGES,668732002283,18.00,,962405.06
29-05-2025,UPIP2M363201052635JioRechargeUPIICICI,424883626257,750.16,,961654.90
29-05-2025,UPIP2M214865909389RapidoUPIPAYTM,312195840323,600.73,,961054.17
30-05-2025,UPIP2M258196172829UberIndiaUPIICICI,233012134620,660.60,,960393.57
30-05-2025,UPIP2M033226011740BigBasketUPIICICI,228193834301,"1,780.84",,958612.73
30-05-2025,UPIP2M374821900709ZeptoUPIICICI,143838778512,990.16,,957622.57
31-05-2025,UPIP2M648415068589RajanRoyUPISBIN,956513976029,"3,550.14",,954072.43
31-05-2025,POS RELIANCE MART CHANDIGARH,383209692897,"3,600.64",,950471.79
31-05-2025,UPIP2A534899553492AnjaliBajajUPIBDBL,814385805310,,"11,300.31",961772.10
01-06-2025,SALARY/S9113068027177/Bharti Airtel Ltd,030704285869,,"72,528.33",1034300.43
01-06-2025,POS MORE SUPER MARKET CHANDIGARH,774120688566,"7,600.92",,1026699.51
01-06-2025,UPIP2M020632220353DivyaNairUPIHDFC,391667875489,"5,550.91",,1021148.60
02-06-2025,UPIP2M942441007517BSNLBroadbanUPIICICI,198565969972,"1,160.76",,1019987.84
02-06-2025,NACH/MANDATE/RNT2604250/RENT MANDATE,536878760133,"8,000.00",,1011987.84
03-06-2025,UPIP2A311866762226KrishnaThapaUPIFDRL,092327898170,,"10,800.48",1022788.32
03-06-2025,ATMCASHAXISKCA96038134CHANDI,913089123062,"2,500.00",,1020288.32
03-06-2025,UPIP2A363351283977KunalKhannaUPIHDFC,882421277021,,"2,608.60",1022896.92
04-06-2025,UPIP2A492541746882RituKumarUPIPUNB,859995679991,,"9,550.33",1032447.25
04-06-2025,ATMCASHAXISSMO88337893CHANDI,232715514060,"1,500.00",,1030947.25
04-06-2025,UPIP2A679636221961SumitPatelUPIHDFC,517082255329,,"8,450.67",1039397.92
04-06-2025,UPIP2M641482838936SwiggyUPIICICI,852401636483,560.45,,1038837.47
04-06-2025,UPIP2M265562856665BigBasketUPIICICI,484449796780,"2,500.05",,1036337.42
04-06-2025,IMPS/708530215565/Kavita Patil/FDRL,679114531094,"18,000.00",,1018337.42
05-06-2025,UPIP2M720767636166PoonamBoseUPIFDRL,952671571214,"6,000.81",,1012336.61
05-06-2025,UPIP2M053045134654OlaCabsUPIPAYTM,739312217153,850.95,,1011485.66
05-06-2025,UPIP2M574314058455RaviMenonUPIBDBL,790095633011,"2,076.40",,1009409.26
06-06-2025,UPIP2M071561196245MayaDasUPIPUNB,338000686081,"4,918.16",,1004491.10
06-06-2025,UPIP2M234874948809NykaaUPIPAYTM,894606034942,"1,200.74",,1003290.36
06-06-2025,NACH/MANDATE/LN767722746830/LIC Housing Finance,877472882003,"18,000.00",,985290.36
06-06-2025,UPIP2A371476129029AkashMenonUPIUCBA,265784222237,,"21,850.62",1007140.98
06-06-2025,UPIP2A518282955747RekhaRaoUPIBKID,776581389804,,300.80,1007441.78
07-06-2025,UPIP2M783661127542PhonePeMerchUPIICICI,847580887321,"1,380.98",,1006060.80
07-06-2025,UPIP2M851306233366ACTFibernetUPIRAZORPAY,915607112113,"1,249.00",,1004811.80
07-06-2025,UPIP2M477470278157FlipkartUPIICICI,053312128261,"2,660.51",,1002151.29
07-06-2025,UPIP2M703928181654ManojAgarwalUPISBIN,337829051571,"20,550.25",,981601.04
08-06-2025,UPIP2M936052250552BSNLBroadbanUPIICICI,486759639880,120.69,,981480.35
09-06-2025,UPIP2M817301771724ZomatoUPIICICI,500110036219,"1,600.02",,979880.33
10-06-2025,UPIP2M448836546239ManojKhannaUPIBDBL,707650031878,900.61,,978979.72
11-06-2025,UPIP2M216361259134PhonePeMerchUPIICICI,544862843535,"1,330.38",,977649.34
12-06-2025,POS RELIANCE MART CHANDIGARH,633463049505,"3,250.60",,974398.74
12-06-2025,ATMCASHAXISROD80172194CHANDI,123389989617,"5,000.00",,969398.74
12-06-2025,UPIP2M425528342142BESCOMUPIUPIN,813786970622,"2,950.07",,966448.67
12-06-2025,UPIP2M708433552677UberIndiaUPIPAYTM,384219863421,450.91,,965997.76
13-06-2025,ATMCASHAXISRDR88651625CHANDI,551417148042,"6,000.00",,959997.76
13-06-2025,ATMCASHAXISXPI19275422CHANDI,107707334295,"7,500.00",,952497.76
13-06-2025,UPIP2M353386859594ViMobileUPIPAYTM,831941917286,329.00,,952168.76
13-06-2025,UPIP2M420958189552ViMobileUPIPAYTM,950615085467,599.00,,951569.76
13-06-2025,UPIP2M548487056794RelianceNippUPILICI,270524817166,"2,700.00",,948869.76
14-06-2025,UPIP2M550418723968IndaneGasUPIICICI,036226916891,"1,400.24",,947469.52
14-06-2025,UPIP2A785883237944GirishNambiaUPIKKBK,032293269346,,"9,150.26",956619.78
14-06-2025,UPIP2M349014538527RekhaPatilUPIUTIB,172779661062,"10,600.21",,946019.57
15-06-2025,POS VISHAL MEGA MART CHANDIGARH,475048257113,"2,200.36",,943819.21
15-06-2025,UPIP2M940532923797RapidoUPIPAYTM,186005880791,790.84,,943028.37
15-06-2025,UPIP2M823393834614PaytmMallUPIICICI,897339917591,"1,710.77",,941317.60
15-06-2025,UPIP2M766291019985ApolloPharmaUPIICICI,482772947962,599.00,,940718.60
15-06-2025,UPIP2A616864954683SeemaJoshiUPIUCBA,666397895254,,"1,901.27",942619.87
16-06-2025,UPIP2M248565554839PreetiGhoshUPIPUNB,293292066059,"4,330.65",,938289.22
16-06-2025,UPIP2A861907016339HimanshuAgarUPIFDRL,430738553289,,"12,500.90",950790.12
16-06-2025,UPIP2M930261332632PaytmMallUPIICICI,322308214889,520.16,,950269.96
17-06-2025,UPIP2M940035018713OlaCabsUPIICICI,630735852240,"1,040.16",,949229.80
18-06-2025,POS RELIANCE PETROLEUM CHANDIGA,312300945709,"2,250.64",,946979.16
19-06-2025,UPIP2M267183283435UberIndiaUPIPAYTM,124058708384,90.89,,946888.27
19-06-2025,UPIP2M984584288723ViMobileUPIPAYTM,382909254288,289.00,,946599.27
21-06-2025,UPIP2M802401061863DunzoUPIICICI,174432352072,"1,430.55",,945168.72
22-06-2025,POS CENTRAL MALL CHANDIGARH,639393819820,"5,900.71",,939268.01
22-06-2025,UPIP2M739498443082ViMobileUPIPAYTM,299661002946,329.00,,938939.01
23-06-2025,UPIP2A199884869432PoojaDubeyUPIBKID,184455254381,,"1,350.38",940289.39
23-06-2025,UPIP2A095165107004AshishDubeyUPIBKID,636175290660,,"14,300.47",954589.86
23-06-2025,UPIP2M508106110402DunzoUPIICICI,131096931373,520.11,,954069.75
24-06-2025,UPIP2M847020568428DunzoUPIICICI,126065334228,"2,100.80",,951968.95
24-06-2025,UPIP2M785315038311KunalDasUPIBARB,296744709140,"3,400.67",,948568.28
25-06-2025,UPIP2M827736203020TarunKulkarnUPIBKID,638214467228,"2,748.78",,945819.50
25-06-2025,INTEREST CREDIT,286232360207,,450.71,946270.21
25-06-2025,UPIP2M371805981699ViMobileUPIPAYTM,838780604255,209.00,,946061.21
27-06-2025,POS BHARAT PETROLEUM CHANDIGA,791621758884,"1,600.20",,944461.01
27-06-2025,UPIP2M820734893975DunzoUPIICICI,750458899970,530.99,,943930.02
28-06-2025,POS HP PETROL PUMP CHANDIGA,753329368102,"2,250.14",,941679.88
29-06-2025,POS BIG BAZAAR CHANDIGARH,862679126946,"1,000.43",,940679.45
29-06-2025,UPIP2M439668249036RapidoUPIPAYTM,488936113287,640.04,,940039.41
01-07-2025,UPIP2A421350350823ShreyaChopraUPIUTIB,962533627103,,"18,900.82",958940.23
01-07-2025,UPIP2M869127431335PhonePeMerchUPIICICI,013667320107,"1,210.05",,957730.18
01-07-2025,UPIP2M426039147898BigBasketUPIICICI,959120114934,"1,760.13",,955970.05
01-07-2025,POS BHARAT PETROLEUM CHANDIGA,756544620516,"4,050.39",,951919.66
02-07-2025,SALARY/S1986307850319/Bharti Airtel Ltd,695117979230,,"71,989.33",1023908.99
02-07-2025,POS SHELL FUEL STATION CHANDIGA,646220515418,"1,450.11",,1022458.88
03-07-2025,POS MAX FASHION CHANDIGARH,104305969900,"1,650.27",,1020808.61
03-07-2025,UPIP2M854123183446FlipkartUPIICICI,939951280425,890.30,,1019918.31
04-07-2025,ATMCASHAXISXYU87443695CHANDI,596938187314,"1,500.00",,1018418.31
04-07-2025,UPIP2M443978502076FlipkartUPIICICI,019797401628,"2,770.84",,1015647.47
05-07-2025,UPIP2A487990352898AjayPatilUPIBARB,060858952788,,"8,750.71",1024398.18
05-07-2025,ATMCASHAXISDXT03221180CHANDI,649058538422,"3,500.00",,1020898.18
06-07-2025,UPIP2M789508185069RapidoUPIPAYTM,834355416094,730.92,,1020167.26
07-07-2025,UPIP2M226682519071RapidoUPIPAYTM,536221369820,430.86,,1019736.40
07-07-2025,NACH/MANDATE/RNT2884043/RENT MANDATE,769981476992,"8,000.00",,1011736.40
08-07-2025,UPIP2M856845844829ViMobileUPIPAYTM,757865127705,289.00,,1011447.40
08-07-2025,UPIP2M256318212809OlaCabsUPIPAYTM,682069383231,330.87,,1011116.53
08-07-2025,NACH/MANDATE/LN767722746830/LIC Housing Finance,299672733221,"18,000.00",,993116.53
09-07-2025,POS SHELL FUEL STATION CHANDIGA,386433462472,"1,550.54",,991565.99
09-07-2025,UPIP2M732351734124SoniaPillaiUPIUTIB,708516406531,"20,450.26",,971115.73
10-07-2025,UPIP2A981514125954KunalDesaiUPISBIN,989414642782,,"17,450.46",988566.19
10-07-2025,UPIP2M208057859468PhonePeMerchUPIICICI,642066304243,"2,680.65",,985885.54
11-07-2025,POS D MART CHANDIGARH,925468622824,"4,950.00",,980935.54
11-07-2025,UPIP2M111076171232AmazonPayUPIICICI,063789467681,950.93,,979984.61
11-07-2025,UPIP2M767726746580ZeptoUPIICICI,489376961804,"1,690.93",,978293.68
12-07-2025,UPIP2M258577344116VandanaSrivaUPIHDFC,496259690914,"14,000.77",,964292.91
12-07-2025,UPIP2M222218520875KavitaBanerjUPISBIN,410251405313,"16,800.61",,947492.30
12-07-2025,UPIP2M296957668813RakeshAgarwaUPIBARB,197485035085,"15,300.03",,932192.27
13-07-2025,UPIP2M317368296566PriyaJoshiUPIUTIB,048190577497,"4,200.51",,927991.76
13-07-2025,UPIP2M619540561894UberIndiaUPIICICI,914484220059,"2,250.20",,925741.56
13-07-2025,IMPS/191046374297/Sunil Malhotra/HDFC,733606111049,"44,800.85",,880940.71
14-07-2025,UPIP2M825847742213BESCOMUPIUPIN,086375948431,"2,650.45",,878290.26
14-07-2025,UPIP2M265430783463ApolloPharmaUPIICICI,295368770389,799.00,,877491.26
14-07-2025,UPIP2A324009544550MohitRaoUPISBIN,491861096763,,"16,200.71",893691.97
15-07-2025,UPIP2M321570622818ViMobileUPIPAYTM,114592041282,459.00,,893232.97
15-07-2025,UPIP2M723202177960BSNLBroadbanUPIICICI,451369477225,"1,870.29",,891362.68
16-07-2025,NEFT/N1547432612761/Bajaj Finserv Ltd/UCBA0624657,883302491437,,"37,500.32",928863.00
16-07-2025,UPIP2M687851817305BSNLBroadbanUPIICICI,328903422725,200.55,,928662.45
16-07-2025,UPIP2M186458024182PreetiJoshiUPIUTIB,620418239647,"2,000.54",,926661.91
16-07-2025,UPIP2M677110599140OlaCabsUPIICICI,492063838762,660.53,,926001.38
17-07-2025,UPIP2M714612938691PhonePeMerchUPIICICI,030161894912,"1,770.97",,924230.41
17-07-2025,POS CENTRAL MALL CHANDIGARH,765744382291,"5,000.26",,919230.15
18-07-2025,POS SHELL FUEL STATION CHANDIGA,749850812457,"4,100.41",,915129.74
18-07-2025,UPIP2M498535341207ShivamReddyUPIBDBL,339244329593,"14,300.24",,900829.50
19-07-2025,UPIP2M483214396153ACTFibernetUPIRAZORPAY,784036736882,499.00,,900330.50
19-07-2025,POS VISHAL MEGA MART CHANDIGARH,991337570314,"3,650.25",,896680.25
20-07-2025,UPIP2A839862382257SnehaMenonUPIHDFC,962675091335,,"9,450.26",906130.51
21-07-2025,UPIP2M094035901894IndaneGasUPIICICI,326627943459,"1,900.61",,904229.90
23-07-2025,UPIP2M660491984574SiddharthShaUPIHDFC,248854688531,"16,100.06",,888129.84
23-07-2025,UPIP2M380265773444ViMobileUPIPAYTM,360333989091,359.00,,887770.84
23-07-2025,UPIP2M668132637197MyntraUPIPAYTM,506498659728,"5,250.25",,882520.59
25-07-2025,IMPS/542739845643/Vikas Khanna/BKID,378673683191,"26,900.74",,855619.85
25-07-2025,POS V MART CHANDIGARH,126189512983,"4,050.92",,851568.93
25-07-2025,UPIP2M914715927936SnehaAhujaUPIFDRL,569843332955,"7,850.81",,843718.12
26-07-2025,UPIP2M991103460516UberIndiaUPIPAYTM,761040805271,430.53,,843287.59
26-07-2025,UPIP2M024776693398ViMobileUPIPAYTM,526446890978,619.00,,842668.59
26-07-2025,POS CENTRAL MALL CHANDIGARH,765971071379,"3,900.86",,838767.73
26-07-2025,UPIP2M549148067404SapnaThaparUPIKKBK,147346418014,"5,650.57",,833117.16
26-07-2025,UPIP2A093785920165RajanIyerUPIHDFC,338278647271,,"9,174.06",842291.22
27-07-2025,UPIP2M722359053417OlaCabsUPIPAYTM,954272896213,460.82,,841830.40
27-07-2025,UPIP2M586022059334NishaShuklaUPIFDRL,927754707856,"1,100.43",,840729.97
28-07-2025,UPIP2M623057309622FlipkartUPIPAYTM,560987253944,"1,450.48",,839279.49
28-07-2025,UPIP2A447119153713KrishnaShahUPIBKID,634533144919,,100.22,839379.71
28-07-2025,UPIP2A630678399920SangitaGhoshUPIFDRL,291011117384,,"21,650.27",861029.98
28-07-2025,POS SHOPPERS STOP CHANDIGARH,501509025027,"5,850.40",,855179.58
29-07-2025,UPIP2M240390983347UberIndiaUPIPAYTM,816907170934,460.06,,854719.52
29-07-2025,POS VISHAL MEGA MART CHANDIGARH,300754012517,"5,000.47",,849719.05
30-07-2025,Monthly Service Chrgs,403503532367,310.00,,849409.05
30-07-2025,GST ON CHARGES,584559926667,55.80,,849353.25
31-07-2025,UPIP2M012027296066DunzoUPIICICI,953675157284,"2,460.32",,846892.93
01-08-2025,UPIP2M048465386269BrijeshDesaiUPIBDBL,087321778653,"3,050.11",,843842.82
02-08-2025,UPIP2M155143327880RapidoUPIPAYTM,989231902674,640.55,,843202.27
02-08-2025,UPIP2M768626763166PaytmMallUPIICICI,178155591780,"2,480.58",,840721.69
03-08-2025,SALARY/S1271692731053/Bharti Airtel Ltd,367197704304,,"70,771.33",911493.02
04-08-2025,IMPS/646861956540/Ajay Sethi/PUNB,170416228737,"8,600.92",,902892.10
04-08-2025,UPIP2A936527726213SnehaSrivastUPISBIN,140332098940,,"8,300.11",911192.21
05-08-2025,UPIP2M225644417306VivekKumarUPIFDRL,645199748912,"21,050.67",,890141.54
05-08-2025,UPIP2A515687626387AshaBoseUPIBDBL,129431809254,,"12,500.95",902642.49
06-08-2025,UPIP2M303934413102JioRechargeUPIICICI,383917346533,740.35,,901902.14
06-08-2025,UPIP2M566235226896NykaaUPIPAYTM,296519087320,"2,750.10",,899152.04
06-08-2025,ATMCASHAXISWNB16127695CHANDI,127568906390,"7,000.00",,892152.04
06-08-2025,NACH/MANDATE/RNT5870533/RENT MANDATE,276171468478,"8,000.00",,884152.04
06-08-2025,NACH/MANDATE/LN767722746830/LIC Housing Finance,249905821536,"18,000.00",,866152.04
08-08-2025,UPIP2M582773936496DunzoUPIICICI,525330406389,"1,930.25",,864221.79
08-08-2025,UPIP2M689864181901BlinkitUPIICICI,467697673828,"2,650.37",,861571.42
09-08-2025,UPIP2M087665822158BESCOMUPIUPIN,669372228571,"2,500.57",,859070.85
10-08-2025,UPIP2M383764121511MeenaKulkarnUPIPUNB,986932017999,"14,000.30",,845070.55
10-08-2025,UPIP2M136213503707OlaCabsUPIPAYTM,240974361537,630.51,,844440.04
10-08-2025,NEFT/N9045795123115/Maruti Suzuki India/BARB0411122,710034836804,,"7,000.74",851440.78
10-08-2025,POS HP PETROL PUMP CHANDIGA,246536806470,"3,900.79",,847539.99
11-08-2025,ATMCASHAXISXVP81615484CHANDI,294851223203,"1,500.00",,846039.99
11-08-2025,POS MAX FASHION CHANDIGARH,031097790177,"8,300.97",,837739.02
11-08-2025,UPIP2A145216071541GeetaRaoUPISBIN,169220182263,,"2,950.35",840689.37
13-08-2025,UPIP2M306573395831PhonePeMerchUPIICICI,372100046284,"1,300.03",,839389.34
14-08-2025,UPIP2M796167372557MukeshSrivasUPIBDBL,226650990178,"5,600.81",,833788.53
14-08-2025,POS PANTALOONS CHANDIGARH,420714204821,"3,350.13",,830438.40
16-08-2025,UPIP2M093678700231ViMobileUPIPAYTM,170266456925,789.00,,829649.40
16-08-2025,UPIP2M030077883288SureshSenUPIBDBL,650894246203,"3,250.60",,826398.80
17-08-2025,UPIP2M978427822855MukeshKumarUPIBARB,339714320858,"7,550.91",,818847.89
17-08-2025,UPIP2M531516241525PrashantGuptUPIBKID,243897639859,"20,600.96",,798246.93
18-08-2025,POS MAX FASHION CHANDIGARH,986366679738,"5,900.06",,792346.87
18-08-2025,UPIP2M160053086006AmazonPayUPIPAYTM,226787567331,"3,000.90",,789345.97
18-08-2025,UPIP2M494488301019GeetaDubeyUPIBARB,690765705950,"18,550.41",,770795.56
18-08-2025,UPIP2A792005112386SoniaRaoUPISBIN,162469909686,,"8,100.28",778895.84
19-08-2025,POS CENTRAL MALL CHANDIGARH,293571933604,500.64,,778395.20
19-08-2025,POS BHARAT PETROLEUM CHANDIGA,741414656118,"3,200.46",,775194.74
19-08-2025,UPIP2M735648576369IndaneGasUPIICICI,972898782644,"2,600.45",,772594.29
19-08-2025,UPIP2A237774771524RameshGuptaUPIHDFC,556296318231,,"20,400.21",792994.50
21-08-2025,UPIP2M380063572459RapidoUPIPAYTM,714244573233,840.25,,792154.25
22-08-2025,POS STAR BAZAAR CHANDIGARH,912496648148,"3,950.22",,788204.03
23-08-2025,POS SHOPPERS STOP CHANDIGARH,216590358886,750.19,,787453.84
24-08-2025,UPIP2M832677585800ViMobileUPIPAYTM,799022495990,659.00,,786794.84
24-08-2025,UPIP2M920732283867LataGhoshUPIFDRL,093854235213,"18,350.69",,768444.15
25-08-2025,ATMCASHAXISULP72210480CHANDI,434756522741,"4,000.00",,764444.15
25-08-2025,UPIP2M910369523748ViMobileUPIPAYTM,063481953979,809.00,,763635.15
25-08-2025,UPIP2M635703735022ApolloPharmaUPIICICI,929310561316,640.38,,762994.77
25-08-2025,POS SHELL FUEL STATION CHANDIGA,824699497395,"3,700.99",,759293.78
25-08-2025,ATMCASHAXISDZR69278488CHANDI,309623739819,"8,000.00",,751293.78
25-08-2025,UPIP2A136256112452HarishKapoorUPIBARB,920388056895,,"20,550.08",771843.86
25-08-2025,UPIP2M346818233260PaytmMallUPIICICI,965847004694,620.86,,771223.00
26-08-2025,Monthly Service Chrgs,038743776143,280.00,,770943.00
26-08-2025,GST ON CHARGES,075390161189,50.40,,770892.60
27-08-2025,POS RELIANCE PETROLEUM CHANDIGA,339790741657,"1,600.73",,769291.87
27-08-2025,UPIP2M075601574828ViMobileUPIPAYTM,271824185240,439.00,,768852.87
28-08-2025,UPIP2M359546890469PaytmMallUPIICICI,678017116881,"1,420.90",,767431.97
28-08-2025,UPIP2A786578121631SanjayPandeyUPISBIN,028355553101,,"3,000.66",770432.63
28-08-2025,ATMCASHAXISEXS59311472CHANDI,196093103987,"2,500.00",,767932.63
29-08-2025,UPIP2M393472904305HarishSethiUPIBDBL,515836076989,"18,350.41",,749582.22
29-08-2025,POS BIG BAZAAR CHANDIGARH,295693007980,"1,450.94",,748131.28
30-08-2025,UPIP2M864701545649ShreyaRaoUPISBIN,727813063595,"8,250.78",,739880.50
30-08-2025,UPIP2M830706773130JioRechargeUPIICICI,263543317960,"2,640.08",,737240.42
30-08-2025,UPIP2M843115772083KunalBajajUPIBDBL,785901938753,"11,050.96",,726189.46
30-08-2025,POS D MART CHANDIGARH,772643026153,"3,500.93",,722688.53
30-08-2025,UPIP2A223922124963TarunMalhotrUPIUTIB,710637449476,,"19,450.38",742138.91
01-09-2025,UPIP2M142864485191UberIndiaUPIICICI,069935591464,900.61,,741238.30
01-09-2025,SALARY/S1574998418816/Bharti Airtel Ltd,213078254595,,"74,067.33",815305.63
01-09-2025,ATMCASHAXISQIJ45096758CHANDI,639675089079,"4,000.00",,811305.63
01-09-2025,UPIP2M459147393822AshaSenUPIUTIB,376063045515,"17,450.53",,793855.10
03-09-2025,UPIP2M060202955798LalitJoshiUPIBDBL,148426624517,"8,000.43",,785854.67
03-09-2025,POS BIG BAZAAR CHANDIGARH,224523635935,"4,450.59",,781404.08
03-09-2025,UPIP2M405588822302AmazonPayUPIICICI,414704055584,"2,490.92",,778913.16
03-09-2025,UPIP2M196352635306ViMobileUPIPAYTM,357706488670,649.00,,778264.16
04-09-2025,UPIP2M540291054887BabitaMalhotUPIBDBL,893529585438,"13,700.59",,764563.57
04-09-2025,POS BHARAT PETROLEUM CHANDIGA,025874550830,"3,600.25",,760963.32
05-09-2025,NACH/MANDATE/RNT8451373/RENT MANDATE,647354688015,"8,000.00",,752963.32
05-09-2025,POS MORE SUPER MARKET CHANDIGARH,468293501844,"5,750.96",,747212.36
06-09-2025,UPIP2M778179640654BigBasketUPIICICI,021306253950,"1,130.72",,746081.64
06-09-2025,UPIP2M662350674381ViMobileUPIPAYTM,849034455365,519.00,,745562.64
07-09-2025,UPIP2M986717640655RapidoUPIPAYTM,290973354424,150.66,,745411.98
07-09-2025,UPIP2M079104461685PractoUPIICICI,245651628377,899.00,,744512.98
07-09-2025,UPIP2M010630322919ViMobileUPIPAYTM,680797932362,209.00,,744303.98
07-09-2025,UPIP2A002736812745SushmaJoshiUPIBKID,616078678014,,"9,850.24",754154.22
07-09-2025,IMPS/246828747873/Mohit Tiwari/BARB,866748941418,"39,800.67",,714353.55
07-09-2025,UPIP2M330250446025OlaCabsUPIICICI,889969848106,530.18,,713823.37
08-09-2025,UPIP2M219271048078ZeptoUPIICICI,343353499665,"1,940.05",,711883.32
08-09-2025,NACH/MANDATE/LN767722746830/LIC Housing Finance,757581588393,"18,000.00",,693883.32
08-09-2025,UPIP2M530796841497ACTFibernetUPIRAZORPAY,446689187368,799.00,,693084.32
09-09-2025,UPIP2M493657119242KavyaSrivastUPIUTIB,770446221119,"13,850.25",,679234.07
11-09-2025,UPIP2M431851211161UberIndiaUPIPAYTM,172461544326,590.98,,678643.09
11-09-2025,NEFT/N0038274810574/Cipla Limited/UCBA0031389,965720676702,,"21,500.75",700143.84
11-09-2025,UPIP2M227743305313BESCOMUPIUPIN,482111983744,"3,200.59",,696943.25
12-09-2025,UPIP2M762758874002RelianceNippUPILICI,175575014964,"2,700.00",,694243.25
12-09-2025,UPIP2M043693808170DunzoUPIICICI,554985868067,650.69,,693592.56
12-09-2025,UPIP2M056713089150ZomatoUPIICICI,677160154953,220.90,,693371.66
12-09-2025,ATMCASHAXISKWI39870192CHANDI,724094436105,"7,000.00",,686371.66
13-09-2025,UPIP2M482937768855PaytmMallUPIICICI,744849155414,"1,250.89",,685120.77
13-09-2025,UPIP2M483887446181AmazonPayUPIICICI,035755455655,640.26,,684480.51
14-09-2025,UPIP2M790250158412RohitRoyUPIUTIB,696149388208,"14,850.09",,669630.42
15-09-2025,UPIP2M904944231033OlaCabsUPIPAYTM,581127539482,660.75,,668969.67
16-09-2025,UPIP2M899171992625NareshSaxenaUPIFDRL,537332025093,"17,850.90",,651118.77
17-09-2025,UPIP2M316421016691UberIndiaUPIPAYTM,237562742973,500.86,,650617.91
17-09-2025,UPIP2M004127373459ZomatoUPIICICI,886878339000,"2,420.65",,648197.26
18-09-2025,UPIP2M142399779075OlaCabsUPIPAYTM,563903342183,330.22,,647867.04
19-09-2025,UPIP2A504182794770VijayDuttaUPISBIN,929442349579,,"15,650.07",663517.11
19-09-2025,UPIP2M069655627547FlipkartUPIICICI,058906950673,"2,710.03",,660807.08
19-09-2025,UPIP2M026271228558PaytmMallUPIICICI,611869521144,550.44,,660256.64
20-09-2025,UPIP2A205839541451SachinMukherUPIUCBA,011065472555,,"17,300.96",677557.60
20-09-2025,UPIP2M847947929787ZeptoUPIICICI,796103977611,"2,400.69",,675156.91
20-09-2025,UPIP2M505092551148AmitPandeyUPIUTIB,767367405606,"2,350.51",,672806.40
21-09-2025,UPIP2M320938844766ZomatoUPIICICI,282862603621,"2,020.47",,670785.93
23-09-2025,UPIP2M150075608063NykaaUPIPAYTM,580904083829,"5,800.51",,664985.42
23-09-2025,UPIP2M860288471450AmazonPayUPIPAYTM,028671429315,"1,950.26",,663035.16
24-09-2025,UPIP2M882339966885ViMobileUPIPAYTM,390638569548,329.00,,662706.16
24-09-2025,UPIP2M626342368514BabitaPatilUPIBDBL,427686015945,"7,650.84",,655055.32
25-09-2025,UPIP2M201362820327BlinkitUPIICICI,534436305684,"2,740.30",,652315.02
25-09-2025,POS BRAND FACTORY CHANDIGARH,544395357029,"7,600.58",,644714.44
25-09-2025,UPIP2M431121861063IndaneGasUPIICICI,826667393973,"1,800.90",,642913.54
26-09-2025,ATMCASHAXISQOQ67356863CHANDI,736156160787,"3,000.00",,639913.54
26-09-2025,ATMCASHAXISTWC15296773CHANDI,452514184577,"6,500.00",,633413.54
26-09-2025,POS BIG BAZAAR CHANDIGARH,983374993015,"3,250.60",,630162.94
27-09-2025,GST ON CHARGES,818328598276,73.80,,630089.14
27-09-2025,Monthly Service Chrgs,107687543991,410.00,,629679.14
27-09-2025,UPIP2M002346316775UberIndiaUPIICICI,219251143379,"2,170.88",,627508.26
27-09-2025,INTEREST CREDIT,482981644505,,535.47,628043.73
29-09-2025,UPIP2M192337314968NykaaUPIPAYTM,350235014082,"3,600.34",,624443.39
29-09-2025,POS BHARAT PETROLEUM CHANDIGA,896617995107,"1,750.66",,622692.73
29-09-2025,UPIP2M344451984869OlaCabsUPIPAYTM,598677240582,720.42,,621972.31
29-09-2025,ATMCASHAXISWQF83056991CHANDI,836424988764,"10,000.00",,611972.31
29-09-2025,UPIP2M803935284417SaritaKulkarUPIUCBA,534917177094,"18,750.40",,593221.91
01-10-2025,UPIP2M822091010677ZomatoUPIICICI,035012130296,760.45,,592461.46
02-10-2025,UPIP2M658263874339NykaaUPIICICI,589062467721,749.00,,591712.46
03-10-2025,UPIP2M630745417632VandanaMenonUPIUTIB,372175992496,"11,000.93",,580711.53
03-10-2025,SALARY/S9863592499616/Bharti Airtel Ltd,781833445581,,"72,323.33",653034.86
03-10-2025,POS PANTALOONS CHANDIGARH,772256565773,"3,700.05",,649334.81
05-10-2025,UPIP2M362265885832ViMobileUPIPAYTM,072384664952,289.00,,649045.81
05-10-2025,ATMCASHAXISJVT92256909CHANDI,312448085530,"1,500.00",,647545.81
05-10-2025,POS BRAND FACTORY CHANDIGARH,458035186876,"6,300.94",,641244.87
05-10-2025,NACH/MANDATE/RNT0115357/RENT MANDATE,126613857187,"8,000.00",,633244.87
06-10-2025,UPIP2M817794720169PreetiMehtaUPISBIN,253885946774,"19,150.66",,614094.21
06-10-2025,UPIP2A165357756023AnitaSinghUPIBARB,843012217123,,"18,850.38",632944.59
07-10-2025,POS SHELL FUEL STATION CHANDIGA,523348739781,"2,000.31",,630944.28
07-10-2025,POS METRO CASH CARRY CHANDIGARH,204051427766,"1,350.34",,629593.94
07-10-2025,NACH/MANDATE/LN767722746830/LIC Housing Finance,301573358260,"18,000.00",,611593.94
07-10-2025,UPIP2A015799346394AshaSharmaUPIHDFC,324100635350,,"21,050.83",632644.77
07-10-2025,UPIP2M357487187686PoojaSrivastUPIHDFC,949747287913,"20,300.93",,612343.84
09-10-2025,UPIP2M261731631515PaytmMallUPIICICI,126658377411,"2,190.98",,610152.86
10-10-2025,UPIP2M148969380091UberIndiaUPIPAYTM,102718276861,880.35,,609272.51
10-10-2025,UPIP2M036746031154KiranKapoorUPIBARB,173792212026,"10,350.87",,598921.64
10-10-2025,UPIP2M359279441493GirishShahUPIUTIB,130914047645,"20,400.54",,578521.10
11-10-2025,UPIP2M754347275398IndaneGasUPIICICI,462011875684,"1,250.05",,577271.05
11-10-2025,UPIP2M531274196412FlipkartUPIPAYTM,648493255159,"2,550.77",,574720.28
11-10-2025,UPIP2M553842984126ViMobileUPIPAYTM,896084895042,739.00,,573981.28
12-10-2025,UPIP2M440836773416ViMobileUPIPAYTM,739739503987,399.00,,573582.28
12-10-2025,UPIP2M844233112320ViMobileUPIPAYTM,053862606990,209.00,,573373.28
12-10-2025,UPIP2M550253584249ACTFibernetUPIRAZORPAY,907657420280,"1,099.00",,572274.28
13-10-2025,UPIP2M884829988174OlaCabsUPIPAYTM,456616966415,850.78,,571423.50
13-10-2025,UPIP2M229143950239PhonePeMerchUPIICICI,079178730764,480.41,,570943.09
13-10-2025,UPIP2M222069594658OlaCabsUPIPAYTM,274592508131,480.39,,570462.70
15-10-2025,UPIP2M895239661085MyntraUPIPAYTM,219453281633,"1,150.89",,569311.81
15-10-2025,UPIP2M191475857763BESCOMUPIUPIN,273290516422,"1,850.96",,567460.85
15-10-2025,UPIP2M220137577222SwiggyUPIICICI,676493429396,"2,500.69",,564960.16
15-10-2025,POS CENTRAL MALL CHANDIGARH,637129647704,"4,250.79",,560709.37
17-10-2025,UPIP2M953267053950ZeptoUPIICICI,170639204710,410.88,,560298.49
17-10-2025,UPIP2M907248261301AmazonPayUPIPAYTM,957474969569,"2,000.27",,558298.22
17-10-2025,POS LIFESTYLE STORES CHANDIGARH,921570656284,"8,050.17",,550248.05
17-10-2025,UPIP2M032593715549AmazonPayUPIICICI,356052195199,390.51,,549857.54
18-10-2025,UPIP2M200432450515BSNLBroadbanUPIICICI,925110730881,"1,850.10",,548007.44
18-10-2025,POS SHELL FUEL STATION CHANDIGA,440903453019,"1,850.67",,546156.77
18-10-2025,UPIP2M388992038156PaytmMallUPIICICI,211222753788,"1,910.49",,544246.28
19-10-2025,UPIP2M282102040943OlaCabsUPIPAYTM,058003414503,700.90,,543545.38
20-10-2025,UPIP2M291373543005RaviMishraUPIKKBK,345937934693,"12,150.79",,531394.59
21-10-2025,UPIP2M938535062144BlinkitUPIICICI,059750606978,540.35,,530854.24
21-10-2025,IMPS/136495241806/Shweta Bajaj/FDRL,719593840349,"3,700.31",,527153.93
23-10-2025,UPIP2M754706329548SpotifyUPIICICI,143770076344,849.00,,526304.93
24-10-2025,POS VISHAL MEGA MART CHANDIGARH,255099059151,"6,600.94",,519703.99
26-10-2025,UPIP2A550985276156KamalJoshiUPIUTIB,478491329697,,"7,850.22",527554.21
26-10-2025,UPIP2A898242637192PreetiSharmaUPIPUNB,830366840940,,"13,100.34",540654.55
26-10-2025,UPIP2M082279942410ZeptoUPIICICI,014568575328,"2,560.55",,538094.00
26-10-2025,POS V MART CHANDIGARH,857100326291,"5,650.86",,532443.14
27-10-2025,ATMCASHAXISQHK00709870CHANDI,962506774466,"3,500.00",,528943.14
27-10-2025,UPIP2M116373714984JioRechargeUPIICICI,799046456028,"2,140.79",,526802.35
29-10-2025,UPIP2A811468957092MohanReddyUPIBDBL,182306919562,,"11,600.33",538402.68
30-10-2025,UPIP2M634832017492SwiggyUPIICICI,760126826566,880.34,,537522.34
30-10-2025,POS SHOPPERS STOP CHANDIGARH,918796451727,"5,300.27",,532222.07
30-10-2025,UPIP2M829016908500UberIndiaUPIICICI,597351596877,"1,080.26",,531141.81
30-10-2025,GST ON CHARGES,949213524165,79.20,,531062.61
30-10-2025,Monthly Service Chrgs,097708586794,440.00,,530622.61
01-11-2025,UPIP2M113738503792RapidoUPIPAYTM,620941636806,220.20,,530402.41
01-11-2025,ATMCASHAXISRMD11368627CHANDI,550236316548,"7,500.00",,522902.41
01-11-2025,SALARY/S0138805592987/Bharti Airtel Ltd,095193980859,,"72,098.33",595000.74
03-11-2025,UPIP2M095375863757BSNLBroadbanUPIICICI,615902934795,"2,660.05",,592340.69
03-11-2025,ATMCASHAXISLAD16670339CHANDI,957925811199,"4,500.00",,587840.69
03-11-2025,UPIP2M369689440711NehaMenonUPIUTIB,730331538989,"17,650.49",,570190.20
04-11-2025,UPIP2M216103533377BigBasketUPIICICI,361954021895,230.04,,569960.16
04-11-2025,UPIP2M323567704090UberIndiaUPIPAYTM,646699849464,520.74,,569439.42
04-11-2025,NACH/MANDATE/RNT7822114/RENT MANDATE,846327368491,"8,000.00",,561439.42
04-11-2025,POS V MART CHANDIGARH,624387837537,"6,800.20",,554639.22
05-11-2025,UPIP2M979662963870ACTFibernetUPIRAZORPAY,607691204313,549.00,,554090.22
05-11-2025,UPIP2A944401961795YogeshMishraUPIUCBA,906097309501,,"13,750.89",567841.11
05-11-2025,UPIP2A741408050905SangitaDubeyUPIUTIB,187350240347,,"18,700.91",586542.02
06-11-2025,UPIP2M170671082603TarunPandeyUPIHDFC,700168496064,"8,050.88",,578491.14
06-11-2025,UPIP2M854402059995NykaaUPIICICI,167365634695,899.00,,577592.14
06-11-2025,NACH/MANDATE/LN767722746830/LIC Housing Finance,117746988068,"18,000.00",,559592.14
07-11-2025,POS LIFESTYLE STORES CHANDIGARH,403264949056,"5,950.32",,553641.82
07-11-2025,UPIP2A263996711171RadhaGuptaUPIUTIB,784732986014,,"11,100.90",564742.72
08-11-2025,UPIP2M018873535872SwiggyUPIICICI,337622541624,"1,360.26",,563382.46
08-11-2025,UPIP2M194912367780OlaCabsUPIPAYTM,249754237601,830.78,,562551.68
09-11-2025,POS RELIANCE PETROLEUM CHANDIGA,573295128756,"4,450.23",,558101.45
09-11-2025,UPIP2M121066503469UberIndiaUPIPAYTM,877246460736,90.09,,558011.36
09-11-2025,ATMCASHAXISIXP31944654CHANDI,130382043303,"6,000.00",,552011.36
09-11-2025,ATMCASHAXISZDY95198871CHANDI,421137172309,"2,000.00",,550011.36
11-11-2025,UPIP2M637468297496AshishKhannaUPIBARB,898571144188,"13,350.34",,536661.02
12-11-2025,UPIP2M356629718476BESCOMUPIUPIN,687902636261,"2,800.59",,533860.43
12-11-2025,UPIP2M822227797998ViMobileUPIPAYTM,425403226473,539.00,,533321.43
12-11-2025,UPIP2M500953515210DeepakDesaiUPIUCBA,118474996695,"14,900.11",,518421.32
12-11-2025,UPIP2M069562758438DunzoUPIICICI,834355089585,420.44,,518000.88
12-11-2025,UPIP2M646297658616NykaaUPIPAYTM,194965673554,"1,000.42",,517000.46
13-11-2025,UPIP2M320787570968OlaCabsUPIPAYTM,732724038980,770.50,,516229.96
13-11-2025,UPIP2M954034024215NareshReddyUPIPUNB,699000625864,"7,050.86",,509179.10
13-11-2025,UPIP2M702580928580AbhishekChauUPIPUNB,134650100967,"19,300.36",,489878.74
15-11-2025,UPIP2M710308201879SeemaAgarwalUPIPUNB,393867351970,"8,950.83",,480927.91
16-11-2025,UPIP2M140461302011OlaCabsUPIICICI,745257975154,"1,850.57",,479077.34
17-11-2025,UPIP2M725499100363AmazonPayUPIICICI,204680780812,"2,680.65",,476396.69
18-11-2025,UPIP2M096677008018ViMobileUPIPAYTM,116286609077,339.00,,476057.69
18-11-2025,UPIP2M610234885341ViMobileUPIPAYTM,312510887151,319.00,,475738.69
18-11-2025,UPIP2A128731809765RaviPandeyUPIBKID,241754467797,,"5,600.16",481338.85
19-11-2025,UPIP2M900252314465DunzoUPIICICI,379240346511,"2,390.12",,478948.73
20-11-2025,UPIP2A911832223273KavyaNambiarUPISBIN,647703818635,,"12,400.07",491348.80
20-11-2025,UPIP2M116384412843ZeptoUPIICICI,768074693298,600.82,,490747.98
21-11-2025,UPIP2M810781111125FlipkartUPIPAYTM,997274069115,"2,400.68",,488347.30
23-11-2025,ATMCASHAXISMCC94043016CHANDI,377490346007,"7,500.00",,480847.30
23-11-2025,UPIP2M855137733272SumitIyerUPIUTIB,828759273975,"21,000.58",,459846.72
23-11-2025,UPIP2M433485556118AkashChatterUPIKKBK,885477046705,"17,900.64",,441946.08
24-11-2025,UPIP2M963646162195IndaneGasUPIICICI,221988416020,"2,450.93",,439495.15
24-11-2025,UPIP2M066965121598SanjayDesaiUPIKKBK,247045445328,"5,700.83",,433794.32
24-11-2025,POS STAR BAZAAR CHANDIGARH,298346550891,"6,350.26",,427444.06
25-11-2025,POS RELIANCE PETROLEUM CHANDIGA,935862824367,"1,450.59",,425993.47
26-11-2025,UPIP2M798787507914BigBasketUPIICICI,106540101949,"2,060.98",,423932.49
26-11-2025,POS RELIANCE PETROLEUM CHANDIGA,752558851831,"3,950.70",,419981.79
27-11-2025,UPIP2M278136601443BSNLBroadbanUPIICICI,190191449203,280.23,,419701.56
28-11-2025,UPIP2M357904611384OlaCabsUPIICICI,843233111715,330.15,,419371.41
28-11-2025,UPIP2M686929396432BlinkitUPIICICI,039537399259,"1,480.34",,417891.07
28-11-2025,UPIP2M510636750779ZeptoUPIICICI,688371846393,"2,400.64",,415490.43
30-11-2025,ATMCASHAXISFII63284517CHANDI,056098059340,"3,500.00",,411990.43
30-11-2025,UPIP2M101268421822ZomatoUPIICICI,341164491888,640.80,,411349.63
30-11-2025,UPIP2M954221513472BSNLBroadbanUPIICICI,396152495599,980.57,,410369.06
01-12-2025,UPIP2A138849752633LataNambiarUPIPUNB,970385251845,,"12,750.37",423119.43
02-12-2025,UPIP2M389938467854FlipkartUPIICICI,032785099194,750.11,,422369.32
02-12-2025,SALARY/S4225864818407/Bharti Airtel Ltd,367081727120,,"74,810.33",497179.65
02-12-2025,POS PANTALOONS CHANDIGARH,870820696114,"2,050.67",,495128.98
04-12-2025,POS BHARAT PETROLEUM CHANDIGA,382048443132,"3,050.37",,492078.61
04-12-2025,UPIP2M126159389479OlaCabsUPIICICI,403665585363,820.06,,491258.55
05-12-2025,UPIP2M557854490746OlaCabsUPIPAYTM,497381774810,880.22,,490378.33
05-12-2025,UPIP2A482417427380ShreyaGhoshUPIBDBL,180749328804,,"8,850.87",499229.20
05-12-2025,UPIP2M864541882388UberIndiaUPIPAYTM,933093187737,550.50,,498678.70
05-12-2025,UPIP2M722748926570NykaaUPIPAYTM,058555046725,"3,400.93",,495277.77
05-12-2025,UPIP2M099988898302FlipkartUPIICICI,553264434852,510.97,,494766.80
06-12-2025,UPIP2M347464612475SwatiReddyUPIBKID,847573306337,"8,600.47",,486166.33
06-12-2025,UPIP2A591466842278RaniSaxenaUPIUCBA,211425060688,,"10,600.38",496766.71
07-12-2025,NACH/MANDATE/RNT5271046/RENT MANDATE,148985037862,"8,000.00",,488766.71
07-12-2025,UPIP2M842166397216JioRechargeUPIICICI,191684342338,200.75,,488565.96
08-12-2025,UPIP2M672404618802OlaCabsUPIICICI,133237046301,"1,200.24",,487365.72
09-12-2025,NACH/MANDATE/LN767722746830/LIC Housing Finance,942310525363,"18,000.00",,469365.72
10-12-2025,UPIP2M353846613528AmitMenonUPISBIN,391170456308,"1,950.12",,467415.60
10-12-2025,NEFT/N6050550583684/HCL Technologies Ltd/PUNB0542873,629375245894,,"39,500.68",506916.28
10-12-2025,UPIP2M857489975977SoniaDuttaUPIPUNB,358937986954,"19,850.80",,487065.48
10-12-2025,UPIP2M357586968014OlaCabsUPIPAYTM,846179408026,580.17,,486485.31
11-12-2025,UPIP2A614914623034NareshReddyUPIBARB,312513416196,,"2,600.94",489086.25
11-12-2025,UPIP2M672650195575AmazonPayUPIICICI,503279365279,"1,480.49",,487605.76
12-12-2025,UPIP2A469620797785NishaVermaUPIBARB,953789810332,,"6,500.65",494106.41
13-12-2025,ATMCASHAXISWQC48090821CHANDI,342738700009,"5,000.00",,489106.41
13-12-2025,UPIP2M595415368746RelianceNippUPILICI,706533601116,"2,700.00",,486406.41
14-12-2025,UPIP2M159478685411ViMobileUPIPAYTM,604427025260,939.00,,485467.41
14-12-2025,UPIP2M237373461506MakeMyTripUPIICICI,466424287524,599.00,,484868.41
14-12-2025,UPIP2M238075047163NaveenKhannaUPIHDFC,547788098068,"6,450.17",,478418.24
16-12-2025,POS PANTALOONS CHANDIGARH,571642429202,"3,150.38",,475267.86
16-12-2025,UPIP2M960974859685ManishPillaiUPIKKBK,651286919686,"3,650.30",,471617.56
17-12-2025,UPIP2M163534441859BSNLBroadbanUPIICICI,896019663412,130.61,,471486.95
17-12-2025,UPIP2M401671597313OlaCabsUPIPAYTM,424187085973,690.56,,470796.39
18-12-2025,UPIP2M488387076702BESCOMUPIUPIN,993047509725,"2,250.81",,468545.58
18-12-2025,UPIP2M286892238191FlipkartUPIICICI,150240411549,"1,550.01",,466995.57
18-12-2025,ATMCASHAXISDCN30832433CHANDI,974936421397,"8,500.00",,458495.57
18-12-2025,UPIP2M487680105648ShwetaYadavUPISBIN,606521158468,"11,200.22",,447295.35
19-12-2025,POS SHELL FUEL STATION CHANDIGA,396706984446,"2,800.22",,444495.13
20-12-2025,POS BHARAT PETROLEUM CHANDIGA,894653852724,850.60,,443644.53
20-12-2025,POS VISHAL MEGA MART CHANDIGARH,963745257297,"6,600.97",,437043.56
20-12-2025,UPIP2M459872058030KavyaPillaiUPIFDRL,831912986359,"20,200.93",,416842.63
20-12-2025,UPIP2M341922422061JyotiMishraUPIFDRL,196372100783,200.45,,416642.18
22-12-2025,UPIP2M663748345211TarunSaxenaUPIBARB,542372999530,"13,800.30",,402841.88
23-12-2025,UPIP2A666319545251AnkitBoseUPIKKBK,778220838317,,"5,500.38",408342.26
23-12-2025,UPIP2A794304922067KapilPillaiUPIPUNB,847604510918,,"3,750.20",412092.46
23-12-2025,UPIP2A513905212920VandanaShuklUPISBIN,845795051884,,"2,500.99",414593.45
25-12-2025,POS VISHAL MEGA MART CHANDIGARH,323673459339,"8,000.85",,406592.60
26-12-2025,UPIP2M335197121008PhonePeMerchUPIICICI,664545280020,"2,460.15",,404132.45
26-12-2025,UPIP2M176847739968IndaneGasUPIICICI,291470437198,"2,400.53",,401731.92
27-12-2025,UPIP2M740678620808PaytmMallUPIICICI,321604178203,"1,390.30",,400341.62
28-12-2025,INTEREST CREDIT,859778957305,,995.03,401336.65
28-12-2025,Monthly Service Chrgs,854860083117,390.00,,400946.65
28-12-2025,GST ON CHARGES,249199663588,70.20,,400876.45
29-12-2025,UPIP2M495939552257ViMobileUPIPAYTM,856811089228,879.00,,399997.45
29-12-2025,UPIP2M105185290644UberIndiaUPIPAYTM,318785380577,90.25,,399907.20
29-12-2025,POS BRAND FACTORY CHANDIGARH,932480338075,"8,450.43",,391456.77
29-12-2025,UPIP2M303352579609BSNLBroadbanUPIICICI,604675643659,300.79,,391155.98
29-12-2025,UPIP2M447214004268MyntraUPIPAYTM,391258050263,"3,600.58",,387555.40
31-12-2025,ATMCASHAXISQTA65377970CHANDI,842744361016,"3,500.00",,384055.40
01-01-2026,UPIP2M502157624531BigBasketUPIICICI,657484933647,550.44,,383504.96
01-01-2026,UPIP2M031803655868AmazonPayUPIICICI,371255728041,310.75,,383194.21
01-01-2026,POS BIG BAZAAR CHANDIGARH,437616639001,"1,250.12",,381944.09
02-01-2026,UPIP2M634293585896MayaPillaiUPIPUNB,723532136012,"7,150.31",,374793.78
03-01-2026,POS SHOPPERS STOP CHANDIGARH,902819487564,750.53,,374043.25
03-01-2026,SALARY/S2142241222471/Bharti Airtel Ltd,788946851211,,"74,202.33",448245.58
03-01-2026,UPIP2M320872847277AmazonPayUPIPAYTM,181151123206,"3,700.31",,444545.27
04-01-2026,UPIP2M446919252974OlaCabsUPIPAYTM,581920900035,300.98,,444244.29
05-01-2026,NACH/MANDATE/LN767722746830/LIC Housing Finance,330631129869,"18,000.00",,426244.29
05-01-2026,UPIP2M648058811932OlaCabsUPIICICI,064492410889,670.93,,425573.36
06-01-2026,ATMCASHAXISPRY82271766CHANDI,012756154024,"2,500.00",,423073.36
06-01-2026,POS HP PETROL PUMP CHANDIGA,053917890513,"2,900.23",,420173.13
07-01-2026,UPIP2M023413522253DivyaSenUPIFDRL,846567819417,"1,550.90",,418622.23
07-01-2026,NACH/MANDATE/RNT1040960/RENT MANDATE,539197968871,"8,000.00",,410622.23
07-01-2026,UPIP2M292575135477FlipkartUPIICICI,138861714651,"1,190.39",,409431.84
07-01-2026,UPIP2M488138139360PaytmMallUPIICICI,466768569693,"1,030.88",,408400.96
07-01-2026,UPIP2A701150643175GopalSethiUPIHDFC,171714554380,,"1,100.03",409500.99
07-01-2026,UPIP2M645883929472ViMobileUPIPAYTM,210477823425,639.00,,408861.99
08-01-2026,UPIP2A470586472579RituBoseUPIBARB,888092305118,,"15,550.98",424412.97
08-01-2026,UPIP2M181881879943ZomatoUPIICICI,330792956120,"2,300.92",,422112.05
08-01-2026,UPIP2M484898360660PoonamChopraUPIBDBL,025595853283,"8,850.11",,413261.94
09-01-2026,POS MAX FASHION CHANDIGARH,580844145633,"5,350.23",,407911.71
09-01-2026,UPIP2M632918140215JioRechargeUPIICICI,143131586783,750.69,,407161.02
09-01-2026,POS RELIANCE MART CHANDIGARH,632889864463,"1,600.45",,405560.57
10-01-2026,UPIP2M2386716491291mgUPIICICI,251533127480,"1,070.68",,404489.89
10-01-2026,UPIP2M241207228420PrashantThapUPIFDRL,493894352321,"2,550.33",,401939.56
11-01-2026,POS V MART CHANDIGARH,808848600779,"2,750.88",,399188.68
12-01-2026,UPIP2A129344620909NareshPatilUPIPUNB,821313891986,,"17,250.51",416439.19
12-01-2026,POS BIG BAZAAR CHANDIGARH,480825024894,"7,550.23",,408888.96
13-01-2026,UPIP2A632499482488LalitSinghUPIKKBK,171452251172,,"13,250.59",422139.55
14-01-2026,UPIP2M982165903949FlipkartUPIICICI,504440079212,"2,740.44",,419399.11
14-01-2026,UPIP2M686253184839SapnaSethiUPIHDFC,790014793536,"12,600.37",,406798.74
14-01-2026,UPIP2M503669673661IndaneGasUPIICICI,745220920701,"1,550.80",,405247.94
14-01-2026,UPIP2A728912602056SapnaSaxenaUPIUCBA,537513012673,,"4,100.97",409348.91
15-01-2026,UPIP2M073262940204SunilKhannaUPIBARB,537624334916,"17,800.76",,391548.15
15-01-2026,POS V MART CHANDIGARH,735288934341,"1,450.13",,390098.02
16-01-2026,POS INDIAN OIL CHANDIGA,788504213769,"2,350.57",,387747.45
16-01-2026,UPIP2M426961374526ArunAgarwalUPIKKBK,990685643324,"7,250.15",,380497.30
17-01-2026,UPIP2M768293122522ACTFibernetUPIRAZORPAY,353453450596,"1,049.00",,379448.30
17-01-2026,UPIP2M983711616029ViMobileUPIPAYTM,525131136608,989.00,,378459.30
17-01-2026,UPIP2M172099314674ViMobileUPIPAYTM,764970125140,979.00,,377480.30
18-01-2026,UPIP2M672811405574SwiggyUPIICICI,972491903572,"1,870.11",,375610.19
19-01-2026,UPIP2M630441113180RapidoUPIPAYTM,483316369818,320.37,,375289.82
19-01-2026,UPIP2M752578422903BESCOMUPIUPIN,564699741094,800.69,,374489.13
19-01-2026,UPIP2M948793087080NykaaUPIPAYTM,194896681450,"3,550.52",,370938.61
20-01-2026,UPIP2M905754255390ViMobileUPIPAYTM,891005328991,529.00,,370409.61
20-01-2026,POS INDIAN OIL CHANDIGA,440285185783,"4,200.92",,366208.69
21-01-2026,UPIP2M999472780757FlipkartUPIICICI,306661017853,"1,830.49",,364378.20
22-01-2026,UPIP2M849413239512OlaCabsUPIPAYTM,149527535282,470.71,,363907.49
24-01-2026,UPIP2M326394907411UberIndiaUPIICICI,681935012622,"2,430.18",,361477.31
24-01-2026,UPIP2M298157112211PhonePeMerchUPIICICI,277319777250,850.06,,360627.25
25-01-2026,UPIP2M394566309408ZeptoUPIICICI,893269096649,"2,790.44",,357836.81
25-01-2026,ATMCASHAXISDNQ74064858CHANDI,886458334662,"1,500.00",,356336.81
25-01-2026,UPIP2M321465108742AshishChaudhUPIBDBL,941285229889,"13,000.63",,343336.18
25-01-2026,UPIP2A543257174407SeemaKapoorUPIPUNB,544344912370,,"18,650.29",361986.47
25-01-2026,UPIP2A384763956415BabitaGuptaUPISBIN,836169203780,,"4,600.30",366586.77
25-01-2026,UPIP2M266721571503ShivamGhoshUPIUCBA,211353321096,"6,400.37",,360186.40
26-01-2026,UPIP2M018654521894JioRechargeUPIICICI,096322763089,320.60,,359865.80
27-01-2026,Monthly Service Chrgs,607433241060,430.00,,359435.80
27-01-2026,GST ON CHARGES,052333210436,77.40,,359358.40
28-01-2026,UPIP2M077511222636ViMobileUPIPAYTM,913951541047,259.00,,359099.40
28-01-2026,UPIP2A104535077039RahulMishraUPIUTIB,351251363015,,"5,300.23",364399.63
29-01-2026,UPIP2M161500631485OlaCabsUPIICICI,344352288786,"2,530.34",,361869.29
31-01-2026,UPIP2M279939204462RajeshSrivasUPIPUNB,836569774853,"7,500.61",,354368.68
31-01-2026,ATMCASHAXISXAK20127192CHANDI,612792681663,"5,000.00",,349368.68
01-02-2026,SALARY/S4719772291712/Bharti Airtel Ltd,255834707201,,"75,180.33",424549.01
02-02-2026,UPIP2M519425361839ZomatoUPIICICI,077907586185,"2,020.13",,422528.88
02-02-2026,UPIP2A289543204584PrashantMukhUPIBARB,605461597619,,"14,050.35",436579.23
02-02-2026,NACH/MANDATE/RNT3229046/RENT MANDATE,273510928711,"8,000.00",,428579.23
03-02-2026,UPIP2M984746875422ZomatoUPIICICI,003022055923,"1,180.37",,427398.86
03-02-2026,UPIP2M991452345937FlipkartUPIICICI,101262649853,"2,760.90",,424637.96
03-02-2026,UPIP2M546346379105BlinkitUPIICICI,387743880142,900.46,,423737.50
03-02-2026,UPIP2M296086861327ViMobileUPIPAYTM,507111831774,609.00,,423128.50
04-02-2026,UPIP2A359222926707ManishSharmaUPIUCBA,799130462259,,"12,250.51",435379.01
04-02-2026,UPIP2M215258430482OlaCabsUPIICICI,783885607049,"2,320.53",,433058.48
04-02-2026,UPIP2M507268745523ViMobileUPIPAYTM,490378632459,499.00,,432559.48
05-02-2026,POS MORE SUPER MARKET CHANDIGARH,777423298893,"1,700.31",,430859.17
05-02-2026,UPIP2M988192906359RapidoUPIPAYTM,660039667445,240.48,,430618.69
05-02-2026,UPIP2M844607398208OlaCabsUPIPAYTM,068910468336,180.86,,430437.83
06-02-2026,UPIP2M296941597324ViMobileUPIPAYTM,703472747742,639.00,,429798.83
06-02-2026,UPIP2M281353886778ACTFibernetUPIRAZORPAY,579022272386,"1,199.00",,428599.83
07-02-2026,ATMCASHAXISVAX63946591CHANDI,056445887260,"7,500.00",,421099.83
07-02-2026,UPIP2M932436823889KavyaShuklaUPIKKBK,512948538766,"2,850.61",,418249.22
08-02-2026,POS BHARAT PETROLEUM CHANDIGA,573707400064,900.70,,417348.52
09-02-2026,NACH/MANDATE/LN767722746830/LIC Housing Finance,170870242677,"18,000.00",,399348.52
09-02-2026,POS RELIANCE PETROLEUM CHANDIGA,171939953941,800.95,,398547.57
10-02-2026,UPIP2M262609114765SunitaMishraUPIUTIB,621832246743,"13,100.51",,385447.06
10-02-2026,UPIP2M831294295461AmazonPayUPIICICI,105225766567,340.56,,385106.50
10-02-2026,UPIP2A236528112011GeetaRoyUPIBKID,873348779971,,"1,750.50",386857.00
11-02-2026,UPIP2M250027819683FlipkartUPIICICI,022927528117,210.05,,386646.95
12-02-2026,UPIP2M133088014947RapidoUPIPAYTM,629720898025,820.52,,385826.43
12-02-2026,POS LIFESTYLE STORES CHANDIGARH,895070163829,"2,350.03",,383476.40
13-02-2026,UPIP2M747062738648BSNLBroadbanUPIICICI,863314294568,"1,340.93",,382135.47
13-02-2026,UPIP2M128010137291VivekKulkarnUPIFDRL,117144623233,100.90,,382034.57
13-02-2026,POS CENTRAL MALL CHANDIGARH,164151886851,"3,550.99",,378483.58
14-02-2026,UPIP2M081802758688BESCOMUPIUPIN,058648249240,"3,100.96",,375382.62
15-02-2026,UPIP2M292912956330LataSaxenaUPIUTIB,010388959325,"5,150.26",,370232.36
15-02-2026,UPIP2M386605633099IndaneGasUPIICICI,502060090433,"1,600.41",,368631.95
16-02-2026,UPIP2M038637328775ArjunIyerUPIHDFC,455948146256,"19,750.42",,348881.53
16-02-2026,POS PANTALOONS CHANDIGARH,350979187999,700.82,,348180.71
17-02-2026,UPIP2M601418865447JioRechargeUPIICICI,995734361958,"2,040.15",,346140.56
17-02-2026,UPIP2M624461239224BSNLBroadbanUPIICICI,833487565972,960.07,,345180.49
18-02-2026,UPIP2M359149974133PaytmMallUPIICICI,865614116056,"1,740.94",,343439.55
18-02-2026,UPIP2M589048669726AmazonPayUPIPAYTM,440524853582,"5,350.10",,338089.45
18-02-2026,ATMCASHAXISMZB52036273CHANDI,116046115972,"7,000.00",,331089.45
19-02-2026,UPIP2M776993416335GeetaShuklaUPISBIN,593390134743,"6,400.57",,324688.88
20-02-2026,UPIP2M136179260558ZeptoUPIICICI,963122576215,"2,760.20",,321928.68
20-02-2026,UPIP2A399827243319VishalPatilUPISBIN,296823992047,,"7,150.85",329079.53
20-02-2026,UPIP2A133564833228BrijeshNairUPIBARB,424499224216,,"12,550.98",341630.51
21-02-2026,UPIP2M659483564194AnitaReddyUPIPUNB,798084607593,"16,600.88",,325029.63
22-02-2026,ATMCASHAXISCOJ87725618CHANDI,942676182446,"9,500.00",,315529.63
22-02-2026,UPIP2M160477123046UberIndiaUPIPAYTM,199365403675,840.64,,314688.99
24-02-2026,UPIP2A935133580480AnjaliRaoUPIKKBK,366380142589,,100.65,314789.64
26-02-2026,UPIP2M304640180800DunzoUPIICICI,519070796000,"1,460.25",,313329.39
26-02-2026,UPIP2M747895702610OlaCabsUPIPAYTM,782233052259,710.39,,312619.00
28-02-2026,UPIP2A462137591220SnehaMukherjUPIBARB,278812613431,,"9,150.19",321769.19
28-02-2026,UPIP2A769838361374LataSharmaUPIBKID,559739587110,,"17,450.52",339219.71
28-02-2026,ATMCASHAXISFQS10084984CHANDI,435582698356,"6,000.00",,333219.71
01-03-2026,UPIP2A552586621372AmitAhujaUPIUCBA,031646048523,,"21,850.20",355069.91
01-03-2026,UPIP2A482692248386SanjayChopraUPIBDBL,403863306617,,"18,950.33",374020.24
01-03-2026,UPIP2M595476729301BlinkitUPIICICI,662065753676,500.22,,373520.02
01-03-2026,UPIP2M538371061594UberIndiaUPIPAYTM,249174673004,160.19,,373359.83
01-03-2026,ATMCASHAXISYHG15587175CHANDI,333378433914,"3,500.00",,369859.83
01-03-2026,UPIP2M317657943259MaheshKumarUPIPUNB,626596541728,450.67,,369409.16
02-03-2026,UPIP2M313423464232BigBasketUPIICICI,505015198887,"1,340.63",,368068.53
02-03-2026,UPIP2M881972937761ShivamBajajUPIFDRL,567045251159,"17,750.88",,350317.65
02-03-2026,POS BIG BAZAAR CHANDIGARH,778999396576,"1,400.69",,348916.96
02-03-2026,UPIP2M426377721961AmazonPayUPIICICI,936740664339,850.88,,348066.08
02-03-2026,SALARY/S7686527463497/Bharti Airtel Ltd,859324079282,,"71,443.33",419509.41
03-03-2026,ATMCASHAXISJDM78474988CHANDI,734625486355,"7,000.00",,412509.41
03-03-2026,UPIP2M010722368040LataThaparUPIHDFC,648034759993,"14,400.68",,398108.73
03-03-2026,UPIP2M246557215296BlinkitUPIICICI,389830277412,"2,230.53",,395878.20
03-03-2026,UPIP2M370301105386ViMobileUPIPAYTM,402449334387,869.00,,395009.20
04-03-2026,UPIP2M520228288384RakeshThaparUPIPUNB,232034296106,"7,050.14",,387959.06
04-03-2026,UPIP2M522723368515AmazonPayUPIICICI,198743865140,"2,730.19",,385228.87
04-03-2026,POS BHARAT PETROLEUM CHANDIGA,586452326085,"1,350.85",,383878.02
06-03-2026,POS METRO CASH CARRY CHANDIGARH,746629650968,"4,400.53",,379477.49
06-03-2026,UPIP2M428756568877PreetiAhujaUPIUCBA,621420191706,"17,100.09",,362377.40
06-03-2026,UPIP2M593598143214ZomatoUPIICICI,931611276495,"2,080.68",,360296.72
07-03-2026,UPIP2M954213830837ViMobileUPIPAYTM,304764273983,569.00,,359727.72
07-03-2026,NACH/MANDATE/LN767722746830/LIC Housing Finance,810424625012,"18,000.00",,341727.72
07-03-2026,NACH/MANDATE/RNT9033276/RENT MANDATE,966982668984,"8,000.00",,333727.72
07-03-2026,UPIP2M635057963906PhonePeMerchUPIICICI,921271285687,"1,240.32",,332487.40
08-03-2026,UPIP2M114318866689FlipkartUPIPAYTM,060953743963,"5,200.79",,327286.61
08-03-2026,UPIP2M656742032240ZomatoUPIICICI,304965241843,"1,830.54",,325456.07
09-03-2026,UPIP2M200400397406RapidoUPIPAYTM,060566001790,400.18,,325055.89
09-03-2026,UPIP2M668373691215BESCOMUPIUPIN,279775264310,"4,100.24",,320955.65
10-03-2026,UPIP2M839233439172RelianceNippUPILICI,528272893868,"2,700.00",,318255.65
10-03-2026,UPIP2M293636447060RapidoUPIPAYTM,398093137316,220.81,,318034.84
12-03-2026,UPIP2M307470241918SaritaMalhotUPIKKBK,545588002297,"9,850.84",,308184.00
12-03-2026,UPIP2M206807594907ManojBajajUPIHDFC,587677782010,"3,150.38",,305033.62
12-03-2026,UPIP2M202380978476RameshMishraUPIBKID,720630388277,"7,700.46",,297333.16
12-03-2026,UPIP2M116882166754ZeptoUPIICICI,402481519357,"2,500.80",,294832.36
13-03-2026,UPIP2M264054553235IndaneGasUPIICICI,385241735984,"1,000.92",,293831.44
13-03-2026,UPIP2M105811159197BlinkitUPIICICI,978609012339,"2,480.08",,291351.36
14-03-2026,POS STAR BAZAAR CHANDIGARH,485126602024,"8,000.92",,283350.44
14-03-2026,UPIP2M633316416030AmazonPayUPIPAYTM,486526670292,"5,200.69",,278149.75
14-03-2026,UPIP2M722872218666ViMobileUPIPAYTM,077141017292,729.00,,277420.75
14-03-2026,UPIP2M342107884611SnehaChatterUPIBKID,354501869519,"13,500.09",,263920.66
14-03-2026,UPIP2M999707489609ArjunKumarUPISBIN,424307547546,"21,850.19",,242070.47
15-03-2026,UPIP2M923896772686FlipkartUPIICICI,953328776430,"1,140.97",,240929.50
16-03-2026,UPIP2A078674652947VarunKumarUPISBIN,393510164421,,"21,000.94",261930.44
16-03-2026,UPIP2M123820074317UberIndiaUPIPAYTM,991327096767,370.60,,261559.84
17-03-2026,POS V MART CHANDIGARH,955674187685,"1,550.10",,260009.74
17-03-2026,UPIP2M053015452421NykaaUPIPAYTM,538768488651,"3,100.08",,256909.66
17-03-2026,UPIP2M370879383646NetmedsUPIICICI,184132288765,"2,450.55",,254459.11
17-03-2026,UPIP2M841479708057AnilJoshiUPIBARB,254340288011,"8,150.33",,246308.78
18-03-2026,POS VISHAL MEGA MART CHANDIGARH,092093940833,"8,200.73",,238108.05
19-03-2026,UPIP2M466934816126AmazonPayUPIICICI,085722675901,"1,060.98",,237047.07
19-03-2026,UPIP2M782580598306PoonamJoshiUPIKKBK,017704651332,"13,650.15",,223396.92
20-03-2026,UPIP2M166010481008KapilChopraUPIUCBA,255915928395,"5,600.76",,217796.16
20-03-2026,POS D MART CHANDIGARH,609752068886,"8,100.80",,209695.36
20-03-2026,UPIP2M539726119294NareshNaikUPIPUNB,336139555692,"20,400.65",,189294.71
20-03-2026,UPIP2M408717473281JioRechargeUPIICICI,954830033424,250.26,,189044.45
21-03-2026,UPIP2M302198819287ViMobileUPIPAYTM,374804682994,759.00,,188285.45
22-03-2026,ATMCASHAXISACX70171994CHANDI,657843461019,"2,500.00",,185785.45
22-03-2026,UPIP2M752430170995FlipkartUPIICICI,623239215877,"1,050.56",,184734.89
23-03-2026,UPIP2M771895091268SanjaySinghUPIUCBA,431431557419,"3,850.41",,180884.48
24-03-2026,UPIP2M067364258014UberIndiaUPIPAYTM,740438824099,590.87,,180293.61
24-03-2026,POS LIFESTYLE STORES CHANDIGARH,494235774523,650.80,,179642.81
25-03-2026,UPIP2M510984968671PrashantPatiUPIPUNB,528056524982,"17,900.03",,161742.78
25-03-2026,UPIP2M386649924140RaniMenonUPIBARB,019466387183,"13,050.19",,148692.59
25-03-2026,INTEREST CREDIT,778496999613,,435.41,149128.00
26-03-2026,POS BHARAT PETROLEUM CHANDIGA,297088151699,"2,500.54",,146627.46
28-03-2026,UPIP2M098664005708ACTFibernetUPIRAZORPAY,420504047637,"1,099.00",,145528.46
28-03-2026,UPIP2M258692647978UberIndiaUPIPAYTM,685116473427,640.08,,144888.38
28-03-2026,UPIP2M377043872529RaviNambiarUPIBDBL,083908406170,"7,750.24",,137138.14
29-03-2026,Monthly Service Chrgs,508495191322,50.00,,137088.14
29-03-2026,UPIP2M256239246008HimanshuSethUPIFDRL,267704281397,"6,050.54",,131037.60
29-03-2026,GST ON CHARGES,928472017692,9.00,,131028.60
29-03-2026,UPIP2M931247115724FlipkartUPIICICI,527950140236,"1,680.75",,129347.85
30-03-2026,UPIP2A963260160256VikasNaikUPIUCBA,210465983450,,"12,200.03",141547.88
30-03-2026,POS VISHAL MEGA MART CHANDIGARH,239021979372,"2,250.26",,139297.62
01-04-2026,UPIP2M625952310428OlaCabsUPIPAYTM,759689875625,630.30,,138667.32
01-04-2026,UPIP2M627092186212FlipkartUPIPAYTM,082558438900,"4,500.08",,134167.24
01-04-2026,SALARY/S3168936395969/Bharti Airtel Ltd,093078591474,,"70,529.33",204696.57
01-04-2026,UPIP2M110143428547RaviJainUPIFDRL,092395310800,"11,350.00",,193346.57
02-04-2026,UPIP2M154367180580SaritaSharmaUPIUTIB,083537745611,"19,200.50",,174146.07
02-04-2026,UPIP2M615327350816DunzoUPIICICI,212673469435,310.36,,173835.71
03-04-2026,UPIP2M260115149708NykaaUPIPAYTM,363665695072,"4,550.08",,169285.63
03-04-2026,NACH/MANDATE/LN767722746830/LIC Housing Finance,979939198833,"18,000.00",,151285.63
04-04-2026,UPIP2M143658409186RapidoUPIPAYTM,600992410445,690.28,,150595.35
04-04-2026,UPIP2M797346551587SeemaChopraUPIHDFC,702814138702,"6,150.28",,144445.07
04-04-2026,ATMCASHAXISQUO02054163CHANDI,407549071231,"2,500.00",,141945.07
04-04-2026,NACH/MANDATE/RNT4270212/RENT MANDATE,319311954510,"8,000.00",,133945.07
04-04-2026,UPIP2M593718286149ViMobileUPIPAYTM,637394202717,939.00,,133006.07
05-04-2026,POS BHARAT PETROLEUM CHANDIGA,839113531283,"4,300.79",,128705.28
06-04-2026,UPIP2M594578986290PaytmMallUPIICICI,425654335402,"2,680.86",,126024.42
07-04-2026,UPIP2M180235680414VarunPillaiUPISBIN,017701253704,750.58,,125273.84
07-04-2026,UPIP2M785086522693ZomatoUPIICICI,935479654315,160.51,,125113.33
08-04-2026,ATMCASHAXISFDN02866183CHANDI,821395313587,"7,000.00",,118113.33
08-04-2026,UPIP2M336993852543ACTFibernetUPIRAZORPAY,325160320134,399.00,,117714.33
09-04-2026,UPIP2M944497923973UberIndiaUPIPAYTM,940372823051,270.73,,117443.60
09-04-2026,UPIP2M301282943955ViMobileUPIPAYTM,136781865075,699.00,,116744.60
10-04-2026,UPIP2M709694017191OlaCabsUPIPAYTM,067813351765,80.84,,116663.76
11-04-2026,UPIP2M995123358150BlinkitUPIICICI,100898467203,230.73,,116433.03
12-04-2026,POS STAR BAZAAR CHANDIGARH,570730653015,650.23,,115782.80
12-04-2026,UPIP2M748852432932IndaneGasUPIICICI,943515190532,"2,400.35",,113382.45
12-04-2026,UPIP2M318450814980RakeshNaikUPIHDFC,119620035743,"6,950.62",,106431.83
13-04-2026,UPIP2M616664729566DunzoUPIICICI,842243136053,"1,180.10",,105251.73
14-04-2026,POS RELIANCE MART CHANDIGARH,853289399352,"5,250.42",,100001.31
14-04-2026,ATMCASHAXISAZW20596681CHANDI,007568202953,"3,000.00",,97001.31
14-04-2026,UPIP2M906331566144ZeptoUPIICICI,036570059136,960.06,,96041.25
15-04-2026,UPIP2M218429616769DunzoUPIICICI,249068487793,"2,150.68",,93890.57
15-04-2026,UPIP2M742156293689ViMobileUPIPAYTM,776953544791,559.00,,93331.57
18-04-2026,UPIP2A120610484425JyotiBajajUPIPUNB,718454923279,,"3,900.83",97232.40
18-04-2026,POS BIG BAZAAR CHANDIGARH,153507249291,"4,750.55",,92481.85
18-04-2026,UPIP2M111003513932BESCOMUPIUPIN,523327087198,"3,600.74",,88881.11
18-04-2026,NEFT/N8752391977870/Tech Mahindra Ltd/PUNB0770903,707117728251,,"13,500.92",102382.03
19-04-2026,UPIP2M030842146069RaviPillaiUPIUTIB,027309844706,"20,500.23",,81881.80
20-04-2026,UPIP2M676135367367PaytmMallUPIICICI,420357004976,170.17,,81711.63
21-04-2026,ATMCASHAXISTVX08899063CHANDI,017874841919,"5,500.00",,76211.63
21-04-2026,POS RELIANCE PETROLEUM CHANDIGA,240139475596,"4,100.27",,72111.36
23-04-2026,IMPS/120808676884/Neha Das/SBIN,379109683961,"27,400.07",,44711.29
23-04-2026,UPIP2M450531734850PhonePeMerchUPIICICI,313139989252,"1,490.34",,43220.95
24-04-2026,UPIP2A020400756982SapnaTiwariUPISBIN,474660509828,,"7,750.02",50970.97
24-04-2026,POS SHELL FUEL STATION CHANDIGA,287118163324,850.96,,50120.01
24-04-2026,UPIP2M821895608828RaviChopraUPIPUNB,460677046164,"10,150.85",,39969.16
25-04-2026,POS MORE SUPER MARKET CHANDIGARH,769790125953,500.31,,39468.85
25-04-2026,UPIP2M547906175227SangitaAhujaUPIBARB,935703183223,"3,250.17",,36218.68
27-04-2026,POS V MART CHANDIGARH,187287010923,"2,950.31",,33268.37
27-04-2026,UPIP2A557634729415DeepakIyerUPIUCBA,934423187618,,"9,800.46",43068.83
27-04-2026,UPIP2M892344745939ViMobileUPIPAYTM,285064418932,979.00,,42089.83
27-04-2026,UPIP2M718786300571RapidoUPIPAYTM,321062362516,680.39,,41409.44
27-04-2026,UPIP2A773371420141VivekNaikUPIFDRL,653659227818,,"8,600.75",50010.19
28-04-2026,UPIP2M766000169205BSNLBroadbanUPIICICI,269280857260,"1,430.77",,48579.42
29-04-2026,UPIP2M095221546241VarshaSinghUPIUCBA,359479875878,"12,200.83",,36378.59
01-05-2026,ATMCASHAXISRQX09851496CHANDI,193892724709,"9,000.00",,27378.59
01-05-2026,SALARY/S8696877142814/Bharti Airtel Ltd,260891226488,,"73,314.33",100692.92
01-05-2026,POS LIFESTYLE STORES CHANDIGARH,270782984913,"5,250.55",,95442.37
02-05-2026,POS SHELL FUEL STATION CHANDIGA,770321427346,"3,450.06",,91992.31
03-05-2026,POS INDIAN OIL CHANDIGA,248928048582,"1,000.81",,90991.50
03-05-2026,NACH/MANDATE/RNT7025027/RENT MANDATE,764347350753,"8,000.00",,82991.50
03-05-2026,UPIP2M388848244818ViMobileUPIPAYTM,297423488570,209.00,,82782.50
04-05-2026,UPIP2M656661381129MohitVermaUPIHDFC,545973187302,"17,350.04",,65432.46
05-05-2026,UPIP2M228269869640BigBasketUPIICICI,633680482368,"2,280.97",,63151.49
05-05-2026,ATMCASHAXISSXR26910114CHANDI,634372788137,"4,000.00",,59151.49
05-05-2026,UPIP2M449696539246PoojaKulkarnUPISBIN,011451976139,"12,250.69",,46900.80
06-05-2026,UPIP2M719602363783FlipkartUPIICICI,287364616339,"1,850.34",,45050.46
06-05-2026,UPIP2M842377324072ApolloPharmaUPIICICI,890360313953,999.00,,44051.46
07-05-2026,NACH/MANDATE/LN767722746830/LIC Housing Finance,391374047561,"18,000.00",,26051.46
09-05-2026,UPIP2M010840014287FlipkartUPIPAYTM,099959708094,"5,750.95",,20300.51
