Bank Name,BANDHAN BANK LIMITED
Account Number,94460602942528
Account Holder Name,HIMANSHU AHUJA
Branch,GANDHI NAGAR
IFSC Code,BDBL0137378
Statement Period,01-12-2024 To 09-05-2026

Date,Description,Ref/ChequeNo,Debit,Credit,Balance
01-Dec-2024,UPI/CR/509174587556/Sunil/BKID/5680741428@ptyes/UPI,068360381166,,"9,700.21",1189045.58
01-Dec-2024,UPI/CR/763898309077/Brijesh/FDRL/brijesh399@paytm/UPI,672264188249,,"22,000.92",1211046.50
01-Dec-2024,ATM CASH WITHDRAWAL/09049/LUCKNOW,590325803982,"1,500.00",,1209546.50
01-Dec-2024,UPI/DR/915100323427/Flipkart/ICICI/flipkart@ybl/UPI,825683189190,750.20,,1208796.30
01-Dec-2024,IMPS-920954459140-Sumit Pandey,216867349040,"10,400.21",,1198396.09
02-Dec-2024,UPI/DR/955412143758/Flipkart/PAYTM/flipkart@ybl/UPI,424225402692,850.46,,1197545.63
02-Dec-2024,UPI/CR/516231206352/Naresh/BDBL/naresh545@ibl/UPI,942016157052,,"11,250.40",1208796.03
03-Dec-2024,UPI/DR/837849605852/Rapido/PAYTM/rapido@icici/UPI,981167459566,620.99,,1208175.04
03-Dec-2024,POS LIFESTYLE STORES LUCKNOW,752673635962,"8,350.40",,1199824.64
03-Dec-2024,ATM CASH WITHDRAWAL/06988/LUCKNOW,815982380309,"2,500.00",,1197324.64
03-Dec-2024,POS PANTALOONS LUCKNOW,539316869987,"6,750.56",,1190574.08
04-Dec-2024,UPI/DR/405410057578/Sunil/KKBK/sunilyada76@kotak/UPI,805284072600,"7,350.32",,1183223.76
04-Dec-2024,ATM CASH WITHDRAWAL/15193/LUCKNOW,895905771742,"6,000.00",,1177223.76
04-Dec-2024,UPI/CR/313852668428/Yogesh/UCBA/3939649893@kotak/UPI,900199921334,,"7,000.91",1184224.67
05-Dec-2024,UPI/DR/204652406593/Practo/ICICI/practo@paytm/UPI,769406277615,349.00,,1183875.67
05-Dec-2024,UPI/DR/832125613530/Rapido/PAYTM/rapido@icici/UPI,038001880760,100.94,,1183774.73
06-Dec-2024,POS INDIAN OIL LUCKNOW,927857469358,"3,650.89",,1180123.84
06-Dec-2024,POS RELIANCE MART LUCKNOW,183177234968,"4,600.76",,1175523.08
07-Dec-2024,SALARY CREDIT/S7665910996504/Hexaware Technologies,357849803637,,"93,730.59",1269253.67
08-Dec-2024,UPI/DR/818811468857/Airtel/PAYTM/airtel@axis/UPI,873385158057,609.00,,1268644.67
10-Dec-2024,UPI/DR/580228753641/Priya/SBIN/priyaverm72@ptyes/UPI,812147956591,"21,500.80",,1247143.87
11-Dec-2024,NACH/MANDATE/SIP7170220/Axis Mutual Fund,452552247015,"15,000.00",,1232143.87
11-Dec-2024,NACH/MANDATE/RNT8585269/RENT MANDATE,204142631455,"19,500.00",,1212643.87
11-Dec-2024,UPI/DR/340964039997/Ola/ICICI/olamoney@ola/UPI,236635909287,"2,050.07",,1210593.80
11-Dec-2024,NACH/MANDATE/LN876343437275/Tata Capital Finance,559811145595,"17,000.00",,1193593.80
12-Dec-2024,UPI/DR/501616861128/Rapido/PAYTM/rapido@icici/UPI,128087702059,870.38,,1192723.42
12-Dec-2024,UPI/DR/551456131484/Zomato/ICICI/zomato@axisbank/UPI,350764693652,440.90,,1192282.52
12-Dec-2024,UPI/DR/108245208987/Bajaj/LICI/licindia@licindia/UPI,973386673746,"3,000.00",,1189282.52
12-Dec-2024,UPI/DR/051857561008/Zomato/ICICI/zomato@axisbank/UPI,166724636076,"2,200.80",,1187081.72
13-Dec-2024,UPI/DR/752519564350/Uber/ICICI/uber@paytm/UPI,827362823512,"1,220.60",,1185861.12
13-Dec-2024,UPI/DR/520519224382/Flipkart/ICICI/flipkart@ybl/UPI,938683121085,"1,400.28",,1184460.84
13-Dec-2024,UPI/DR/274026443726/Ola/ICICI/olamoney@ola/UPI,063362188100,"2,260.54",,1182200.30
14-Dec-2024,UPI/DR/770317521963/Vishal/PUNB/vishalpate43@paytm/UPI,412758130003,"2,850.20",,1179350.10
14-Dec-2024,UPI/CR/055863031857/Asha/UCBA/2590493708@paytm/UPI,452225071406,,"4,550.59",1183900.69
16-Dec-2024,UPI/DR/886838002265/BigBasket/ICICI/bigbasket@ybl/UPI,646533210064,"1,810.18",,1182090.51
16-Dec-2024,UPI/DR/302369548037/Uber/PAYTM/uber@paytm/UPI,229427908360,340.20,,1181750.31
16-Dec-2024,ATM CASH WITHDRAWAL/65339/LUCKNOW,842597344086,"4,000.00",,1177750.31
16-Dec-2024,POS HP PETROL PUMP LUCKNOW,418830434422,"2,150.92",,1175599.39
16-Dec-2024,UPI/DR/889541809909/Zepto/ICICI/zepto@apl/UPI,973649298141,"2,670.21",,1172929.18
17-Dec-2024,UPI/DR/119871801833/Paytm/ICICI/paytm@paytm/UPI,969181025297,860.98,,1172068.20
17-Dec-2024,UPI/DR/515950484826/Ola/PAYTM/olamoney@ola/UPI,274429687915,190.99,,1171877.21
17-Dec-2024,UPI/DR/590006968649/BESCOM/UPIN/bescompayment@upi/UPI,280612593740,"1,200.54",,1170676.67
17-Dec-2024,POS D MART LUCKNOW,366318423527,"2,450.85",,1168225.82
18-Dec-2024,UPI/DR/457911439375/Indane/ICICI/indanegas@upi/UPI,986486905709,"2,050.65",,1166175.17
18-Dec-2024,UPI/CR/826566046571/Krishna/HDFC/krishna316@okaxis/UPI,726668571038,,"17,100.99",1183276.16
18-Dec-2024,UPI/DR/465523247299/Amazon/ICICI/amazon@apl/UPI,576612943807,"1,330.46",,1181945.70
20-Dec-2024,ATM CASH WITHDRAWAL/07991/LUCKNOW,344131810376,"9,500.00",,1172445.70
20-Dec-2024,UPI/DR/403398564015/Mina/BKID/mina829@oksbi/UPI,471031220860,"15,600.98",,1156844.72
21-Dec-2024,UPI/DR/770667211234/Dunzo/ICICI/dunzo@razorpay/UPI,532253195675,"2,520.27",,1154324.45
22-Dec-2024,UPI/DR/653585464445/Airtel/PAYTM/airtel@axis/UPI,578509137980,399.00,,1153925.45
22-Dec-2024,UPI/DR/834245582551/BigBasket/ICICI/bigbasket@ybl/UPI,980624189715,210.65,,1153714.80
22-Dec-2024,POS MAX FASHION LUCKNOW,273254091794,"2,000.17",,1151714.63
22-Dec-2024,ATM CASH WITHDRAWAL/32944/LUCKNOW,823287394045,"7,500.00",,1144214.63
23-Dec-2024,NEFT/N1498802640124/L&T Infotech Ltd,494285307538,,"17,500.69",1161715.32
25-Dec-2024,UPI/DR/660733094677/Rapido/PAYTM/rapido@icici/UPI,520426494511,620.35,,1161094.97
25-Dec-2024,UPI/DR/268699561622/Airtel/PAYTM/airtel@axis/UPI,292740851541,479.00,,1160615.97
27-Dec-2024,UPI/DR/056225819670/Ola/ICICI/olamoney@ola/UPI,122175908288,"2,070.15",,1158545.82
28-Dec-2024,ACCOUNT MAINTENANCE FEE,040159004239,490.00,,1158055.82
28-Dec-2024,GST ON CHARGES,607219786043,88.20,,1157967.62
28-Dec-2024,INTEREST CREDIT,496733358613,,450.33,1158417.95
28-Dec-2024,UPI/CR/179168941281/Radha/BKID/radha551@okicici/UPI,732600188738,,"13,050.03",1171467.98
29-Dec-2024,UPI/DR/450285380775/Apollo/ICICI/apollopharmacy@ybl/UPI,602916033067,249.00,,1171218.98
30-Dec-2024,UPI/DR/863612850648/Mohit/HDFC/mohit.gupta@pthdfc/UPI,039562143204,"2,300.19",,1168918.79
30-Dec-2024,UPI/DR/947419793904/Dunzo/ICICI/dunzo@razorpay/UPI,935931518093,180.67,,1168738.12
01-Jan-2025,UPI/DR/792331133763/Seema/BARB/seemapate98@pthdfc/UPI,511728329829,"21,300.15",,1147437.97
02-Jan-2025,UPI/DR/971472173540/Ola/PAYTM/olamoney@ola/UPI,974500164852,300.60,,1147137.37
05-Jan-2025,POS V MART LUCKNOW,569062837629,"4,350.55",,1142786.82
05-Jan-2025,UPI/DR/045682049536/Ritu/UTIB/ritu.sharma@ibl/UPI,561653265645,"15,450.75",,1127336.07
05-Jan-2025,UPI/CR/633593602276/Sonia/KKBK/sonia926@okhdfcbank/UPI,776615154234,,"10,800.44",1138136.51
05-Jan-2025,UPI/DR/533726537591/Ola/PAYTM/olamoney@ola/UPI,464774875194,810.55,,1137325.96
05-Jan-2025,ATM CASH WITHDRAWAL/02542/LUCKNOW,827062100657,"1,500.00",,1135825.96
07-Jan-2025,UPI/CR/303145729861/Poonam/KKBK/poonamkhan57@pthdfc/UPI,420418785543,,"10,350.17",1146176.13
07-Jan-2025,UPI/DR/735267065687/Airtel/PAYTM/airtel@axis/UPI,480448334658,279.00,,1145897.13
07-Jan-2025,UPI/DR/658178191087/Myntra/PAYTM/myntra@ybl/UPI,647315383426,"3,500.73",,1142396.40
07-Jan-2025,SALARY CREDIT/S1437654046944/Hexaware Technologies,499535332526,,"93,181.59",1235577.99
08-Jan-2025,UPI/DR/948257456374/BigBasket/ICICI/bigbasket@ybl/UPI,661057425369,"1,880.51",,1233697.48
08-Jan-2025,UPI/DR/379193572661/Uber/PAYTM/uber@paytm/UPI,060117909119,230.34,,1233467.14
08-Jan-2025,UPI/DR/783877943886/Blinkit/ICICI/blinkit@kotak/UPI,942389699060,830.60,,1232636.54
08-Jan-2025,UPI/DR/756975327449/Airtel/PAYTM/airtel@axis/UPI,290857691035,419.00,,1232217.54
08-Jan-2025,POS HP PETROL PUMP LUCKNOW,515244623589,"4,250.84",,1227966.70
09-Jan-2025,UPI/DR/448720369893/Anil/BDBL/anil.rao@ibl/UPI,938785494274,"4,750.66",,1223216.04
09-Jan-2025,NACH/MANDATE/RNT8310966/RENT MANDATE,478113798752,"19,500.00",,1203716.04
09-Jan-2025,NACH/MANDATE/LN876343437275/Tata Capital Finance,086620346152,"17,000.00",,1186716.04
10-Jan-2025,UPI/DR/230068582118/Blinkit/ICICI/blinkit@kotak/UPI,306245124256,"1,370.44",,1185345.60
10-Jan-2025,UPI/CR/463233750454/Seema/HDFC/seemarao16@oksbi/UPI,448711766616,,"2,700.43",1188046.03
11-Jan-2025,UPI/DR/195256253883/Airtel/PAYTM/airtel@axis/UPI,764136899437,359.00,,1187687.03
11-Jan-2025,UPI/CR/953000609104/Sunil/HDFC/sunil.patel@pthdfc/UPI,121897120083,,"17,100.93",1204787.96
11-Jan-2025,ATM CASH WITHDRAWAL/69241/LUCKNOW,916140360603,"2,000.00",,1202787.96
14-Jan-2025,UPI/DR/795473751767/Sapna/BARB/sapna723@paytm/UPI,234872993469,"2,950.80",,1199837.16
14-Jan-2025,UPI/CR/414615099593/Vikas/UCBA/vikas.mehta@apl/UPI,378932048410,,650.65,1200487.81
14-Jan-2025,UPI/CR/500140526906/Deepa/KKBK/deepa.srivastava@apl/UPI,743244368496,,"15,250.53",1215738.34
14-Jan-2025,UPI/DR/044991489782/Uber/PAYTM/uber@paytm/UPI,811819595034,150.72,,1215587.62
14-Jan-2025,UPI/DR/625523839910/Anil/UTIB/anilpill57@pthdfc/UPI,639280235774,"19,150.21",,1196437.41
15-Jan-2025,UPI/DR/722985613367/Indane/ICICI/indanegas@upi/UPI,234535915315,"1,900.05",,1194537.36
16-Jan-2025,UPI/DR/629035131401/Ola/PAYTM/olamoney@ola/UPI,191927807737,320.30,,1194217.06
17-Jan-2025,UPI/DR/871497383334/Lalit/KKBK/lalit437@ybl/UPI,467698209191,"1,700.10",,1192516.96
17-Jan-2025,NACH/MANDATE/SIP6324521/Axis Mutual Fund,392200897788,"15,000.00",,1177516.96
17-Jan-2025,IMPS-046858535172-Rajan Patil,859947678911,"12,300.03",,1165216.93
17-Jan-2025,UPI/DR/165283728505/Zomato/ICICI/zomato@axisbank/UPI,915436802785,560.79,,1164656.14
17-Jan-2025,UPI/DR/384613961855/Airtel/PAYTM/airtel@axis/UPI,650550255779,239.00,,1164417.14
17-Jan-2025,UPI/DR/449392818227/Usha/UCBA/7588948753@pthdfc/UPI,146401085441,"14,000.20",,1150416.94
18-Jan-2025,UPI/DR/201623672012/Nykaa/PAYTM/nykaa@razorpay/UPI,109633268797,"1,100.55",,1149316.39
18-Jan-2025,UPI/DR/940717118976/BESCOM/UPIN/bescompayment@upi/UPI,609665342057,"3,550.94",,1145765.45
20-Jan-2025,UPI/DR/695148810251/Airtel/PAYTM/airtel@axis/UPI,230577428161,569.00,,1145196.45
20-Jan-2025,UPI/CR/556046839770/Seema/SBIN/5346168404@apl/UPI,271278774434,,"11,450.24",1156646.69
20-Jan-2025,POS BHARAT PETROLEUM LUCKNOW,503611300267,"3,900.86",,1152745.83
20-Jan-2025,POS LIFESTYLE STORES LUCKNOW,248181221018,"7,000.08",,1145745.75
20-Jan-2025,UPI/DR/386881238983/Jio/ICICI/jio@paytm/UPI,365089253536,880.19,,1144865.56
21-Jan-2025,UPI/DR/326922575576/Meesho/PAYTM/meesho@ybl/UPI,548988935389,300.63,,1144564.93
21-Jan-2025,UPI/DR/921655045455/Rapido/PAYTM/rapido@icici/UPI,954074734593,840.58,,1143724.35
24-Jan-2025,UPI/CR/501526712488/Dinesh/UCBA/dineshsriv93@apl/UPI,295855326021,,"14,600.84",1158325.19
25-Jan-2025,UPI/DR/897536691885/Anita/FDRL/9396699583@okhdfcbank/UPI,705345887206,"4,850.10",,1153475.09
25-Jan-2025,UPI/DR/785595873132/Ola/ICICI/olamoney@ola/UPI,763927375183,"1,500.20",,1151974.89
26-Jan-2025,UPI/CR/635147889483/Shweta/SBIN/shwetaiyer58@ptyes/UPI,283971802062,,"6,400.94",1158375.83
27-Jan-2025,ACCOUNT MAINTENANCE FEE,570235211381,80.00,,1158295.83
27-Jan-2025,GST ON CHARGES,315630885586,14.40,,1158281.43
28-Jan-2025,UPI/CR/750821490973/Vandana/UTIB/vandanapati37@okaxis/UPI,186751415974,,"5,400.41",1163681.84
28-Jan-2025,UPI/DR/607046864714/Uber/ICICI/uber@paytm/UPI,344977303531,"2,250.02",,1161431.82
28-Jan-2025,UPI/DR/168222510606/Jio/ICICI/jio@paytm/UPI,482553970994,"2,680.58",,1158751.24
28-Jan-2025,UPI/DR/632720423116/ACT/RAZORPAY/broadband@paytm/UPI,290820652660,"1,099.00",,1157652.24
28-Jan-2025,UPI/DR/664931749979/Paytm/ICICI/paytm@paytm/UPI,734658134133,"2,750.16",,1154902.08
28-Jan-2025,UPI/CR/925485304357/Anita/SBIN/anita547@axl/UPI,502165167727,,"5,400.23",1160302.31
29-Jan-2025,POS BHARAT PETROLEUM LUCKNOW,167276009507,"1,350.31",,1158952.00
30-Jan-2025,POS RELIANCE MART LUCKNOW,749358577947,"5,850.58",,1153101.42
30-Jan-2025,UPI/DR/326691766657/Dunzo/ICICI/dunzo@razorpay/UPI,002109338478,"1,820.96",,1151280.46
02-Feb-2025,POS STAR BAZAAR LUCKNOW,760386595514,"4,350.76",,1146929.70
02-Feb-2025,UPI/CR/226198455267/Mamta/HDFC/5493131137@okicici/UPI,294495124079,,"11,450.48",1158380.18
03-Feb-2025,POS BHARAT PETROLEUM LUCKNOW,298807800045,"4,350.13",,1154030.05
03-Feb-2025,ATM CASH WITHDRAWAL/89702/LUCKNOW,271582907241,"4,000.00",,1150030.05
03-Feb-2025,UPI/DR/247296058503/Uber/PAYTM/uber@paytm/UPI,389903136921,300.28,,1149729.77
03-Feb-2025,UPI/CR/746630560753/Radha/HDFC/radha295@axl/UPI,037482163738,,"6,550.07",1156279.84
04-Feb-2025,UPI/DR/314695085184/BSNL/ICICI/bsnlbroadband@upi/UPI,116276467502,"2,580.01",,1153699.83
04-Feb-2025,UPI/DR/980828829007/Meesho/PAYTM/meesho@ybl/UPI,037051704629,"5,000.15",,1148699.68
04-Feb-2025,UPI/DR/561914548040/MakeMyTrip/ICICI/makemytrip@axisbank/UPI,901943215413,899.00,,1147800.68
05-Feb-2025,ATM CASH WITHDRAWAL/17277/LUCKNOW,442121835195,"1,000.00",,1146800.68
07-Feb-2025,SALARY CREDIT/S7391646379465/Hexaware Technologies,357519358700,,"93,160.59",1239961.27
07-Feb-2025,UPI/DR/706221279870/Vivek/SBIN/vivekiyer84@upi/UPI,976314147832,"18,450.64",,1221510.63
08-Feb-2025,UPI/CR/944131867403/Preeti/BKID/preetikuma24@pthdfc/UPI,769948199189,,"6,500.10",1228010.73
08-Feb-2025,UPI/DR/220859436411/BigBasket/ICICI/bigbasket@ybl/UPI,265081714578,"1,340.65",,1226670.08
09-Feb-2025,POS CENTRAL MALL LUCKNOW,774222960095,"5,300.72",,1221369.36
09-Feb-2025,UPI/CR/097395501369/Shivam/KKBK/shivam.pillai@ptyes/UPI,789396887944,,"6,450.17",1227819.53
09-Feb-2025,UPI/DR/640495958089/Airtel/PAYTM/airtel@axis/UPI,787784884922,589.00,,1227230.53
12-Feb-2025,ATM CASH WITHDRAWAL/32324/LUCKNOW,891947170489,"7,500.00",,1219730.53
12-Feb-2025,UPI/CR/396975856294/Saurabh/PUNB/saurabh.patil@okicici/UPI,034916275615,,"17,000.69",1236731.22
12-Feb-2025,NACH/MANDATE/RNT6334066/RENT MANDATE,999776086407,"19,500.00",,1217231.22
12-Feb-2025,UPI/DR/554293661151/Vikram/BDBL/vikramnair57@oksbi/UPI,481692823410,"12,000.90",,1205230.32
13-Feb-2025,NACH/MANDATE/LN876343437275/Tata Capital Finance,821387541635,"17,000.00",,1188230.32
14-Feb-2025,UPI/DR/805980863293/Rapido/PAYTM/rapido@icici/UPI,539744812997,790.50,,1187439.82
14-Feb-2025,UPI/DR/692367411935/Paytm/ICICI/paytm@paytm/UPI,924323810616,880.14,,1186559.68
14-Feb-2025,POS LIFESTYLE STORES LUCKNOW,487356489064,"8,300.27",,1178259.41
14-Feb-2025,UPI/DR/916350942343/Amazon/PAYTM/amazon@apl/UPI,830170109938,"5,300.22",,1172959.19
15-Feb-2025,UPI/DR/301048902051/Uber/ICICI/uber@paytm/UPI,066053945243,"2,030.00",,1170929.19
15-Feb-2025,UPI/DR/058624793181/Rapido/PAYTM/rapido@icici/UPI,047252032732,250.81,,1170678.38
15-Feb-2025,UPI/DR/283500223476/Kunal/KKBK/8910522375@ptaxis/UPI,887164452225,"3,450.79",,1167227.59
15-Feb-2025,UPI/DR/350930302479/Uber/PAYTM/uber@paytm/UPI,698635319969,520.08,,1166707.51
16-Feb-2025,UPI/DR/049620923218/Divya/UTIB/1924820416@ybl/UPI,966541579404,"4,850.06",,1161857.45
17-Feb-2025,UPI/CR/637020621406/Naveen/FDRL/naveen308@okicici/UPI,777857711467,,"17,900.14",1179757.59
17-Feb-2025,UPI/DR/638772119563/Indane/ICICI/indanegas@upi/UPI,178525393031,800.02,,1178957.57
18-Feb-2025,UPI/DR/469714999102/Blinkit/ICICI/blinkit@kotak/UPI,156117506604,"1,510.81",,1177446.76
18-Feb-2025,UPI/DR/102479351357/Sunita/PUNB/sunitapill41@ptsbi/UPI,319844809768,"1,800.98",,1175645.78
18-Feb-2025,UPI/DR/676142585856/Vandana/HDFC/vandananaik26@okicici/UPI,787821487296,"16,900.13",,1158745.65
19-Feb-2025,NACH/MANDATE/SIP8613695/Axis Mutual Fund,534655297274,"15,000.00",,1143745.65
19-Feb-2025,POS STAR BAZAAR LUCKNOW,745316136803,"1,000.30",,1142745.35
19-Feb-2025,ATM CASH WITHDRAWAL/67968/LUCKNOW,406774971484,"7,000.00",,1135745.35
20-Feb-2025,UPI/DR/847947149708/Airtel/PAYTM/airtel@axis/UPI,148495400024,559.00,,1135186.35
20-Feb-2025,UPI/DR/577101059900/BESCOM/UPIN/bescompayment@upi/UPI,324185510252,"4,150.41",,1131035.94
20-Feb-2025,POS INDIAN OIL LUCKNOW,803627647727,"2,950.99",,1128084.95
21-Feb-2025,POS SHOPPERS STOP LUCKNOW,075549222892,"1,100.73",,1126984.22
21-Feb-2025,UPI/DR/632979361114/Rapido/PAYTM/rapido@icici/UPI,457937131403,590.90,,1126393.32
22-Feb-2025,UPI/DR/169734312385/Pankaj/SBIN/7768829736@ptaxis/UPI,958623627180,"4,000.84",,1122392.48
23-Feb-2025,POS BHARAT PETROLEUM LUCKNOW,958606180518,900.26,,1121492.22
23-Feb-2025,ATM CASH WITHDRAWAL/05292/LUCKNOW,339957250987,"10,000.00",,1111492.22
23-Feb-2025,UPI/DR/601602142478/Airtel/PAYTM/airtel@axis/UPI,816916946082,539.00,,1110953.22
24-Feb-2025,POS RELIANCE MART LUCKNOW,115512024031,"3,950.65",,1107002.57
24-Feb-2025,UPI/DR/190777186297/Blinkit/ICICI/blinkit@kotak/UPI,001813367710,180.80,,1106821.77
25-Feb-2025,ATM CASH WITHDRAWAL/24228/LUCKNOW,656052157533,"6,000.00",,1100821.77
25-Feb-2025,UPI/DR/326775447386/Airtel/PAYTM/airtel@axis/UPI,006364474530,399.00,,1100422.77
25-Feb-2025,UPI/DR/280904690434/Ola/PAYTM/olamoney@ola/UPI,477396186370,250.40,,1100172.37
26-Feb-2025,GST ON CHARGES,726303858047,36.00,,1100136.37
26-Feb-2025,IMPS-990729462547-Manoj Gupta,265129223338,"42,200.34",,1057936.03
26-Feb-2025,UPI/CR/746876763348/Anita/HDFC/anita.saxena@apl/UPI,297401262603,,"4,000.48",1061936.51
26-Feb-2025,ACCOUNT MAINTENANCE FEE,662027105049,200.00,,1061736.51
27-Feb-2025,UPI/DR/196829129339/ACT/RAZORPAY/broadband@paytm/UPI,531024010236,349.00,,1061387.51
27-Feb-2025,UPI/DR/857640298015/Dunzo/ICICI/dunzo@razorpay/UPI,966799738814,"1,720.49",,1059667.02
28-Feb-2025,UPI/DR/583081892851/Ajay/BARB/6772122272@okhdfcbank/UPI,879270545173,"17,350.73",,1042316.29
28-Feb-2025,UPI/DR/244074645424/Uber/ICICI/uber@paytm/UPI,371424795190,360.21,,1041956.08
01-Mar-2025,UPI/DR/655107603667/Swiggy/ICICI/swiggy@icici/UPI,482686227651,"1,440.46",,1040515.62
02-Mar-2025,POS METRO CASH CARRY LUCKNOW,544214541330,"4,500.48",,1036015.14
02-Mar-2025,POS V MART LUCKNOW,265766794648,"1,400.72",,1034614.42
03-Mar-2025,POS MORE SUPER MARKET LUCKNOW,064291139400,"7,900.39",,1026714.03
03-Mar-2025,POS LIFESTYLE STORES LUCKNOW,221045809919,"6,050.71",,1020663.32
05-Mar-2025,UPI/DR/605704377318/Ola/ICICI/olamoney@ola/UPI,125161286377,"2,080.08",,1018583.24
05-Mar-2025,UPI/DR/763273522294/Ola/PAYTM/olamoney@ola/UPI,276445570164,340.43,,1018242.81
06-Mar-2025,UPI/DR/047195801295/Asha/SBIN/9518247473@ibl/UPI,454964273630,"2,800.06",,1015442.75
06-Mar-2025,UPI/DR/490344010419/Bajaj/LICI/licindia@licindia/UPI,915350021122,"3,000.00",,1012442.75
06-Mar-2025,NEFT/N9079659816263/Tata Consultancy Ser,924711808714,,"28,500.29",1040943.04
06-Mar-2025,UPI/DR/859426931497/Meesho/PAYTM/meesho@ybl/UPI,051968208209,"1,800.31",,1039142.73
07-Mar-2025,SALARY CREDIT/S4730393429737/Hexaware Technologies,940725001953,,"95,370.59",1134513.32
07-Mar-2025,ATM CASH WITHDRAWAL/28223/LUCKNOW,524883239591,"7,000.00",,1127513.32
09-Mar-2025,NACH/MANDATE/LN876343437275/Tata Capital Finance,334744798284,"17,000.00",,1110513.32
09-Mar-2025,NACH/MANDATE/RNT3013429/RENT MANDATE,549915159012,"19,500.00",,1091013.32
10-Mar-2025,UPI/DR/018455574813/Zepto/ICICI/zepto@apl/UPI,037673431093,"1,830.03",,1089183.29
10-Mar-2025,ATM CASH WITHDRAWAL/21989/LUCKNOW,797349023456,"6,000.00",,1083183.29
10-Mar-2025,UPI/DR/358970278682/BESCOM/UPIN/bescompayment@upi/UPI,388667043410,"1,050.34",,1082132.95
10-Mar-2025,UPI/CR/813528770012/Asha/UTIB/asha.pillai@ptsbi/UPI,922261462498,,"12,150.83",1094283.78
11-Mar-2025,UPI/DR/169776084420/Rani/SBIN/rani.rao@upi/UPI,579459338790,"13,200.93",,1081082.85
12-Mar-2025,UPI/DR/493907367342/Isha/FDRL/ishaiyer87@okicici/UPI,132212300441,"2,200.96",,1078881.89
12-Mar-2025,UPI/DR/983927599041/Airtel/PAYTM/airtel@axis/UPI,299677479739,749.00,,1078132.89
12-Mar-2025,UPI/DR/491039545949/Indane/ICICI/indanegas@upi/UPI,093278658261,"2,050.96",,1076081.93
12-Mar-2025,NACH/MANDATE/SIP8803166/Axis Mutual Fund,676563221285,"15,000.00",,1061081.93
14-Mar-2025,UPI/DR/995917198154/Jio/ICICI/jio@paytm/UPI,041141230285,"1,040.29",,1060041.64
15-Mar-2025,UPI/DR/368076471324/Rajan/UTIB/rajan214@aubank/UPI,208679582395,"21,300.42",,1038741.22
16-Mar-2025,POS RELIANCE MART LUCKNOW,563606689549,"3,450.77",,1035290.45
17-Mar-2025,ATM CASH WITHDRAWAL/28757/LUCKNOW,963540613695,"3,500.00",,1031790.45
17-Mar-2025,POS BHARAT PETROLEUM LUCKNOW,912964391501,"1,800.84",,1029989.61
18-Mar-2025,POS LIFESTYLE STORES LUCKNOW,771098785634,"5,550.81",,1024438.80
18-Mar-2025,UPI/DR/084457859726/Ola/PAYTM/olamoney@ola/UPI,399875403680,520.56,,1023918.24
18-Mar-2025,UPI/CR/195074857838/Sanjay/PUNB/sanjayshuk18@kotak/UPI,521548704381,,"17,050.48",1040968.72
19-Mar-2025,UPI/DR/683750059927/Zomato/ICICI/zomato@axisbank/UPI,775296965933,960.57,,1040008.15
19-Mar-2025,IMPS-387175905592-Ashish Menon,750921539148,"35,500.67",,1004507.48
20-Mar-2025,UPI/DR/332145008807/BigBasket/ICICI/bigbasket@ybl/UPI,776196893723,"2,380.56",,1002126.92
21-Mar-2025,UPI/DR/510262372178/Flipkart/ICICI/flipkart@ybl/UPI,679227289000,"2,370.35",,999756.57
21-Mar-2025,UPI/DR/637436823396/Sapna/UTIB/sapna.desai@oksbi/UPI,222577717036,"9,750.39",,990006.18
23-Mar-2025,UPI/CR/913017604873/Manoj/UTIB/manoj323@kotak/UPI,370907049908,,"1,400.44",991406.62
23-Mar-2025,UPI/DR/439434025027/BigBasket/ICICI/bigbasket@ybl/UPI,386601875135,"2,760.67",,988645.95
23-Mar-2025,UPI/DR/869664706718/Ola/PAYTM/olamoney@ola/UPI,488874377763,370.43,,988275.52
23-Mar-2025,UPI/DR/452549616064/Anjali/UTIB/anjali848@ptaxis/UPI,277177574712,"20,600.93",,967674.59
25-Mar-2025,POS RELIANCE MART LUCKNOW,537579814540,"7,650.25",,960024.34
25-Mar-2025,UPI/DR/705815854004/Airtel/PAYTM/airtel@axis/UPI,924130677400,919.00,,959105.34
26-Mar-2025,UPI/DR/705720474091/Ola/PAYTM/olamoney@ola/UPI,061544132607,610.60,,958494.74
26-Mar-2025,UPI/DR/888063355049/Zepto/ICICI/zepto@apl/UPI,246887646410,270.96,,958223.78
26-Mar-2025,UPI/DR/670666183281/Blinkit/ICICI/blinkit@kotak/UPI,645392451730,"1,710.72",,956513.06
26-Mar-2025,ATM CASH WITHDRAWAL/18353/LUCKNOW,459029144405,"5,500.00",,951013.06
28-Mar-2025,POS RELIANCE MART LUCKNOW,415414152366,"2,550.10",,948462.96
28-Mar-2025,INTEREST CREDIT,508650482149,,740.35,949203.31
29-Mar-2025,POS HP PETROL PUMP LUCKNOW,903922368746,"2,150.97",,947052.34
29-Mar-2025,UPI/CR/979028378998/Usha/HDFC/ushasing68@apl/UPI,939294191766,,"4,000.79",951053.13
29-Mar-2025,UPI/DR/452318389200/ACT/RAZORPAY/broadband@paytm/UPI,065404149649,"1,099.00",,949954.13
29-Mar-2025,UPI/CR/893582693139/Geeta/UCBA/geetabane91@kotak/UPI,284339251992,,"6,500.35",956454.48
31-Mar-2025,POS SHELL FUEL STATION LUCKNOW,741208923142,"1,700.60",,954753.88
31-Mar-2025,ACCOUNT MAINTENANCE FEE,032048080515,350.00,,954403.88
31-Mar-2025,GST ON CHARGES,481367436668,63.00,,954340.88
01-Apr-2025,UPI/CR/946590895762/Babita/FDRL/8543458904@pthdfc/UPI,302885084074,,"6,200.17",960541.05
02-Apr-2025,UPI/DR/529840124878/Uber/ICICI/uber@paytm/UPI,189347332737,"1,840.63",,958700.42
03-Apr-2025,POS BHARAT PETROLEUM LUCKNOW,595934298120,"3,750.65",,954949.77
03-Apr-2025,ATM CASH WITHDRAWAL/25579/LUCKNOW,641924130493,"3,500.00",,951449.77
03-Apr-2025,UPI/DR/322832073518/Nykaa/ICICI/nykaa@razorpay/UPI,447495851980,499.00,,950950.77
03-Apr-2025,UPI/DR/507650806309/Prashant/PUNB/prashant138@kotak/UPI,467900184090,"10,750.61",,940200.16
03-Apr-2025,UPI/CR/603806326974/Mukesh/KKBK/mukesh271@oksbi/UPI,483662612821,,"20,700.34",960900.50
04-Apr-2025,UPI/DR/884674137912/BigBasket/ICICI/bigbasket@ybl/UPI,903958894035,680.45,,960220.05
04-Apr-2025,ATM CASH WITHDRAWAL/32487/LUCKNOW,262741890234,"5,500.00",,954720.05
04-Apr-2025,UPI/DR/502137010675/Uber/ICICI/uber@paytm/UPI,405252563063,200.44,,954519.61
05-Apr-2025,POS RELIANCE PETROLEUM LUCKNOW,812308284919,"2,150.08",,952369.53
05-Apr-2025,UPI/CR/433369125769/Kavya/BKID/kavya880@pthdfc/UPI,669770402234,,"3,050.54",955420.07
06-Apr-2025,UPI/DR/128687152220/Gaurav/BARB/gaurav.rao@paytm/UPI,034869551645,"14,300.74",,941119.33
06-Apr-2025,UPI/DR/755154773976/Mukesh/FDRL/mukesh923@okhdfcbank/UPI,021807204366,"10,950.85",,930168.48
06-Apr-2025,POS SHELL FUEL STATION LUCKNOW,545175526799,"2,650.09",,927518.39
07-Apr-2025,UPI/DR/772226648011/Meesho/PAYTM/meesho@ybl/UPI,662982745126,"4,400.61",,923117.78
07-Apr-2025,SALARY CREDIT/S3358877200984/Hexaware Technologies,230728872335,,"97,699.59",1020817.37
08-Apr-2025,UPI/CR/616250021853/Maya/BKID/7877405886@kotak/UPI,766507774376,,"16,900.19",1037717.56
08-Apr-2025,UPI/DR/385494484705/Airtel/PAYTM/airtel@axis/UPI,128789113969,289.00,,1037428.56
09-Apr-2025,UPI/DR/889409546268/Deepak/BARB/deepakpati22@ibl/UPI,962708393017,"12,400.73",,1025027.83
10-Apr-2025,NACH/MANDATE/RNT8798957/RENT MANDATE,726907676391,"19,500.00",,1005527.83
11-Apr-2025,UPI/DR/000926918695/ACT/RAZORPAY/broadband@paytm/UPI,114144130531,"1,099.00",,1004428.83
11-Apr-2025,UPI/DR/379639386364/Indane/ICICI/indanegas@upi/UPI,004539829281,"1,150.42",,1003278.41
11-Apr-2025,UPI/DR/964938767920/Dunzo/ICICI/dunzo@razorpay/UPI,569161178903,"1,460.22",,1001818.19
12-Apr-2025,UPI/DR/950331798875/Maya/FDRL/maya493@okaxis/UPI,895312018053,"6,950.35",,994867.84
12-Apr-2025,NACH/MANDATE/LN876343437275/Tata Capital Finance,604953194517,"17,000.00",,977867.84
12-Apr-2025,UPI/DR/565522180834/BSNL/ICICI/bsnlbroadband@upi/UPI,117966039257,240.49,,977627.35
13-Apr-2025,UPI/DR/382398724734/Airtel/PAYTM/airtel@axis/UPI,798213354070,979.00,,976648.35
13-Apr-2025,UPI/DR/413769260352/Zomato/ICICI/zomato@axisbank/UPI,091589491984,"2,710.32",,973938.03
15-Apr-2025,UPI/DR/422656844639/Blinkit/ICICI/blinkit@kotak/UPI,437535853319,960.85,,972977.18
18-Apr-2025,POS V MART LUCKNOW,334550895115,"7,150.81",,965826.37
18-Apr-2025,UPI/CR/689454325944/Shivam/BDBL/shivamahuj35@ibl/UPI,628724040426,,"12,250.53",978076.90
18-Apr-2025,UPI/DR/476913576544/Airtel/PAYTM/airtel@axis/UPI,142845963844,319.00,,977757.90
18-Apr-2025,NACH/MANDATE/SIP9246930/Axis Mutual Fund,347678759573,"15,000.00",,962757.90
18-Apr-2025,UPI/DR/661774665782/Blinkit/ICICI/blinkit@kotak/UPI,169848148662,"1,180.46",,961577.44
18-Apr-2025,UPI/DR/050778457738/Dinesh/BARB/dineshdutt22@ptaxis/UPI,846022114279,"11,900.56",,949676.88
18-Apr-2025,UPI/DR/505398573444/Seema/FDRL/0832416157@kotak/UPI,443275078479,"1,200.24",,948476.64
19-Apr-2025,UPI/DR/414025951028/Rapido/PAYTM/rapido@icici/UPI,779770643532,230.57,,948246.07
19-Apr-2025,UPI/DR/403760974671/BESCOM/UPIN/bescompayment@upi/UPI,331819155319,"1,700.90",,946545.17
19-Apr-2025,UPI/DR/124752689327/Ola/PAYTM/olamoney@ola/UPI,008347445485,190.45,,946354.72
20-Apr-2025,UPI/DR/113049314469/Rapido/PAYTM/rapido@icici/UPI,088091495452,860.54,,945494.18
20-Apr-2025,ATM CASH WITHDRAWAL/99728/LUCKNOW,380411017610,"8,000.00",,937494.18
20-Apr-2025,UPI/DR/125081826866/Myntra/PAYTM/myntra@ybl/UPI,664526238006,"4,000.16",,933494.02
21-Apr-2025,ATM CASH WITHDRAWAL/26406/LUCKNOW,267372030138,"6,000.00",,927494.02
21-Apr-2025,UPI/CR/284996247459/Divya/FDRL/1684796703@oksbi/UPI,546533413883,,"20,050.00",947544.02
21-Apr-2025,POS RELIANCE PETROLEUM LUCKNOW,673786582474,"2,000.08",,945543.94
22-Apr-2025,UPI/DR/924108296237/Netmeds/ICICI/netmeds@paytm/UPI,266439926897,"3,490.40",,942053.54
22-Apr-2025,UPI/DR/170385719450/Sunil/PUNB/sunil.patil@apl/UPI,969405406722,"11,050.94",,931002.60
22-Apr-2025,UPI/DR/703863957093/Airtel/PAYTM/airtel@axis/UPI,967803234494,539.00,,930463.60
23-Apr-2025,UPI/DR/130830149206/Arjun/BARB/arjun395@axl/UPI,294122363440,"11,100.24",,919363.36
23-Apr-2025,UPI/DR/859204759933/Meena/SBIN/meenapate44@ptaxis/UPI,174627077129,"8,550.76",,910812.60
23-Apr-2025,POS CENTRAL MALL LUCKNOW,863381613955,"7,650.85",,903161.75
24-Apr-2025,UPI/DR/323880702371/Kavita/UTIB/kavita474@aubank/UPI,332452612305,"8,250.35",,894911.40
24-Apr-2025,IMPS-448583981983-Sushma Dubey,896833895522,"39,500.57",,855410.83
26-Apr-2025,UPI/DR/840936848877/BigBasket/ICICI/bigbasket@ybl/UPI,202838087206,"1,110.03",,854300.80
26-Apr-2025,UPI/CR/675641251600/Usha/UTIB/usha.thapar@axl/UPI,236880132490,,"10,850.36",865151.16
26-Apr-2025,UPI/DR/733868996639/Krishna/HDFC/krishnameno78@okhdfcbank/UPI,471382185572,"21,700.29",,843450.87
26-Apr-2025,ATM CASH WITHDRAWAL/17525/LUCKNOW,550974414264,"5,000.00",,838450.87
26-Apr-2025,UPI/DR/277468533828/Airtel/PAYTM/airtel@axis/UPI,524001948527,309.00,,838141.87
27-Apr-2025,UPI/DR/886061122614/Varun/FDRL/varun.shukla@axl/UPI,661755000284,"17,700.44",,820441.43
28-Apr-2025,UPI/DR/310479905249/Rapido/PAYTM/rapido@icici/UPI,586886542924,450.15,,819991.28
28-Apr-2025,UPI/DR/534243348849/Uber/PAYTM/uber@paytm/UPI,990678900627,790.96,,819200.32
28-Apr-2025,UPI/DR/322505649865/BigBasket/ICICI/bigbasket@ybl/UPI,896441378649,"2,220.09",,816980.23
29-Apr-2025,POS PANTALOONS LUCKNOW,400344604930,"2,050.33",,814929.90
30-Apr-2025,GST ON CHARGES,450753329371,90.00,,814839.90
30-Apr-2025,UPI/DR/530737201041/Swiggy/ICICI/swiggy@icici/UPI,790297297146,"2,370.08",,812469.82
30-Apr-2025,ACCOUNT MAINTENANCE FEE,253715641129,500.00,,811969.82
30-Apr-2025,UPI/CR/166975625967/Ajay/UCBA/ajay.chopra@upi/UPI,456292882472,,"18,750.88",830720.70
01-May-2025,UPI/DR/813115664893/Ola/PAYTM/olamoney@ola/UPI,994417670392,230.59,,830490.11
01-May-2025,UPI/DR/205388782155/Renu/KKBK/renuiyer13@paytm/UPI,270121515762,"5,900.36",,824589.75
02-May-2025,UPI/DR/388327681888/Meesho/PAYTM/meesho@ybl/UPI,130735640769,300.19,,824289.56
02-May-2025,UPI/DR/013175156415/Amazon/ICICI/amazon@apl/UPI,284385446110,"2,210.31",,822079.25
02-May-2025,POS BIG BAZAAR LUCKNOW,010662449229,"7,950.55",,814128.70
03-May-2025,UPI/DR/262905252017/Airtel/PAYTM/airtel@axis/UPI,785805878600,389.00,,813739.70
04-May-2025,UPI/DR/805358374354/Myntra/PAYTM/myntra@ybl/UPI,342025035355,"3,750.60",,809989.10
04-May-2025,UPI/DR/819741114215/Krishna/UCBA/krishna.chaudhary@ptyes/UPI,847931293931,"20,350.55",,789638.55
04-May-2025,UPI/DR/151451419585/Rapido/PAYTM/rapido@icici/UPI,942712395403,120.88,,789517.67
05-May-2025,UPI/DR/287886761504/Kapil/BDBL/kapil.kapoor@pthdfc/UPI,154782096679,"18,700.93",,770816.74
05-May-2025,UPI/DR/875169617389/Netmeds/ICICI/netmeds@paytm/UPI,420552840091,430.88,,770385.86
06-May-2025,UPI/DR/805566481369/Dunzo/ICICI/dunzo@razorpay/UPI,313721950223,"2,070.05",,768315.81
06-May-2025,UPI/CR/457536364663/Sunita/UCBA/sunita253@apl/UPI,235748442681,,"17,100.69",785416.50
06-May-2025,POS BHARAT PETROLEUM LUCKNOW,647760398611,"4,050.51",,781365.99
07-May-2025,SALARY CREDIT/S3886552076252/Hexaware Technologies,553949767962,,"93,785.59",875151.58
07-May-2025,UPI/CR/997004435086/Meena/UCBA/meenayada77@pthdfc/UPI,558688228250,,"12,350.53",887502.11
08-May-2025,UPI/CR/441818202927/Radha/BDBL/7344268319@ybl/UPI,060449819102,,"20,650.38",908152.49
08-May-2025,UPI/DR/783946161071/Amazon/ICICI/amazon@apl/UPI,118912316317,"1,080.01",,907072.48
09-May-2025,UPI/CR/356168399819/Mamta/KKBK/9265129885@ptyes/UPI,992535291256,,"5,050.44",912122.92
09-May-2025,NACH/MANDATE/RNT2756553/RENT MANDATE,672417551093,"19,500.00",,892622.92
11-May-2025,IMPS-191962624268-Rahul Dubey,121131669119,"2,300.58",,890322.34
11-May-2025,UPI/CR/088300070517/Sumit/PUNB/8321153197@ptyes/UPI,443874738175,,"1,600.02",891922.36
12-May-2025,NACH/MANDATE/LN876343437275/Tata Capital Finance,886413823740,"17,000.00",,874922.36
12-May-2025,UPI/DR/516754965485/Mohit/BARB/mohitagar72@okhdfcbank/UPI,964698032613,"13,700.18",,861222.18
13-May-2025,UPI/DR/443740601574/Arun/PUNB/1921810881@apl/UPI,776325534214,"8,650.63",,852571.55
14-May-2025,NACH/MANDATE/SIP8262636/Axis Mutual Fund,005521353650,"15,000.00",,837571.55
14-May-2025,ATM CASH WITHDRAWAL/13202/LUCKNOW,357008171996,"5,500.00",,832071.55
14-May-2025,UPI/DR/594585688356/Blinkit/ICICI/blinkit@kotak/UPI,504492295843,"2,180.65",,829890.90
14-May-2025,UPI/DR/530302758403/Sachin/BKID/sachinkuma79@apl/UPI,050388903190,"15,600.50",,814290.40
15-May-2025,POS LIFESTYLE STORES LUCKNOW,015388832533,"3,150.68",,811139.72
16-May-2025,POS STAR BAZAAR LUCKNOW,891312158236,"2,800.19",,808339.53
16-May-2025,UPI/DR/440193254777/Vandana/UCBA/6010973223@paytm/UPI,830225261460,"13,550.15",,794789.38
17-May-2025,UPI/DR/673455844514/Nisha/BKID/nisha.yadav@okaxis/UPI,922419925233,"8,250.94",,786538.44
17-May-2025,UPI/CR/013595213209/Vishal/BARB/vishal658@axl/UPI,974448566248,,100.95,786639.39
18-May-2025,UPI/DR/513941417576/Airtel/PAYTM/airtel@axis/UPI,005875505292,589.00,,786050.39
18-May-2025,UPI/DR/374724469095/Rapido/PAYTM/rapido@icici/UPI,004921876474,390.25,,785660.14
18-May-2025,POS BHARAT PETROLEUM LUCKNOW,186595894192,"3,900.58",,781759.56
19-May-2025,UPI/CR/036796016191/Vishal/PUNB/vishal.roy@ptaxis/UPI,804044434172,,850.06,782609.62
19-May-2025,UPI/DR/302710511534/Zomato/ICICI/zomato@axisbank/UPI,504853444451,"1,850.34",,780759.28
19-May-2025,UPI/DR/069695390829/Indane/ICICI/indanegas@upi/UPI,394369186981,"2,750.53",,778008.75
19-May-2025,UPI/DR/959516072871/BESCOM/UPIN/bescompayment@upi/UPI,996712422464,"4,050.24",,773958.51
20-May-2025,UPI/DR/660542047312/Dunzo/ICICI/dunzo@razorpay/UPI,413149932981,"1,140.20",,772818.31
20-May-2025,UPI/DR/426309850986/Himanshu/BKID/8274409597@oksbi/UPI,264215254231,"17,100.62",,755717.69
20-May-2025,UPI/DR/306546051027/Rapido/PAYTM/rapido@icici/UPI,153259514744,780.34,,754937.35
21-May-2025,UPI/DR/782329942748/Uber/ICICI/uber@paytm/UPI,611112639441,"1,380.09",,753557.26
22-May-2025,POS SHELL FUEL STATION LUCKNOW,154168944917,"1,550.88",,752006.38
23-May-2025,ATM CASH WITHDRAWAL/08176/LUCKNOW,618226054941,"9,000.00",,743006.38
26-May-2025,ACCOUNT MAINTENANCE FEE,804573967383,300.00,,742706.38
26-May-2025,UPI/DR/010547696954/Airtel/PAYTM/airtel@axis/UPI,497164245661,349.00,,742357.38
26-May-2025,GST ON CHARGES,592011962927,54.00,,742303.38
27-May-2025,UPI/CR/385558296335/Vandana/UTIB/vandana625@okhdfcbank/UPI,435579591257,,"13,000.47",755303.85
27-May-2025,UPI/DR/293435215994/Swiggy/ICICI/swiggy@icici/UPI,471930707242,200.67,,755103.18
28-May-2025,UPI/DR/927026628011/Sangita/KKBK/sangitachau57@ibl/UPI,824896516947,"12,300.32",,742802.86
28-May-2025,UPI/DR/946191575115/Ola/PAYTM/olamoney@ola/UPI,643291230247,170.04,,742632.82
29-May-2025,UPI/DR/597895940306/Ola/PAYTM/olamoney@ola/UPI,463431326793,360.52,,742272.30
29-May-2025,ATM CASH WITHDRAWAL/57697/LUCKNOW,152510556379,"9,000.00",,733272.30
29-May-2025,UPI/DR/000896128913/ACT/RAZORPAY/broadband@paytm/UPI,278187840474,"1,299.00",,731973.30
30-May-2025,UPI/DR/936778304219/Uber/ICICI/uber@paytm/UPI,371016702405,"1,800.81",,730172.49
31-May-2025,UPI/DR/609725619269/BSNL/ICICI/bsnlbroadband@upi/UPI,594437289937,"1,580.33",,728592.16
01-Jun-2025,UPI/DR/030288993162/Naresh/UCBA/nareshbane54@ptsbi/UPI,733555407767,"4,200.73",,724391.43
01-Jun-2025,UPI/DR/787797977538/Meesho/PAYTM/meesho@ybl/UPI,753694780163,"5,950.65",,718440.78
02-Jun-2025,UPI/DR/137577030306/BigBasket/ICICI/bigbasket@ybl/UPI,385214996374,"2,440.90",,715999.88
03-Jun-2025,ATM CASH WITHDRAWAL/94411/LUCKNOW,681386389277,"7,500.00",,708499.88
04-Jun-2025,UPI/DR/339111295963/Zomato/ICICI/zomato@axisbank/UPI,596439280351,830.92,,707668.96
04-Jun-2025,UPI/DR/918296035150/Myntra/PAYTM/myntra@ybl/UPI,810275121712,"3,700.54",,703968.42
05-Jun-2025,UPI/DR/693690461542/Apollo/ICICI/apollopharmacy@ybl/UPI,670982423449,699.00,,703269.42
05-Jun-2025,POS HP PETROL PUMP LUCKNOW,046130838452,"1,500.39",,701769.03
05-Jun-2025,UPI/DR/235916734799/Mamta/UTIB/mamta.patel@apl/UPI,676010546690,"4,250.32",,697518.71
06-Jun-2025,UPI/DR/241485553767/Uber/ICICI/uber@paytm/UPI,930592334540,"2,230.76",,695287.95
06-Jun-2025,UPI/CR/720970854569/Mohit/UTIB/mohit766@aubank/UPI,989799563008,,"19,150.41",714438.36
06-Jun-2025,UPI/DR/362211580248/Ola/PAYTM/olamoney@ola/UPI,554620267236,160.06,,714278.30
06-Jun-2025,UPI/DR/618580815639/Airtel/PAYTM/airtel@axis/UPI,567472609444,949.00,,713329.30
06-Jun-2025,SALARY CREDIT/S0202168391322/Hexaware Technologies,457330431407,,"93,273.59",806602.89
06-Jun-2025,UPI/DR/780084982415/Blinkit/ICICI/blinkit@kotak/UPI,261561103376,"1,380.92",,805221.97
07-Jun-2025,NACH/MANDATE/RNT6122027/RENT MANDATE,645470486657,"19,500.00",,785721.97
07-Jun-2025,UPI/DR/741240480235/BigBasket/ICICI/bigbasket@ybl/UPI,699032634108,"2,600.98",,783120.99
08-Jun-2025,POS INDIAN OIL LUCKNOW,577881059123,"2,900.06",,780220.93
08-Jun-2025,UPI/DR/808800963226/Jio/ICICI/jio@paytm/UPI,740290829046,"2,010.49",,778210.44
08-Jun-2025,UPI/DR/125749973283/Paytm/ICICI/paytm@paytm/UPI,142817020102,890.45,,777319.99
09-Jun-2025,UPI/DR/648700743451/Rahul/UTIB/rahul.yadav@aubank/UPI,261627578969,"16,000.55",,761319.44
09-Jun-2025,NACH/MANDATE/LN876343437275/Tata Capital Finance,994622815570,"17,000.00",,744319.44
10-Jun-2025,UPI/DR/807547409435/Paytm/ICICI/paytm@paytm/UPI,686433363385,"1,880.48",,742438.96
10-Jun-2025,UPI/DR/469305747837/Bajaj/LICI/licindia@licindia/UPI,263361983572,"3,000.00",,739438.96
10-Jun-2025,UPI/DR/611553970837/Meesho/PAYTM/meesho@ybl/UPI,074310843853,"3,700.95",,735738.01
10-Jun-2025,UPI/DR/053742178536/Airtel/PAYTM/airtel@axis/UPI,859291480062,709.00,,735029.01
11-Jun-2025,NACH/MANDATE/SIP3175281/Axis Mutual Fund,157471313770,"15,000.00",,720029.01
11-Jun-2025,UPI/DR/205597522707/Uber/PAYTM/uber@paytm/UPI,120000940173,220.06,,719808.95
11-Jun-2025,UPI/DR/475156507960/Apollo/ICICI/apollopharmacy@ybl/UPI,665150045898,"3,330.21",,716478.74
12-Jun-2025,ATM CASH WITHDRAWAL/97924/LUCKNOW,341518021934,"2,500.00",,713978.74
14-Jun-2025,POS SHELL FUEL STATION LUCKNOW,759368950905,"4,100.75",,709877.99
15-Jun-2025,UPI/DR/496888797960/Jio/ICICI/jio@paytm/UPI,314494437421,"2,510.34",,707367.65
15-Jun-2025,UPI/DR/719026749114/Amazon/ICICI/amazon@apl/UPI,136549708120,440.16,,706927.49
15-Jun-2025,POS STAR BAZAAR LUCKNOW,711805764953,"5,600.78",,701326.71
15-Jun-2025,UPI/DR/219968893636/Swiggy/ICICI/swiggy@icici/UPI,323504460300,"1,150.04",,700176.67
17-Jun-2025,UPI/CR/553136019331/Kamal/KKBK/kamal793@oksbi/UPI,483981866247,,"18,400.88",718577.55
17-Jun-2025,UPI/DR/909041728499/Jio/ICICI/jio@paytm/UPI,623030105871,"1,560.07",,717017.48
17-Jun-2025,UPI/DR/047191286076/Ola/ICICI/olamoney@ola/UPI,305034406087,"2,370.40",,714647.08
17-Jun-2025,UPI/DR/041489537311/PhonePe/ICICI/phonepe@ybl/UPI,085336239418,920.98,,713726.10
18-Jun-2025,UPI/DR/323224505878/BESCOM/UPIN/bescompayment@upi/UPI,284059208684,"2,400.12",,711325.98
18-Jun-2025,UPI/CR/290861163097/Gopal/BKID/gopal119@pthdfc/UPI,316848728728,,"15,350.61",726676.59
20-Jun-2025,UPI/DR/813191963119/Rapido/PAYTM/rapido@icici/UPI,923860578195,130.15,,726546.44
20-Jun-2025,ATM CASH WITHDRAWAL/53536/LUCKNOW,867705584085,"9,000.00",,717546.44
20-Jun-2025,IMPS-828131787314-Tarun Dubey,714868440863,"23,700.92",,693845.52
20-Jun-2025,ATM CASH WITHDRAWAL/58995/LUCKNOW,027924992988,"1,500.00",,692345.52
20-Jun-2025,UPI/DR/803345837740/Zepto/ICICI/zepto@apl/UPI,022168654559,"1,840.48",,690505.04
21-Jun-2025,POS RELIANCE MART LUCKNOW,889404969466,"8,350.65",,682154.39
21-Jun-2025,UPI/DR/119731005173/ACT/RAZORPAY/broadband@paytm/UPI,228136822456,"1,149.00",,681005.39
22-Jun-2025,UPI/DR/938926166428/Mamta/BKID/mamtameno58@upi/UPI,827526714158,"5,250.32",,675755.07
22-Jun-2025,POS SHELL FUEL STATION LUCKNOW,142982506790,"2,750.51",,673004.56
22-Jun-2025,POS MAX FASHION LUCKNOW,256895475222,"8,100.14",,664904.42
23-Jun-2025,UPI/DR/072969240888/Indane/ICICI/indanegas@upi/UPI,156902194820,"2,700.29",,662204.13
24-Jun-2025,POS MORE SUPER MARKET LUCKNOW,501904918687,550.84,,661653.29
26-Jun-2025,POS METRO CASH CARRY LUCKNOW,300564482560,"4,150.67",,657502.62
27-Jun-2025,ATM CASH WITHDRAWAL/32591/LUCKNOW,117379272749,"2,500.00",,655002.62
27-Jun-2025,ATM CASH WITHDRAWAL/33370/LUCKNOW,353627848694,"4,500.00",,650502.62
28-Jun-2025,INTEREST CREDIT,237267139770,,100.25,650602.87
29-Jun-2025,UPI/CR/099201827860/Rajesh/UTIB/rajesh130@oksbi/UPI,524983023231,,"12,050.34",662653.21
29-Jun-2025,UPI/DR/358578613401/Meena/UTIB/meena424@okhdfcbank/UPI,630204569294,"19,600.55",,643052.66
01-Jul-2025,UPI/DR/754080770956/Arun/BARB/arun.joshi@ptsbi/UPI,085424221519,"12,150.04",,630902.62
01-Jul-2025,UPI/DR/351616296620/PhonePe/ICICI/phonepe@ybl/UPI,663296354701,"2,040.36",,628862.26
01-Jul-2025,POS PANTALOONS LUCKNOW,763045391565,"2,050.65",,626811.61
01-Jul-2025,UPI/DR/599770515845/Sumit/BARB/2494481912@ptsbi/UPI,004447165132,"21,800.16",,605011.45
02-Jul-2025,UPI/DR/394484842313/Rapido/PAYTM/rapido@icici/UPI,870777503317,570.52,,604440.93
03-Jul-2025,UPI/DR/842895560494/Uber/ICICI/uber@paytm/UPI,564572479105,"1,810.85",,602630.08
03-Jul-2025,POS MORE SUPER MARKET LUCKNOW,578106226679,"6,950.77",,595679.31
03-Jul-2025,POS METRO CASH CARRY LUCKNOW,675611319930,"6,950.98",,588728.33
04-Jul-2025,POS D MART LUCKNOW,023486335998,"6,600.91",,582127.42
05-Jul-2025,UPI/DR/105716670099/MedPlus/ICICI/medplus@icici/UPI,425037378173,300.77,,581826.65
05-Jul-2025,UPI/DR/910639784105/Rapido/PAYTM/rapido@icici/UPI,758720491708,160.71,,581665.94
06-Jul-2025,UPI/CR/160272834723/Usha/UTIB/usha.chaudhary@okaxis/UPI,920530505741,,"21,950.62",603616.56
06-Jul-2025,UPI/DR/058059643638/Airtel/PAYTM/airtel@axis/UPI,589474864454,619.00,,602997.56
06-Jul-2025,ATM CASH WITHDRAWAL/55791/LUCKNOW,996966205270,"1,500.00",,601497.56
07-Jul-2025,UPI/DR/318306283918/Arun/BKID/arun821@pthdfc/UPI,550589545663,"13,550.28",,587947.28
07-Jul-2025,UPI/DR/019867730259/Airtel/PAYTM/airtel@axis/UPI,949738518657,409.00,,587538.28
07-Jul-2025,SALARY CREDIT/S1642831228907/Hexaware Technologies,530710360947,,"95,588.59",683126.87
07-Jul-2025,IMPS-908616873936-Swati Kulkarni,166695817460,"42,600.27",,640526.60
09-Jul-2025,NACH/MANDATE/LN876343437275/Tata Capital Finance,373321559544,"17,000.00",,623526.60
09-Jul-2025,UPI/CR/008395440588/Rohit/UTIB/rohit.dutta@ibl/UPI,498917561861,,"18,350.69",641877.29
10-Jul-2025,UPI/DR/479067076206/Ola/PAYTM/olamoney@ola/UPI,426659478816,240.33,,641636.96
10-Jul-2025,UPI/CR/972058556996/Kamal/HDFC/kamal564@ptyes/UPI,070790641091,,"14,250.44",655887.40
10-Jul-2025,UPI/DR/628292583779/Ola/PAYTM/olamoney@ola/UPI,012956954655,370.33,,655517.07
10-Jul-2025,UPI/CR/597425511875/Ajay/BARB/ajay597@upi/UPI,725577191442,,"10,950.25",666467.32
10-Jul-2025,UPI/DR/614818293323/BSNL/ICICI/bsnlbroadband@upi/UPI,479135186786,"1,260.80",,665206.52
11-Jul-2025,UPI/CR/874069372854/Isha/FDRL/ishashah64@ybl/UPI,353727520105,,"8,050.42",673256.94
11-Jul-2025,UPI/DR/290085216524/Indane/ICICI/indanegas@upi/UPI,203900566898,"1,300.17",,671956.77
12-Jul-2025,NACH/MANDATE/RNT2982318/RENT MANDATE,431433938562,"19,500.00",,652456.77
12-Jul-2025,UPI/DR/050013812352/ACT/RAZORPAY/broadband@paytm/UPI,339685925374,"1,249.00",,651207.77
13-Jul-2025,POS RELIANCE PETROLEUM LUCKNOW,753331889957,"2,000.37",,649207.40
15-Jul-2025,POS BHARAT PETROLEUM LUCKNOW,704642511361,"2,150.70",,647056.70
15-Jul-2025,UPI/DR/878704493931/Airtel/PAYTM/airtel@axis/UPI,324527636370,429.00,,646627.70
17-Jul-2025,UPI/DR/820982414552/Airtel/PAYTM/airtel@axis/UPI,510794744759,999.00,,645628.70
18-Jul-2025,UPI/DR/922184019917/Renu/SBIN/renusen51@oksbi/UPI,843231953214,"2,350.13",,643278.57
18-Jul-2025,UPI/DR/766998812943/Mahesh/FDRL/mahesh.chopra@okhdfcbank/UPI,251855605871,"6,650.61",,636627.96
18-Jul-2025,UPI/DR/279923142589/Swiggy/ICICI/swiggy@icici/UPI,196950030224,370.11,,636257.85
19-Jul-2025,NACH/MANDATE/SIP1780836/Axis Mutual Fund,316907924411,"15,000.00",,621257.85
19-Jul-2025,UPI/CR/823150559035/Kamal/PUNB/kamal740@axl/UPI,724206163536,,"6,650.18",627908.03
19-Jul-2025,UPI/DR/666670434192/Amazon/ICICI/amazon@apl/UPI,108038520886,650.62,,627257.41
19-Jul-2025,UPI/DR/577770625671/Shivam/BARB/shivam324@okhdfcbank/UPI,364832410456,"6,700.05",,620557.36
20-Jul-2025,UPI/CR/236945405882/Sunil/BDBL/sunilredd12@aubank/UPI,509539736936,,"14,550.38",635107.74
20-Jul-2025,UPI/DR/725956139080/Vandana/PUNB/vandana524@kotak/UPI,472871200739,"6,150.77",,628956.97
21-Jul-2025,POS INDIAN OIL LUCKNOW,535297488719,"3,650.39",,625306.58
21-Jul-2025,UPI/DR/427994358806/Airtel/PAYTM/airtel@axis/UPI,219301351057,359.00,,624947.58
21-Jul-2025,UPI/CR/350357673914/Mukesh/PUNB/mukesh.bose@ibl/UPI,121446544891,,"4,800.91",629748.49
22-Jul-2025,UPI/DR/081602725778/BESCOM/UPIN/bescompayment@upi/UPI,542954425713,"1,250.05",,628498.44
23-Jul-2025,UPI/DR/575145950277/Zepto/ICICI/zepto@apl/UPI,071406495796,740.17,,627758.27
23-Jul-2025,UPI/DR/400005489233/Gopal/BARB/gopal.rao@okaxis/UPI,839701159981,"4,200.22",,623558.05
23-Jul-2025,POS STAR BAZAAR LUCKNOW,364352015047,"7,250.43",,616307.62
24-Jul-2025,UPI/DR/001815851548/Flipkart/ICICI/flipkart@ybl/UPI,764453245181,820.91,,615486.71
24-Jul-2025,UPI/DR/408345539518/Ola/PAYTM/olamoney@ola/UPI,846662883438,110.32,,615376.39
25-Jul-2025,UPI/DR/023043655211/BigBasket/ICICI/bigbasket@ybl/UPI,389592476574,140.14,,615236.25
25-Jul-2025,UPI/DR/278525199639/Priya/UCBA/priya.pillai@aubank/UPI,163412904573,"7,400.08",,607836.17
26-Jul-2025,POS SHOPPERS STOP LUCKNOW,806668842850,"7,650.55",,600185.62
26-Jul-2025,POS D MART LUCKNOW,891011736355,"2,800.85",,597384.77
27-Jul-2025,UPI/DR/289036858051/Blinkit/ICICI/blinkit@kotak/UPI,401972189346,"1,060.29",,596324.48
27-Jul-2025,UPI/DR/006195921150/Meesho/PAYTM/meesho@ybl/UPI,347215910470,"1,050.96",,595273.52
28-Jul-2025,POS V MART LUCKNOW,923464924045,"6,000.26",,589273.26
28-Jul-2025,ATM CASH WITHDRAWAL/56497/LUCKNOW,800951884622,"5,000.00",,584273.26
29-Jul-2025,UPI/CR/220222383674/Maya/UCBA/maya403@axl/UPI,730424354838,,"16,750.10",601023.36
30-Jul-2025,POS RELIANCE PETROLEUM LUCKNOW,568960024982,"1,100.27",,599923.09
31-Jul-2025,UPI/DR/851747393043/BigBasket/ICICI/bigbasket@ybl/UPI,828822751220,200.29,,599722.80
31-Jul-2025,GST ON CHARGES,185164682274,37.80,,599685.00
31-Jul-2025,ACCOUNT MAINTENANCE FEE,855056674489,210.00,,599475.00
03-Aug-2025,POS SHELL FUEL STATION LUCKNOW,394212601715,"2,800.21",,596674.79
03-Aug-2025,UPI/DR/708010963163/Kapil/BKID/kapil442@okicici/UPI,637839651088,"2,550.89",,594123.90
03-Aug-2025,UPI/DR/829571779893/Mohan/BDBL/4945056054@kotak/UPI,438915497407,"19,000.79",,575123.11
04-Aug-2025,UPI/CR/675555277005/Shweta/UCBA/0514616532@okaxis/UPI,306220760451,,"16,400.11",591523.22
05-Aug-2025,UPI/DR/932029515682/Ola/PAYTM/olamoney@ola/UPI,074467359150,310.35,,591212.87
05-Aug-2025,UPI/DR/057139141983/Blinkit/ICICI/blinkit@kotak/UPI,005461074480,"2,620.23",,588592.64
06-Aug-2025,UPI/DR/779190513596/Uber/PAYTM/uber@paytm/UPI,202947405069,770.02,,587822.62
06-Aug-2025,SALARY CREDIT/S4431043269645/Hexaware Technologies,876424426379,,"96,170.59",683993.21
07-Aug-2025,UPI/CR/984414974805/Ajay/PUNB/ajay925@axl/UPI,554309506111,,"3,650.90",687644.11
08-Aug-2025,NACH/MANDATE/RNT0829916/RENT MANDATE,925046984109,"19,500.00",,668144.11
08-Aug-2025,UPI/DR/262483106732/Saurabh/KKBK/saurabh.tiwari@paytm/UPI,415697273417,"10,150.27",,657993.84
09-Aug-2025,UPI/CR/004399399760/Gaurav/BDBL/gaurav.roy@pthdfc/UPI,231217255622,,"17,800.86",675794.70
09-Aug-2025,UPI/DR/435488120411/Uber/ICICI/uber@paytm/UPI,482844184947,"1,550.18",,674244.52
10-Aug-2025,UPI/DR/517475749091/Flipkart/ICICI/flipkart@ybl/UPI,999686031669,"2,550.77",,671693.75
10-Aug-2025,NACH/MANDATE/LN876343437275/Tata Capital Finance,718439741353,"17,000.00",,654693.75
11-Aug-2025,UPI/DR/689988245861/Ola/PAYTM/olamoney@ola/UPI,388359715438,240.73,,654453.02
12-Aug-2025,UPI/DR/720081490356/Airtel/PAYTM/airtel@axis/UPI,947837101009,679.00,,653774.02
12-Aug-2025,POS MAX FASHION LUCKNOW,349801772393,"3,350.65",,650423.37
13-Aug-2025,UPI/CR/676357792182/Mahesh/FDRL/maheshsen24@upi/UPI,425196261240,,"9,200.96",659624.33
13-Aug-2025,UPI/DR/172981350698/Indane/ICICI/indanegas@upi/UPI,718330629790,"1,250.32",,658374.01
13-Aug-2025,UPI/DR/260208491535/Paytm/ICICI/paytm@paytm/UPI,550482970495,"1,770.35",,656603.66
15-Aug-2025,UPI/DR/745673363093/Blinkit/ICICI/blinkit@kotak/UPI,992873472796,"1,660.58",,654943.08
15-Aug-2025,POS SHELL FUEL STATION LUCKNOW,424987102693,"1,850.39",,653092.69
15-Aug-2025,UPI/CR/598225022581/Kapil/UCBA/kapil.gupta@okhdfcbank/UPI,383239872828,,"10,300.24",663392.93
15-Aug-2025,UPI/DR/055617291394/Flipkart/ICICI/flipkart@ybl/UPI,140870158718,670.86,,662722.07
16-Aug-2025,IMPS-668915326223-Rekha Sethi,876081191893,"29,800.59",,632921.48
16-Aug-2025,ATM CASH WITHDRAWAL/00002/LUCKNOW,056580870413,"3,500.00",,629421.48
16-Aug-2025,ATM CASH WITHDRAWAL/65980/LUCKNOW,868779091107,"4,500.00",,624921.48
17-Aug-2025,UPI/DR/393892303820/Shweta/BARB/1184881789@oksbi/UPI,700136037785,"7,200.17",,617721.31
17-Aug-2025,UPI/CR/402737867199/Naveen/HDFC/naveen900@okhdfcbank/UPI,368799349981,,"19,800.19",637521.50
17-Aug-2025,NACH/MANDATE/SIP7881122/Axis Mutual Fund,737475289367,"15,000.00",,622521.50
19-Aug-2025,UPI/DR/601387238892/Ola/PAYTM/olamoney@ola/UPI,515906853133,590.40,,621931.10
19-Aug-2025,POS INDIAN OIL LUCKNOW,752553805877,"2,650.23",,619280.87
20-Aug-2025,IMPS-477041666638-Pallavi Tiwari,190891844443,"28,700.70",,590580.17
20-Aug-2025,UPI/DR/262800219215/Airtel/PAYTM/airtel@axis/UPI,873797240023,919.00,,589661.17
20-Aug-2025,UPI/DR/011276151011/BESCOM/UPIN/bescompayment@upi/UPI,337870190422,"3,550.98",,586110.19
20-Aug-2025,UPI/DR/646757192800/Airtel/PAYTM/airtel@axis/UPI,446345597369,559.00,,585551.19
22-Aug-2025,UPI/DR/945420783123/Ola/ICICI/olamoney@ola/UPI,658213960971,"1,050.11",,584501.08
22-Aug-2025,UPI/DR/029420847489/MakeMyTrip/ICICI/makemytrip@axisbank/UPI,686540815994,599.00,,583902.08
23-Aug-2025,UPI/DR/072402770709/Amazon/PAYTM/amazon@apl/UPI,962865043025,"5,350.42",,578551.66
23-Aug-2025,UPI/DR/256239791759/Flipkart/ICICI/flipkart@ybl/UPI,310475883619,250.96,,578300.70
23-Aug-2025,UPI/DR/439453502792/Uber/ICICI/uber@paytm/UPI,447510502067,"1,050.72",,577249.98
24-Aug-2025,UPI/DR/021433574814/Saurabh/UCBA/saurabhkhan25@pthdfc/UPI,261674607127,"7,000.26",,570249.72
24-Aug-2025,UPI/DR/969287972978/Zepto/ICICI/zepto@apl/UPI,591897309230,"1,390.71",,568859.01
25-Aug-2025,UPI/CR/638068488327/Neha/SBIN/neha.shukla@ybl/UPI,758173791280,,"5,700.19",574559.20
25-Aug-2025,POS STAR BAZAAR LUCKNOW,179296880283,"8,050.35",,566508.85
25-Aug-2025,POS V MART LUCKNOW,742731511791,"8,050.04",,558458.81
27-Aug-2025,UPI/DR/737993149561/Swiggy/ICICI/swiggy@icici/UPI,347321588161,920.41,,557538.40
28-Aug-2025,UPI/CR/467069644741/Shivam/UTIB/shivam575@okicici/UPI,071221232063,,"5,000.68",562539.08
28-Aug-2025,ATM CASH WITHDRAWAL/92242/LUCKNOW,289111749259,"9,000.00",,553539.08
29-Aug-2025,ATM CASH WITHDRAWAL/17208/LUCKNOW,079700320920,"6,000.00",,547539.08
29-Aug-2025,UPI/DR/576916611051/Blinkit/ICICI/blinkit@kotak/UPI,860760905717,"2,120.01",,545419.07
29-Aug-2025,UPI/DR/735787225143/BigBasket/ICICI/bigbasket@ybl/UPI,056492562494,590.28,,544828.79
31-Aug-2025,UPI/DR/188531037441/Gopal/BDBL/gopal810@apl/UPI,140666604004,"5,500.98",,539327.81
31-Aug-2025,POS SHELL FUEL STATION LUCKNOW,615583133354,"1,500.51",,537827.30
01-Sep-2025,UPI/DR/941112548012/Rapido/PAYTM/rapido@icici/UPI,835211575193,720.27,,537107.03
01-Sep-2025,UPI/DR/962581160197/Uber/PAYTM/uber@paytm/UPI,327271364214,590.97,,536516.06
02-Sep-2025,UPI/DR/630358880848/Amazon/ICICI/amazon@apl/UPI,287226231718,"1,730.08",,534785.98
02-Sep-2025,UPI/DR/507226136278/Airtel/PAYTM/airtel@axis/UPI,076476413777,959.00,,533826.98
03-Sep-2025,POS CENTRAL MALL LUCKNOW,190863641750,850.26,,532976.72
03-Sep-2025,UPI/DR/449409161413/Zepto/ICICI/zepto@apl/UPI,507997087708,"1,820.86",,531155.86
04-Sep-2025,UPI/DR/076605864566/Mukesh/FDRL/mukeshsing89@apl/UPI,046767991851,"20,150.88",,511004.98
05-Sep-2025,UPI/CR/133380547946/Naresh/BARB/naresh438@ptsbi/UPI,473154478097,,"16,350.66",527355.64
06-Sep-2025,UPI/DR/334458963968/Zepto/ICICI/zepto@apl/UPI,976136073063,"1,770.02",,525585.62
06-Sep-2025,UPI/DR/598753993373/Rapido/PAYTM/rapido@icici/UPI,730101503164,510.09,,525075.53
07-Sep-2025,UPI/DR/841672273837/Rapido/PAYTM/rapido@icici/UPI,619233082677,680.03,,524395.50
07-Sep-2025,SALARY CREDIT/S8187720509981/Hexaware Technologies,783697003749,,"95,868.59",620264.09
08-Sep-2025,UPI/DR/584432683377/ACT/RAZORPAY/broadband@paytm/UPI,014869914107,749.00,,619515.09
08-Sep-2025,UPI/DR/196574831659/Rahul/FDRL/7875621136@okaxis/UPI,059374031370,"20,400.54",,599114.55
08-Sep-2025,ATM CASH WITHDRAWAL/07293/LUCKNOW,297006502335,"8,500.00",,590614.55
09-Sep-2025,UPI/DR/428730090657/BigBasket/ICICI/bigbasket@ybl/UPI,579374317829,620.26,,589994.29
09-Sep-2025,UPI/CR/307936040730/Pankaj/BDBL/pankaj.mehta@kotak/UPI,873023084500,,"20,250.87",610245.16
09-Sep-2025,UPI/CR/687764445835/Isha/PUNB/3012266564@okicici/UPI,201223237210,,"1,500.82",611745.98
10-Sep-2025,NACH/MANDATE/LN876343437275/Tata Capital Finance,868276855912,"17,000.00",,594745.98
10-Sep-2025,POS BHARAT PETROLEUM LUCKNOW,156671992413,"3,650.58",,591095.40
10-Sep-2025,UPI/DR/063319575176/Bajaj/LICI/licindia@licindia/UPI,199475155833,"3,000.00",,588095.40
12-Sep-2025,UPI/CR/040095747722/Kapil/BKID/kapil.ahuja@ptsbi/UPI,098366447227,,"4,350.14",592445.54
12-Sep-2025,NACH/MANDATE/RNT9646481/RENT MANDATE,953579776481,"19,500.00",,572945.54
12-Sep-2025,UPI/DR/616920461214/Zepto/ICICI/zepto@apl/UPI,268041373629,"1,480.50",,571465.04
12-Sep-2025,POS INDIAN OIL LUCKNOW,970034436161,"2,550.53",,568914.51
12-Sep-2025,UPI/DR/719320031678/Rekha/UCBA/rekha.verma@pthdfc/UPI,091625426895,"5,300.73",,563613.78
12-Sep-2025,UPI/DR/087788890660/Airtel/PAYTM/airtel@axis/UPI,567699910873,709.00,,562904.78
13-Sep-2025,UPI/CR/124055712412/Renu/UCBA/renu.mukherjee@okicici/UPI,691750909383,,"18,650.04",581554.82
14-Sep-2025,UPI/DR/158197709776/BESCOM/UPIN/bescompayment@upi/UPI,618436876031,"3,850.85",,577703.97
15-Sep-2025,UPI/DR/520527655943/Ola/ICICI/olamoney@ola/UPI,268439966790,540.94,,577163.03
15-Sep-2025,UPI/DR/307283039409/Indane/ICICI/indanegas@upi/UPI,902588347595,"1,850.84",,575312.19
15-Sep-2025,NACH/MANDATE/SIP0884761/Axis Mutual Fund,372102984836,"15,000.00",,560312.19
16-Sep-2025,UPI/DR/724218902202/BSNL/ICICI/bsnlbroadband@upi/UPI,165296026901,"1,080.14",,559232.05
16-Sep-2025,ATM CASH WITHDRAWAL/05833/LUCKNOW,342979401276,"6,500.00",,552732.05
16-Sep-2025,ATM CASH WITHDRAWAL/32354/LUCKNOW,318950770996,"3,000.00",,549732.05
16-Sep-2025,UPI/DR/848738873319/Zepto/ICICI/zepto@apl/UPI,921448990089,"1,390.18",,548341.87
17-Sep-2025,UPI/DR/558866661816/Airtel/PAYTM/airtel@axis/UPI,574367589569,839.00,,547502.87
18-Sep-2025,POS BRAND FACTORY LUCKNOW,744690097884,"2,750.60",,544752.27
19-Sep-2025,UPI/DR/959799001963/1mg/ICICI/tatahealth@icici/UPI,052025092241,"1,130.18",,543622.09
19-Sep-2025,UPI/DR/414411988310/Jio/ICICI/jio@paytm/UPI,357098687079,920.75,,542701.34
19-Sep-2025,UPI/DR/797754154125/Myntra/ICICI/myntra@ybl/UPI,266947735416,599.00,,542102.34
19-Sep-2025,POS BHARAT PETROLEUM LUCKNOW,844184343252,"1,950.86",,540151.48
20-Sep-2025,UPI/DR/079976339263/Dunzo/ICICI/dunzo@razorpay/UPI,012513790009,"1,800.75",,538350.73
20-Sep-2025,POS INDIAN OIL LUCKNOW,467702004784,"2,150.83",,536199.90
20-Sep-2025,UPI/DR/339061821711/Swiggy/ICICI/swiggy@icici/UPI,106052144764,"1,880.57",,534319.33
21-Sep-2025,UPI/DR/697492516683/Flipkart/ICICI/flipkart@ybl/UPI,569828184724,"2,200.31",,532119.02
22-Sep-2025,UPI/DR/709935686784/Dunzo/ICICI/dunzo@razorpay/UPI,515696708485,"2,380.51",,529738.51
22-Sep-2025,UPI/CR/551329730877/Radha/FDRL/3049037750@ptyes/UPI,927089973840,,"11,900.37",541638.88
22-Sep-2025,UPI/CR/601494248092/Sushma/SBIN/sushma625@pthdfc/UPI,569063641709,,"16,150.42",557789.30
23-Sep-2025,UPI/DR/345918946183/Preeti/KKBK/preeti983@ptyes/UPI,034523235941,"2,800.25",,554989.05
25-Sep-2025,UPI/DR/369808065552/Mina/UTIB/mina184@ptyes/UPI,936409608607,"9,400.02",,545589.03
25-Sep-2025,UPI/DR/274592339194/Uber/ICICI/uber@paytm/UPI,461496238752,"2,080.46",,543508.57
25-Sep-2025,POS SHOPPERS STOP LUCKNOW,839212074349,"8,350.80",,535157.77
26-Sep-2025,UPI/DR/294934281984/Airtel/PAYTM/airtel@axis/UPI,952143090604,929.00,,534228.77
27-Sep-2025,UPI/DR/792906646659/Rahul/BKID/rahul.gupta@paytm/UPI,125776512375,"20,850.45",,513378.32
27-Sep-2025,POS STAR BAZAAR LUCKNOW,693828277376,"8,500.04",,504878.28
28-Sep-2025,UPI/DR/632231894180/Meesho/PAYTM/meesho@ybl/UPI,706375504013,"4,950.05",,499928.23
28-Sep-2025,IMPS-731012544840-Archana Tiwari,089799211109,"26,100.00",,473828.23
28-Sep-2025,INTEREST CREDIT,588360453306,,80.81,473909.04
01-Oct-2025,UPI/DR/820640691214/Flipkart/PAYTM/flipkart@ybl/UPI,027209079960,"2,400.60",,471508.44
01-Oct-2025,UPI/DR/766368592202/Varsha/PUNB/varshamish80@upi/UPI,465212289937,"11,750.65",,459757.79
02-Oct-2025,UPI/DR/333712156452/Ola/PAYTM/olamoney@ola/UPI,677576851659,430.29,,459327.50
02-Oct-2025,POS HP PETROL PUMP LUCKNOW,731519480503,"2,050.62",,457276.88
02-Oct-2025,POS BIG BAZAAR LUCKNOW,416988850943,"7,250.42",,450026.46
02-Oct-2025,UPI/CR/723360204177/Preeti/UTIB/preetimeno20@ibl/UPI,400653297376,,"1,450.82",451477.28
02-Oct-2025,POS HP PETROL PUMP LUCKNOW,250419154218,"2,400.02",,449077.26
03-Oct-2025,UPI/DR/470716297849/Rapido/PAYTM/rapido@icici/UPI,618955261411,700.90,,448376.36
04-Oct-2025,UPI/DR/744821136472/Kapil/KKBK/kapil246@ptaxis/UPI,034438423968,"3,100.42",,445275.94
04-Oct-2025,POS MAX FASHION LUCKNOW,481020808683,"6,450.84",,438825.10
05-Oct-2025,UPI/DR/416974283345/MedPlus/ICICI/medplus@icici/UPI,462080951963,"2,510.22",,436314.88
05-Oct-2025,UPI/DR/622059286248/Tarun/FDRL/6946944508@pthdfc/UPI,930726655635,"1,900.77",,434414.11
05-Oct-2025,UPI/DR/159231760758/Spotify/ICICI/spotify@icici/UPI,225350355727,749.00,,433665.11
05-Oct-2025,UPI/CR/356471755787/Manish/KKBK/manishgupt64@axl/UPI,061492950369,,"9,550.76",443215.87
06-Oct-2025,UPI/DR/094575614345/BigBasket/ICICI/bigbasket@ybl/UPI,161324022684,"2,040.09",,441175.78
06-Oct-2025,ATM CASH WITHDRAWAL/44403/LUCKNOW,819378803575,"4,500.00",,436675.78
07-Oct-2025,UPI/DR/252542235642/Swiggy/ICICI/swiggy@icici/UPI,814348202461,"1,280.78",,435395.00
07-Oct-2025,SALARY CREDIT/S7396383522472/Hexaware Technologies,171433180602,,"98,329.59",533724.59
08-Oct-2025,UPI/DR/618842483907/ACT/RAZORPAY/broadband@paytm/UPI,802840095107,749.00,,532975.59
08-Oct-2025,NACH/MANDATE/RNT4589461/RENT MANDATE,534683458143,"19,500.00",,513475.59
09-Oct-2025,UPI/DR/653416046391/Ola/PAYTM/olamoney@ola/UPI,382383898894,280.53,,513195.06
09-Oct-2025,UPI/DR/195339623783/Rapido/PAYTM/rapido@icici/UPI,753559917703,780.75,,512414.31
10-Oct-2025,UPI/DR/969990812414/Siddharth/FDRL/siddharthpand64@ybl/UPI,809134999208,"20,450.04",,491964.27
11-Oct-2025,UPI/DR/222659661541/Renu/UCBA/3518458944@ibl/UPI,843558917704,"16,100.62",,475863.65
11-Oct-2025,UPI/CR/873830371675/Rahul/HDFC/rahulrao15@pthdfc/UPI,657957966542,,850.18,476713.83
11-Oct-2025,POS STAR BAZAAR LUCKNOW,340086259763,"6,750.64",,469963.19
11-Oct-2025,UPI/DR/519662593613/Vijay/UCBA/9270774762@okaxis/UPI,751863088529,"3,100.22",,466862.97
11-Oct-2025,UPI/DR/285078831012/Rahul/BKID/rahul.joshi@ptyes/UPI,583571808329,"11,500.28",,455362.69
12-Oct-2025,POS SHOPPERS STOP LUCKNOW,205556396373,"1,850.67",,453512.02
12-Oct-2025,UPI/DR/048389519508/Indane/ICICI/indanegas@upi/UPI,764958868068,"1,150.05",,452361.97
12-Oct-2025,POS D MART LUCKNOW,450838173478,"5,950.92",,446411.05
13-Oct-2025,POS HP PETROL PUMP LUCKNOW,718130448740,"2,050.76",,444360.29
13-Oct-2025,UPI/CR/547544526283/Himanshu/HDFC/himanshu.shah@aubank/UPI,106749680230,,"11,450.28",455810.57
14-Oct-2025,NACH/MANDATE/LN876343437275/Tata Capital Finance,612940987994,"17,000.00",,438810.57
14-Oct-2025,UPI/DR/109023668295/BSNL/ICICI/bsnlbroadband@upi/UPI,101237344066,510.94,,438299.63
14-Oct-2025,UPI/DR/515207023322/Rapido/PAYTM/rapido@icici/UPI,486296139244,580.77,,437718.86
14-Oct-2025,UPI/DR/217298799510/BESCOM/UPIN/bescompayment@upi/UPI,829375374102,"3,150.70",,434568.16
15-Oct-2025,UPI/DR/600902300024/Sneha/PUNB/snehamish58@ptaxis/UPI,825373592433,"1,750.28",,432817.88
15-Oct-2025,UPI/CR/269997703988/Santosh/BARB/santosh469@apl/UPI,345283428071,,"17,800.47",450618.35
15-Oct-2025,UPI/DR/043534167990/PhonePe/ICICI/phonepe@ybl/UPI,301603831154,"2,060.28",,448558.07
16-Oct-2025,NACH/MANDATE/SIP9205308/Axis Mutual Fund,998229799385,"15,000.00",,433558.07
16-Oct-2025,ATM CASH WITHDRAWAL/54360/LUCKNOW,429484413615,"8,000.00",,425558.07
17-Oct-2025,UPI/DR/850757848306/Rajan/HDFC/rajan797@oksbi/UPI,209488336301,"18,150.04",,407408.03
18-Oct-2025,UPI/DR/764015402996/Zomato/ICICI/zomato@axisbank/UPI,907416065041,"1,660.22",,405747.81
18-Oct-2025,UPI/DR/945109987020/Jio/ICICI/jio@paytm/UPI,053128598576,"2,670.82",,403076.99
19-Oct-2025,UPI/CR/593089661725/Priya/BDBL/priyapati63@okhdfcbank/UPI,239260721320,,"5,150.20",408227.19
20-Oct-2025,POS HP PETROL PUMP LUCKNOW,281454988555,"4,100.91",,404126.28
22-Oct-2025,UPI/DR/627395996035/Airtel/PAYTM/airtel@axis/UPI,221687220781,249.00,,403877.28
22-Oct-2025,POS BRAND FACTORY LUCKNOW,388856017223,"6,800.75",,397076.53
24-Oct-2025,UPI/DR/212885382730/Airtel/PAYTM/airtel@axis/UPI,218211405541,919.00,,396157.53
26-Oct-2025,UPI/DR/718944406372/Rapido/PAYTM/rapido@icici/UPI,255060337167,870.31,,395287.22
26-Oct-2025,UPI/CR/314649922518/Sushma/UTIB/4914306497@okicici/UPI,608146579333,,"8,750.32",404037.54
26-Oct-2025,UPI/CR/471449049808/Sunil/UTIB/sunilpati95@pthdfc/UPI,218804396998,,"6,850.39",410887.93
27-Oct-2025,UPI/CR/433299135737/Priya/HDFC/priya.ahuja@pthdfc/UPI,460470309345,,"15,650.79",426538.72
27-Oct-2025,UPI/DR/567091876401/Babita/SBIN/9745042927@kotak/UPI,251495468871,"8,600.65",,417938.07
28-Oct-2025,UPI/DR/236660717965/Rajan/UTIB/rajannaik81@oksbi/UPI,152627250591,"12,300.46",,405637.61
28-Oct-2025,UPI/DR/806415788617/Abhishek/PUNB/abhishek.sethi@okaxis/UPI,647456420461,"4,850.63",,400786.98
28-Oct-2025,UPI/DR/442435761248/Flipkart/ICICI/flipkart@ybl/UPI,478654566984,820.13,,399966.85
30-Oct-2025,POS V MART LUCKNOW,460884050134,"4,500.48",,395466.37
30-Oct-2025,POS PANTALOONS LUCKNOW,489077065576,"2,800.88",,392665.49
31-Oct-2025,UPI/DR/256551952863/Zomato/ICICI/zomato@axisbank/UPI,413121241454,"2,540.69",,390124.80
31-Oct-2025,UPI/DR/877592866997/Shivam/HDFC/shivam327@ibl/UPI,612065590832,"13,150.84",,376973.96
02-Nov-2025,UPI/DR/596676572603/Jio/ICICI/jio@paytm/UPI,044162546976,880.75,,376093.21
03-Nov-2025,POS CENTRAL MALL LUCKNOW,376902634640,"8,000.25",,368092.96
03-Nov-2025,POS CENTRAL MALL LUCKNOW,479199515770,"4,900.73",,363192.23
04-Nov-2025,UPI/CR/309879570123/Geeta/BKID/3136811687@ptyes/UPI,535492906052,,"15,100.99",378293.22
04-Nov-2025,UPI/CR/829257963296/Arjun/UTIB/1923030823@oksbi/UPI,396040690004,,"14,050.59",392343.81
04-Nov-2025,POS SHELL FUEL STATION LUCKNOW,745580832310,"2,250.34",,390093.47
05-Nov-2025,POS INDIAN OIL LUCKNOW,698370053646,"3,750.27",,386343.20
05-Nov-2025,POS V MART LUCKNOW,549978621113,"2,000.97",,384342.23
06-Nov-2025,UPI/DR/554783885771/Asha/UCBA/asha.malhotra@aubank/UPI,566379575871,"11,600.08",,372742.15
07-Nov-2025,UPI/DR/668820340493/Rapido/PAYTM/rapido@icici/UPI,138349173267,180.63,,372561.52
07-Nov-2025,SALARY CREDIT/S8968024390906/Hexaware Technologies,559810876432,,"96,556.59",469118.11
07-Nov-2025,UPI/DR/203354892143/MedPlus/ICICI/medplus@icici/UPI,849041971836,"2,110.19",,467007.92
08-Nov-2025,ATM CASH WITHDRAWAL/51347/LUCKNOW,973361087968,"7,500.00",,459507.92
08-Nov-2025,UPI/DR/064032394899/Maya/SBIN/mayaghos30@okaxis/UPI,283962187499,"20,700.22",,438807.70
08-Nov-2025,UPI/DR/536465237864/Uber/ICICI/uber@paytm/UPI,045141741299,820.00,,437987.70
08-Nov-2025,ATM CASH WITHDRAWAL/46760/LUCKNOW,102569076974,"3,500.00",,434487.70
09-Nov-2025,UPI/DR/898428485337/BigBasket/ICICI/bigbasket@ybl/UPI,752377446365,"1,950.72",,432536.98
09-Nov-2025,NACH/MANDATE/LN876343437275/Tata Capital Finance,356030427410,"17,000.00",,415536.98
10-Nov-2025,UPI/DR/931832122710/Amazon/ICICI/amazon@apl/UPI,310976249733,"1,110.91",,414426.07
11-Nov-2025,UPI/DR/136135384238/Ola/PAYTM/olamoney@ola/UPI,415478929818,480.34,,413945.73
11-Nov-2025,POS VISHAL MEGA MART LUCKNOW,314242575438,"8,100.11",,405845.62
12-Nov-2025,UPI/DR/857853051388/Ola/PAYTM/olamoney@ola/UPI,203992209336,810.27,,405035.35
12-Nov-2025,NACH/MANDATE/RNT4006927/RENT MANDATE,220070127661,"19,500.00",,385535.35
13-Nov-2025,POS BRAND FACTORY LUCKNOW,408278502934,"2,150.27",,383385.08
13-Nov-2025,NACH/MANDATE/SIP2468751/Axis Mutual Fund,223412632102,"15,000.00",,368385.08
14-Nov-2025,UPI/DR/882214728949/MakeMyTrip/ICICI/makemytrip@axisbank/UPI,154872839596,549.00,,367836.08
15-Nov-2025,UPI/DR/154207084160/BESCOM/UPIN/bescompayment@upi/UPI,311319798917,"4,150.99",,363685.09
15-Nov-2025,UPI/DR/076937511529/BigBasket/ICICI/bigbasket@ybl/UPI,033693360000,"2,440.54",,361244.55
15-Nov-2025,UPI/DR/219328687646/ACT/RAZORPAY/broadband@paytm/UPI,143214724200,649.00,,360595.55
16-Nov-2025,POS LIFESTYLE STORES LUCKNOW,353064301327,"2,100.66",,358494.89
17-Nov-2025,NEFT/N1095798799390/Fortis Healthcare Lt,144475741971,,"46,000.06",404494.95
17-Nov-2025,UPI/DR/707325516270/Swiggy/ICICI/swiggy@icici/UPI,536986192720,670.79,,403824.16
18-Nov-2025,ATM CASH WITHDRAWAL/33535/LUCKNOW,222558359967,"4,500.00",,399324.16
19-Nov-2025,UPI/CR/286246868015/Sapna/PUNB/sapnaroy91@upi/UPI,187838097526,,"1,000.09",400324.25
19-Nov-2025,POS BIG BAZAAR LUCKNOW,823896063230,"4,150.99",,396173.26
20-Nov-2025,UPI/CR/911572259491/Siddharth/BDBL/8562604403@axl/UPI,803625148514,,"9,600.95",405774.21
20-Nov-2025,UPI/DR/011894383252/Radha/FDRL/1886034506@okhdfcbank/UPI,235606744781,"11,450.62",,394323.59
22-Nov-2025,UPI/DR/644442641076/Myntra/PAYTM/myntra@ybl/UPI,957511150440,"4,850.52",,389473.07
22-Nov-2025,UPI/DR/749471125326/Vikas/BARB/vikasdube67@paytm/UPI,041944481818,"12,000.61",,377472.46
22-Nov-2025,UPI/DR/265787789977/Blinkit/ICICI/blinkit@kotak/UPI,163028690227,"1,750.34",,375722.12
23-Nov-2025,UPI/DR/788532485147/Uber/PAYTM/uber@paytm/UPI,573095226508,790.35,,374931.77
23-Nov-2025,ATM CASH WITHDRAWAL/22823/LUCKNOW,651764550826,"4,000.00",,370931.77
23-Nov-2025,UPI/DR/296450949066/Flipkart/PAYTM/flipkart@ybl/UPI,985787555982,"2,900.42",,368031.35
23-Nov-2025,UPI/DR/100227790371/Siddharth/KKBK/1843460016@okhdfcbank/UPI,474117141597,"20,850.03",,347181.32
23-Nov-2025,UPI/DR/369302852984/Flipkart/PAYTM/flipkart@ybl/UPI,631165814050,"4,100.54",,343080.78
24-Nov-2025,IMPS-451309729540-Himanshu Pillai,458606513651,"20,100.93",,322979.85
24-Nov-2025,POS SHELL FUEL STATION LUCKNOW,520325105272,"2,950.66",,320029.19
24-Nov-2025,ATM CASH WITHDRAWAL/63334/LUCKNOW,470666463701,"5,000.00",,315029.19
24-Nov-2025,UPI/DR/449054331373/Uber/ICICI/uber@paytm/UPI,990161491620,"1,970.11",,313059.08
25-Nov-2025,UPI/DR/631324808702/Indane/ICICI/indanegas@upi/UPI,516040254511,900.81,,312158.27
25-Nov-2025,UPI/CR/095686287408/Poonam/PUNB/9677437382@axl/UPI,711208237567,,"5,950.03",318108.30
28-Nov-2025,UPI/DR/578809629568/Airtel/PAYTM/airtel@axis/UPI,242788899211,619.00,,317489.30
29-Nov-2025,UPI/DR/243864562756/Airtel/PAYTM/airtel@axis/UPI,452738024093,479.00,,317010.30
29-Nov-2025,POS CENTRAL MALL LUCKNOW,344100028337,"5,800.17",,311210.13
29-Nov-2025,UPI/DR/115599146025/Airtel/PAYTM/airtel@axis/UPI,918805222443,179.00,,311031.13
29-Nov-2025,ATM CASH WITHDRAWAL/04701/LUCKNOW,010066074445,"2,500.00",,308531.13
01-Dec-2025,UPI/CR/041823924850/Shreya/BDBL/shreya.kulkarni@ptaxis/UPI,977704187701,,"17,200.53",325731.66
01-Dec-2025,UPI/CR/884244204747/Usha/KKBK/ushaghos62@ibl/UPI,005871934385,,"6,550.12",332281.78
02-Dec-2025,POS MORE SUPER MARKET LUCKNOW,368154703857,500.80,,331780.98
02-Dec-2025,POS METRO CASH CARRY LUCKNOW,850600575399,950.65,,330830.33
03-Dec-2025,POS BHARAT PETROLEUM LUCKNOW,034661936097,"2,050.13",,328780.20
04-Dec-2025,UPI/DR/857747916409/Bajaj/LICI/licindia@licindia/UPI,558676787299,"3,000.00",,325780.20
04-Dec-2025,UPI/DR/354876071625/Uber/PAYTM/uber@paytm/UPI,566624449535,580.96,,325199.24
04-Dec-2025,UPI/DR/323344018571/Ola/ICICI/olamoney@ola/UPI,620868298284,"2,540.93",,322658.31
05-Dec-2025,UPI/DR/826977251081/Shivam/FDRL/shivam.kulkarni@kotak/UPI,332664240596,"5,500.93",,317157.38
06-Dec-2025,UPI/DR/647719826230/Myntra/PAYTM/myntra@ybl/UPI,354462337808,"4,800.82",,312356.56
06-Dec-2025,ATM CASH WITHDRAWAL/99795/LUCKNOW,351246474626,"2,000.00",,310356.56
06-Dec-2025,UPI/DR/149685854769/Rohit/FDRL/1480108768@pthdfc/UPI,317709389609,"12,900.86",,297455.70
07-Dec-2025,SALARY CREDIT/S4139673069591/Hexaware Technologies,217791094153,,"94,269.59",391725.29
07-Dec-2025,POS SHELL FUEL STATION LUCKNOW,714482563935,"3,850.95",,387874.34
08-Dec-2025,UPI/DR/460496483332/Rapido/PAYTM/rapido@icici/UPI,483862580623,620.40,,387253.94
08-Dec-2025,NACH/MANDATE/RNT4282745/RENT MANDATE,847931759199,"19,500.00",,367753.94
09-Dec-2025,UPI/DR/361693293752/Flipkart/ICICI/flipkart@ybl/UPI,499137877292,"2,270.99",,365482.95
09-Dec-2025,UPI/DR/312718657216/Paytm/ICICI/paytm@paytm/UPI,711693287613,"1,200.83",,364282.12
12-Dec-2025,NACH/MANDATE/LN876343437275/Tata Capital Finance,795586405417,"17,000.00",,347282.12
13-Dec-2025,UPI/DR/916119110835/PhonePe/ICICI/phonepe@ybl/UPI,663587960993,"2,770.71",,344511.41
13-Dec-2025,UPI/DR/232068203836/Girish/PUNB/girish.sethi@pthdfc/UPI,195223240948,"19,950.98",,324560.43
13-Dec-2025,UPI/DR/032047770743/Airtel/PAYTM/airtel@axis/UPI,455917572172,579.00,,323981.43
13-Dec-2025,UPI/DR/615736615670/Meena/PUNB/meena836@upi/UPI,132212351036,"13,950.72",,310030.71
13-Dec-2025,UPI/DR/616830478957/Asha/BKID/asha122@ybl/UPI,007053495272,"14,350.33",,295680.38
14-Dec-2025,UPI/DR/103641731416/Paytm/ICICI/paytm@paytm/UPI,562699907978,820.24,,294860.14
14-Dec-2025,UPI/DR/426917752122/Blinkit/ICICI/blinkit@kotak/UPI,102976706887,"1,250.72",,293609.42
15-Dec-2025,UPI/CR/910656221341/Ritu/PUNB/0594155843@ptaxis/UPI,907874301791,,"20,000.06",313609.48
15-Dec-2025,UPI/DR/677153847555/Ashish/BKID/1491104300@aubank/UPI,233550189504,"10,750.03",,302859.45
16-Dec-2025,UPI/CR/778008963054/Anita/BKID/anita.yadav@paytm/UPI,588358711172,,"3,050.56",305910.01
16-Dec-2025,NACH/MANDATE/SIP0991545/Axis Mutual Fund,754003315424,"15,000.00",,290910.01
17-Dec-2025,ATM CASH WITHDRAWAL/12635/LUCKNOW,974924028053,"7,500.00",,283410.01
17-Dec-2025,UPI/CR/722828766435/Kavya/SBIN/kavya.pillai@ptaxis/UPI,691100043849,,"8,450.30",291860.31
18-Dec-2025,UPI/DR/162187548060/Sunita/KKBK/8186943529@ptaxis/UPI,275592270243,"16,400.94",,275459.37
18-Dec-2025,UPI/DR/550423085692/Ola/PAYTM/olamoney@ola/UPI,485545312770,210.33,,275249.04
19-Dec-2025,UPI/DR/764600131257/Uber/PAYTM/uber@paytm/UPI,800978690271,780.51,,274468.53
19-Dec-2025,UPI/DR/084567697795/BESCOM/UPIN/bescompayment@upi/UPI,966672317000,"1,900.87",,272567.66
19-Dec-2025,UPI/DR/072386890702/Amazon/ICICI/amazon@apl/UPI,573315985838,"1,100.95",,271466.71
19-Dec-2025,ATM CASH WITHDRAWAL/87469/LUCKNOW,168873275929,"8,000.00",,263466.71
20-Dec-2025,UPI/DR/722148845770/Mamta/FDRL/mamta.chopra@ptyes/UPI,776811891167,"15,100.82",,248365.89
21-Dec-2025,UPI/DR/978681007864/Uber/PAYTM/uber@paytm/UPI,207009307274,260.50,,248105.39
21-Dec-2025,UPI/DR/183140751222/Airtel/PAYTM/airtel@axis/UPI,620705976941,519.00,,247586.39
21-Dec-2025,ATM CASH WITHDRAWAL/67397/LUCKNOW,630504293572,"3,500.00",,244086.39
21-Dec-2025,POS METRO CASH CARRY LUCKNOW,931118602274,"7,400.85",,236685.54
21-Dec-2025,UPI/DR/304665869410/Flipkart/ICICI/flipkart@ybl/UPI,227678774740,"1,540.29",,235145.25
21-Dec-2025,UPI/DR/041456811109/Sapna/FDRL/1171029459@paytm/UPI,529528678130,"2,450.50",,232694.75
21-Dec-2025,UPI/DR/544562632961/BSNL/ICICI/bsnlbroadband@upi/UPI,131647335363,"1,940.32",,230754.43
22-Dec-2025,UPI/DR/919691469252/Sanjay/BDBL/2249406646@upi/UPI,616827062504,"13,750.69",,217003.74
22-Dec-2025,UPI/DR/536527220517/Uber/PAYTM/uber@paytm/UPI,601499856315,620.06,,216383.68
22-Dec-2025,UPI/DR/463995315665/BSNL/ICICI/bsnlbroadband@upi/UPI,810551686296,"1,140.83",,215242.85
22-Dec-2025,ATM CASH WITHDRAWAL/71714/LUCKNOW,171246090987,"1,000.00",,214242.85
23-Dec-2025,NEFT/N9106239964745/Patni Computer Syste,993635773921,,"40,500.65",254743.50
24-Dec-2025,UPI/DR/929339107769/MedPlus/ICICI/medplus@icici/UPI,755503911504,"1,160.59",,253582.91
24-Dec-2025,UPI/CR/016434278031/Rekha/PUNB/rekha839@ptaxis/UPI,420578279755,,"3,900.68",257483.59
24-Dec-2025,UPI/DR/479660117617/Sunil/SBIN/7883775636@ptyes/UPI,629220556182,"12,600.06",,244883.53
24-Dec-2025,UPI/DR/727245835878/PhonePe/ICICI/phonepe@ybl/UPI,805668200054,"2,570.19",,242313.34
25-Dec-2025,UPI/DR/216495211389/Jio/ICICI/jio@paytm/UPI,659373964630,"1,870.61",,240442.73
25-Dec-2025,ATM CASH WITHDRAWAL/14775/LUCKNOW,103413323438,"4,500.00",,235942.73
26-Dec-2025,UPI/DR/099592695965/Indane/ICICI/indanegas@upi/UPI,999542531079,"1,050.54",,234892.19
27-Dec-2025,ACCOUNT MAINTENANCE FEE,633360611603,270.00,,234622.19
27-Dec-2025,GST ON CHARGES,848485919752,48.60,,234573.59
28-Dec-2025,INTEREST CREDIT,148303687978,,"1,085.38",235658.97
28-Dec-2025,UPI/DR/890976485632/Flipkart/ICICI/flipkart@ybl/UPI,253178063903,570.01,,235088.96
28-Dec-2025,UPI/DR/866960561016/BigBasket/ICICI/bigbasket@ybl/UPI,120415638827,210.88,,234878.08
29-Dec-2025,UPI/DR/781894618043/Dunzo/ICICI/dunzo@razorpay/UPI,824743110728,"2,200.70",,232677.38
29-Dec-2025,UPI/DR/573931860430/Gopal/PUNB/gopalshah92@ptaxis/UPI,897647195715,"2,200.73",,230476.65
31-Dec-2025,POS PANTALOONS LUCKNOW,584061239637,"4,400.94",,226075.71
01-Jan-2026,UPI/DR/317305189019/Ola/ICICI/olamoney@ola/UPI,448592308236,"1,200.34",,224875.37
01-Jan-2026,UPI/CR/385922305085/Siddharth/SBIN/siddharth.khanna@aubank/UPI,857735154053,,"18,400.03",243275.40
02-Jan-2026,UPI/CR/071296411863/Vishal/BKID/vishal.agarwal@ybl/UPI,384430098580,,"12,950.13",256225.53
02-Jan-2026,UPI/CR/133591306585/Pooja/SBIN/poojakapo57@oksbi/UPI,326510383585,,"8,100.48",264326.01
03-Jan-2026,UPI/DR/945966940409/Airtel/PAYTM/airtel@axis/UPI,473911992517,299.00,,264027.01
03-Jan-2026,UPI/DR/652832768983/Santosh/FDRL/santoshrao93@okhdfcbank/UPI,895308500653,"4,700.00",,259327.01
03-Jan-2026,UPI/DR/582209896823/BigBasket/ICICI/bigbasket@ybl/UPI,792140182739,"1,040.65",,258286.36
03-Jan-2026,UPI/DR/150562733827/Rapido/PAYTM/rapido@icici/UPI,065167507851,680.40,,257605.96
04-Jan-2026,UPI/DR/770268947128/Flipkart/PAYTM/flipkart@ybl/UPI,634385607521,"3,900.46",,253705.50
04-Jan-2026,POS METRO CASH CARRY LUCKNOW,150342638222,"7,450.68",,246254.82
06-Jan-2026,UPI/DR/554057411726/Nykaa/ICICI/nykaa@razorpay/UPI,184424000382,849.00,,245405.82
06-Jan-2026,UPI/DR/295941432945/Airtel/PAYTM/airtel@axis/UPI,516583750535,959.00,,244446.82
06-Jan-2026,SALARY CREDIT/S9165559833491/Hexaware Technologies,692766418686,,"97,696.59",342143.41
07-Jan-2026,UPI/DR/248900817663/Rapido/PAYTM/rapido@icici/UPI,506708208043,430.80,,341712.61
07-Jan-2026,UPI/DR/356002003783/Ola/PAYTM/olamoney@ola/UPI,728882613529,880.27,,340832.34
08-Jan-2026,POS BHARAT PETROLEUM LUCKNOW,822610910991,900.72,,339931.62
09-Jan-2026,POS PANTALOONS LUCKNOW,936481542351,"2,050.46",,337881.16
09-Jan-2026,UPI/DR/514350150437/Amazon/ICICI/amazon@apl/UPI,794904219852,"1,790.70",,336090.46
09-Jan-2026,ATM CASH WITHDRAWAL/68535/LUCKNOW,911880236759,"2,000.00",,334090.46
10-Jan-2026,POS HP PETROL PUMP LUCKNOW,731962497278,"3,350.41",,330740.05
10-Jan-2026,NACH/MANDATE/RNT0220036/RENT MANDATE,511007196167,"19,500.00",,311240.05
10-Jan-2026,UPI/DR/680571792473/BESCOM/UPIN/bescompayment@upi/UPI,589290453856,"1,450.67",,309789.38
10-Jan-2026,UPI/DR/745187281318/Uber/ICICI/uber@paytm/UPI,285193354259,"2,630.43",,307158.95
11-Jan-2026,UPI/CR/476137060413/Vivek/UTIB/vivekgupt85@kotak/UPI,761358927497,,"14,550.12",321709.07
11-Jan-2026,NACH/MANDATE/LN876343437275/Tata Capital Finance,990959905250,"17,000.00",,304709.07
11-Jan-2026,ATM CASH WITHDRAWAL/59241/LUCKNOW,063643912034,"6,500.00",,298209.07
12-Jan-2026,UPI/DR/909121475590/BSNL/ICICI/bsnlbroadband@upi/UPI,421866192951,520.54,,297688.53
12-Jan-2026,UPI/DR/446381607299/MedPlus/ICICI/medplus@icici/UPI,703327308294,350.19,,297338.34
13-Jan-2026,UPI/DR/040923841678/Airtel/PAYTM/airtel@axis/UPI,010354033673,839.00,,296499.34
13-Jan-2026,UPI/DR/295399259354/Zepto/ICICI/zepto@apl/UPI,681053625299,610.18,,295889.16
14-Jan-2026,NEFT/N1689829365208/Lupin Limited,042108282287,,"41,500.90",337390.06
14-Jan-2026,UPI/CR/229725098137/Rahul/SBIN/rahulshah20@ptaxis/UPI,090312331251,,"20,850.59",358240.65
14-Jan-2026,UPI/DR/721367767850/Dunzo/ICICI/dunzo@razorpay/UPI,153765768456,"1,400.62",,356840.03
15-Jan-2026,POS CENTRAL MALL LUCKNOW,305447059681,"3,150.48",,353689.55
15-Jan-2026,UPI/DR/685127204134/BigBasket/ICICI/bigbasket@ybl/UPI,309653915894,"2,030.90",,351658.65
16-Jan-2026,NACH/MANDATE/SIP1586839/Axis Mutual Fund,282053110499,"15,000.00",,336658.65
17-Jan-2026,ATM CASH WITHDRAWAL/16458/LUCKNOW,682906428621,"7,500.00",,329158.65
18-Jan-2026,UPI/DR/329019245024/Indane/ICICI/indanegas@upi/UPI,372829240762,"2,550.12",,326608.53
19-Jan-2026,UPI/DR/074776435713/Blinkit/ICICI/blinkit@kotak/UPI,548957160268,950.31,,325658.22
19-Jan-2026,UPI/DR/483704441903/Uber/ICICI/uber@paytm/UPI,332414817128,"2,400.68",,323257.54
20-Jan-2026,UPI/DR/777382095686/BSNL/ICICI/bsnlbroadband@upi/UPI,437647242146,"1,680.58",,321576.96
20-Jan-2026,ATM CASH WITHDRAWAL/50767/LUCKNOW,008719053049,"1,000.00",,320576.96
20-Jan-2026,UPI/DR/540591048216/Dunzo/ICICI/dunzo@razorpay/UPI,433737820309,"1,740.69",,318836.27
20-Jan-2026,POS MORE SUPER MARKET LUCKNOW,623956802275,"2,600.58",,316235.69
21-Jan-2026,UPI/CR/236783444252/Saurabh/BDBL/5476949552@upi/UPI,959592372906,,"10,300.33",326536.02
22-Jan-2026,POS D MART LUCKNOW,907484041252,"5,850.54",,320685.48
23-Jan-2026,UPI/DR/047015627815/Blinkit/ICICI/blinkit@kotak/UPI,250979704997,"2,280.12",,318405.36
23-Jan-2026,IMPS-936128288751-Gopal Dubey,369518697668,"25,600.33",,292805.03
26-Jan-2026,ATM CASH WITHDRAWAL/68021/LUCKNOW,605668345702,"8,000.00",,284805.03
26-Jan-2026,ATM CASH WITHDRAWAL/91020/LUCKNOW,020789469104,"4,000.00",,280805.03
27-Jan-2026,UPI/DR/449911455393/Kavita/SBIN/kavita.nambiar@kotak/UPI,597708065928,"21,350.67",,259454.36
27-Jan-2026,POS PANTALOONS LUCKNOW,631622639643,"7,900.96",,251553.40
29-Jan-2026,POS MAX FASHION LUCKNOW,685723128973,"2,350.74",,249202.66
29-Jan-2026,UPI/DR/736850665644/Nykaa/PAYTM/nykaa@razorpay/UPI,609712405791,"3,450.77",,245751.89
29-Jan-2026,UPI/DR/877744404319/BSNL/ICICI/bsnlbroadband@upi/UPI,988183321249,430.21,,245321.68
29-Jan-2026,UPI/DR/376992246153/BigBasket/ICICI/bigbasket@ybl/UPI,803000202846,"1,140.75",,244180.93
30-Jan-2026,UPI/CR/356383053334/Sunil/BARB/3748919122@ptsbi/UPI,543399917940,,"11,700.08",255881.01
30-Jan-2026,UPI/DR/427401901217/BSNL/ICICI/bsnlbroadband@upi/UPI,127126917408,"1,890.63",,253990.38
31-Jan-2026,UPI/CR/219420304592/Santosh/BARB/santosh.ahuja@okhdfcbank/UPI,362723744131,,"17,600.32",271590.70
31-Jan-2026,POS RELIANCE PETROLEUM LUCKNOW,393656981045,"2,700.09",,268890.61
02-Feb-2026,ATM CASH WITHDRAWAL/82831/LUCKNOW,106857524507,"6,500.00",,262390.61
02-Feb-2026,UPI/DR/563876018501/Ola/ICICI/olamoney@ola/UPI,147330825393,"1,550.68",,260839.93
03-Feb-2026,UPI/DR/950943260129/Sneha/UCBA/3360986786@apl/UPI,688720682768,450.97,,260388.96
03-Feb-2026,UPI/DR/462726665519/Swiggy/ICICI/swiggy@icici/UPI,036541181497,120.29,,260268.67
03-Feb-2026,UPI/DR/070053312653/Renu/SBIN/renu.kulkarni@okhdfcbank/UPI,320954557673,"14,650.27",,245618.40
04-Feb-2026,UPI/DR/516388942401/Rapido/PAYTM/rapido@icici/UPI,905647158297,380.77,,245237.63
04-Feb-2026,UPI/DR/556063859656/Rapido/PAYTM/rapido@icici/UPI,720430904373,280.74,,244956.89
04-Feb-2026,ATM CASH WITHDRAWAL/07698/LUCKNOW,998541111987,"3,500.00",,241456.89
05-Feb-2026,POS BHARAT PETROLEUM LUCKNOW,955620446331,"3,000.50",,238456.39
05-Feb-2026,UPI/DR/194349624989/Zomato/ICICI/zomato@axisbank/UPI,436765292689,"2,660.84",,235795.55
06-Feb-2026,UPI/DR/163961344349/Seema/HDFC/seema.kapoor@kotak/UPI,954584612146,"5,300.44",,230495.11
06-Feb-2026,UPI/CR/724480835614/Sonia/SBIN/6332719483@apl/UPI,128013966751,,"1,200.06",231695.17
06-Feb-2026,UPI/DR/260818381717/Blinkit/ICICI/blinkit@kotak/UPI,477587489754,"2,140.35",,229554.82
07-Feb-2026,POS PANTALOONS LUCKNOW,479965729821,"3,100.20",,226454.62
07-Feb-2026,ATM CASH WITHDRAWAL/53066/LUCKNOW,329336953938,"2,000.00",,224454.62
07-Feb-2026,SALARY CREDIT/S1926081656712/Hexaware Technologies,644985962488,,"93,095.59",317550.21
08-Feb-2026,UPI/DR/946334203331/Rapido/PAYTM/rapido@icici/UPI,562151195654,560.50,,316989.71
08-Feb-2026,POS D MART LUCKNOW,630696504678,850.68,,316139.03
08-Feb-2026,UPI/DR/762460983664/BSNL/ICICI/bsnlbroadband@upi/UPI,803649875217,"2,090.33",,314048.70
09-Feb-2026,IMPS-341031769980-Anita Shukla,266262707693,"16,900.53",,297148.17
10-Feb-2026,NACH/MANDATE/RNT4349475/RENT MANDATE,165292896568,"19,500.00",,277648.17
10-Feb-2026,UPI/DR/927772226768/Uber/PAYTM/uber@paytm/UPI,271158634167,550.03,,277098.14
11-Feb-2026,UPI/DR/446328217351/Zepto/ICICI/zepto@apl/UPI,754235003510,"1,850.67",,275247.47
11-Feb-2026,NACH/MANDATE/LN876343437275/Tata Capital Finance,740905395291,"17,000.00",,258247.47
11-Feb-2026,UPI/DR/707689787763/Indane/ICICI/indanegas@upi/UPI,744160697427,"1,650.93",,256596.54
12-Feb-2026,POS VISHAL MEGA MART LUCKNOW,926254088227,"8,150.95",,248445.59
12-Feb-2026,UPI/DR/827784497636/MedPlus/ICICI/medplus@icici/UPI,382480695797,"3,300.19",,245145.40
12-Feb-2026,UPI/DR/280590522659/Airtel/PAYTM/airtel@axis/UPI,562625800288,349.00,,244796.40
14-Feb-2026,POS CENTRAL MALL LUCKNOW,238809174313,"3,300.28",,241496.12
15-Feb-2026,UPI/DR/439014744226/PhonePe/ICICI/phonepe@ybl/UPI,434709664496,"1,310.67",,240185.45
16-Feb-2026,UPI/DR/438704860117/Zomato/ICICI/zomato@axisbank/UPI,736077855396,550.14,,239635.31
16-Feb-2026,UPI/CR/179441359931/Krishna/BKID/krishnatiwa63@okicici/UPI,905889079241,,"13,100.20",252735.51
16-Feb-2026,ATM CASH WITHDRAWAL/41776/LUCKNOW,970215206486,"3,500.00",,249235.51
16-Feb-2026,UPI/DR/850707835355/BESCOM/UPIN/bescompayment@upi/UPI,774234498591,"3,850.52",,245384.99
17-Feb-2026,UPI/DR/187923352653/Jio/ICICI/jio@paytm/UPI,577132206854,"1,230.41",,244154.58
18-Feb-2026,ATM CASH WITHDRAWAL/60566/LUCKNOW,528408231906,"2,500.00",,241654.58
18-Feb-2026,POS RELIANCE PETROLEUM LUCKNOW,653827146408,"4,400.13",,237254.45
18-Feb-2026,NACH/MANDATE/SIP9214004/Axis Mutual Fund,417024118186,"15,000.00",,222254.45
19-Feb-2026,UPI/DR/444106712967/Apollo/ICICI/apollopharmacy@ybl/UPI,171411665671,749.00,,221505.45
19-Feb-2026,UPI/DR/844441953225/Airtel/PAYTM/airtel@axis/UPI,123344545287,709.00,,220796.45
19-Feb-2026,UPI/DR/824348686963/PhonePe/ICICI/phonepe@ybl/UPI,782348552950,"2,800.96",,217995.49
20-Feb-2026,UPI/DR/043384600684/Rajan/BARB/rajan.bajaj@kotak/UPI,352385927724,"13,350.70",,204644.79
21-Feb-2026,UPI/DR/192101151794/Rapido/PAYTM/rapido@icici/UPI,880285104193,900.14,,203744.65
22-Feb-2026,UPI/DR/973915578422/Zepto/ICICI/zepto@apl/UPI,535987238609,"1,500.34",,202244.31
22-Feb-2026,UPI/DR/122880880163/Meesho/PAYTM/meesho@ybl/UPI,734609049345,"3,950.75",,198293.56
23-Feb-2026,UPI/DR/777011543012/Uber/ICICI/uber@paytm/UPI,237829464822,"1,290.85",,197002.71
23-Feb-2026,UPI/CR/341679885641/Saurabh/PUNB/1090458396@axl/UPI,296852291619,,"8,750.03",205752.74
25-Feb-2026,UPI/DR/003004017368/Uber/PAYTM/uber@paytm/UPI,860314920110,590.71,,205162.03
25-Feb-2026,UPI/DR/755063131125/ACT/RAZORPAY/broadband@paytm/UPI,202320034631,299.00,,204863.03
25-Feb-2026,UPI/DR/486945538997/Preeti/PUNB/5254597442@ptsbi/UPI,650845800654,"1,500.62",,203362.41
26-Feb-2026,UPI/DR/817663570737/Nykaa/ICICI/nykaa@razorpay/UPI,105135635410,249.00,,203113.41
26-Feb-2026,UPI/DR/323580841446/Meena/BKID/8853468278@ptsbi/UPI,795665080572,"21,650.01",,181463.40
26-Feb-2026,POS PANTALOONS LUCKNOW,654909132304,"1,850.31",,179613.09
26-Feb-2026,UPI/DR/751366053321/Blinkit/ICICI/blinkit@kotak/UPI,550363214690,"1,730.07",,177883.02
27-Feb-2026,POS RELIANCE MART LUCKNOW,700301638367,550.39,,177332.63
28-Feb-2026,UPI/DR/405958297446/BSNL/ICICI/bsnlbroadband@upi/UPI,638176559482,"1,440.54",,175892.09
28-Feb-2026,UPI/DR/579667950354/Zepto/ICICI/zepto@apl/UPI,182652190968,"1,650.24",,174241.85
28-Feb-2026,POS RELIANCE PETROLEUM LUCKNOW,752972921752,"2,100.69",,172141.16
28-Feb-2026,ATM CASH WITHDRAWAL/53693/LUCKNOW,436329571058,"4,000.00",,168141.16
28-Feb-2026,GST ON CHARGES,424203703556,64.80,,168076.36
28-Feb-2026,UPI/DR/287457453469/Ola/ICICI/olamoney@ola/UPI,909721056542,"1,910.63",,166165.73
28-Feb-2026,ACCOUNT MAINTENANCE FEE,207137943990,360.00,,165805.73
01-Mar-2026,POS MAX FASHION LUCKNOW,444965242412,"2,500.54",,163305.19
02-Mar-2026,UPI/CR/084397624873/Sneha/KKBK/sneha502@ptaxis/UPI,056282667793,,"4,550.87",167856.06
02-Mar-2026,UPI/CR/836750224063/Ankit/KKBK/ankit455@pthdfc/UPI,856519665682,,750.69,168606.75
03-Mar-2026,POS VISHAL MEGA MART LUCKNOW,834756221446,"4,600.27",,164006.48
03-Mar-2026,UPI/DR/636967436512/BSNL/ICICI/bsnlbroadband@upi/UPI,053053499798,280.19,,163726.29
03-Mar-2026,UPI/DR/721814588808/Sarita/FDRL/7920777660@okhdfcbank/UPI,728408617640,"12,250.05",,151476.24
03-Mar-2026,POS INDIAN OIL LUCKNOW,097215872110,"4,050.65",,147425.59
04-Mar-2026,POS LIFESTYLE STORES LUCKNOW,708509747793,"3,450.90",,143974.69
05-Mar-2026,UPI/CR/868757435715/Lata/UCBA/latagupt64@ibl/UPI,244802996931,,"16,150.50",160125.19
06-Mar-2026,ATM CASH WITHDRAWAL/31123/LUCKNOW,612150502407,"2,000.00",,158125.19
06-Mar-2026,UPI/DR/602720376576/Airtel/PAYTM/airtel@axis/UPI,125751481118,179.00,,157946.19
06-Mar-2026,UPI/DR/727976822427/Paytm/ICICI/paytm@paytm/UPI,720258362280,"1,040.03",,156906.16
07-Mar-2026,UPI/DR/889758663809/Shreya/BKID/0780679738@ptaxis/UPI,640599863740,"15,850.04",,141056.12
07-Mar-2026,UPI/CR/280852747284/Archana/KKBK/archanadesa59@ptaxis/UPI,305342962604,,"15,450.94",156507.06
07-Mar-2026,SALARY CREDIT/S4309246262720/Hexaware Technologies,144509409493,,"93,811.59",250318.65
07-Mar-2026,UPI/CR/606089976587/Santosh/UTIB/8666738662@okicici/UPI,130801195233,,"11,800.24",262118.89
08-Mar-2026,UPI/DR/172450648170/Mamta/SBIN/9753746972@aubank/UPI,142229456052,"3,300.19",,258818.70
08-Mar-2026,POS RELIANCE MART LUCKNOW,971414960875,"7,600.89",,251217.81
08-Mar-2026,UPI/DR/291460100887/Myntra/ICICI/myntra@ybl/UPI,548582171359,149.00,,251068.81
08-Mar-2026,POS RELIANCE PETROLEUM LUCKNOW,592780295328,950.19,,250118.62
08-Mar-2026,UPI/DR/066369701861/Swiggy/ICICI/swiggy@icici/UPI,472084746510,"2,650.66",,247467.96
08-Mar-2026,UPI/CR/285459764950/Radha/BARB/radha.tiwari@ptyes/UPI,967783260658,,"15,700.20",263168.16
09-Mar-2026,UPI/DR/047465496981/Uber/PAYTM/uber@paytm/UPI,326143759269,590.57,,262577.59
09-Mar-2026,UPI/DR/408215305518/Ola/PAYTM/olamoney@ola/UPI,331008169247,840.64,,261736.95
09-Mar-2026,UPI/DR/707718502135/Swiggy/ICICI/swiggy@icici/UPI,104395890206,"2,660.16",,259076.79
10-Mar-2026,NACH/MANDATE/RNT7845493/RENT MANDATE,195341981465,"19,500.00",,239576.79
10-Mar-2026,UPI/DR/521715088617/Spotify/ICICI/spotify@icici/UPI,928938151988,749.00,,238827.79
11-Mar-2026,UPI/DR/235569895797/Dunzo/ICICI/dunzo@razorpay/UPI,442040020850,"1,650.59",,237177.20
11-Mar-2026,UPI/CR/391795026800/Manish/BKID/5309860579@ptsbi/UPI,787212237118,,"8,700.60",245877.80
11-Mar-2026,UPI/CR/017591820537/Gaurav/BDBL/gaurav.ahuja@aubank/UPI,261663398256,,"2,050.53",247928.33
11-Mar-2026,UPI/DR/821610057930/Bajaj/LICI/licindia@licindia/UPI,958846464698,"3,000.00",,244928.33
11-Mar-2026,UPI/DR/524788470224/Paytm/ICICI/paytm@paytm/UPI,227427455883,"1,310.63",,243617.70
11-Mar-2026,NACH/MANDATE/LN876343437275/Tata Capital Finance,066633218970,"17,000.00",,226617.70
12-Mar-2026,POS BHARAT PETROLEUM LUCKNOW,448413287443,"2,400.26",,224217.44
12-Mar-2026,ATM CASH WITHDRAWAL/59827/LUCKNOW,167010170135,"2,000.00",,222217.44
12-Mar-2026,UPI/DR/537851789921/Uber/ICICI/uber@paytm/UPI,379113773632,"1,480.14",,220737.30
12-Mar-2026,POS CENTRAL MALL LUCKNOW,679110936235,"3,150.75",,217586.55
12-Mar-2026,ATM CASH WITHDRAWAL/61086/LUCKNOW,792942126005,"4,000.00",,213586.55
13-Mar-2026,UPI/DR/012562901165/Amazon/ICICI/amazon@apl/UPI,335462693242,"2,320.04",,211266.51
13-Mar-2026,UPI/DR/566622381762/ACT/RAZORPAY/broadband@paytm/UPI,640692944141,"1,199.00",,210067.51
14-Mar-2026,POS BHARAT PETROLEUM LUCKNOW,813907026981,"2,600.64",,207466.87
14-Mar-2026,UPI/DR/617013649638/Ola/PAYTM/olamoney@ola/UPI,959914618889,810.24,,206656.63
14-Mar-2026,UPI/DR/495010687469/BigBasket/ICICI/bigbasket@ybl/UPI,220031948899,"1,250.15",,205406.48
14-Mar-2026,UPI/CR/996211825445/Rekha/PUNB/rekhasing63@paytm/UPI,068256991725,,"21,050.16",226456.64
14-Mar-2026,UPI/CR/113963953464/Naveen/FDRL/naveen217@upi/UPI,732433379600,,"9,750.75",236207.39
15-Mar-2026,UPI/DR/076972681986/Airtel/PAYTM/airtel@axis/UPI,040938529132,849.00,,235358.39
15-Mar-2026,UPI/DR/691738937634/Manoj/BKID/manoj.pillai@oksbi/UPI,798885893439,"21,400.47",,213957.92
15-Mar-2026,NACH/MANDATE/SIP3201046/Axis Mutual Fund,231805786388,"15,000.00",,198957.92
15-Mar-2026,UPI/DR/458125175853/Mukesh/BARB/mukeshnair12@ybl/UPI,152993397304,"13,100.74",,185857.18
16-Mar-2026,UPI/DR/702384997141/Flipkart/PAYTM/flipkart@ybl/UPI,511053457153,"4,850.43",,181006.75
17-Mar-2026,UPI/DR/742567996347/Ola/PAYTM/olamoney@ola/UPI,441797925602,560.82,,180445.93
17-Mar-2026,UPI/DR/817090911920/BESCOM/UPIN/bescompayment@upi/UPI,557022642965,"3,700.46",,176745.47
17-Mar-2026,UPI/DR/883197986706/Sneha/UTIB/snehashah60@oksbi/UPI,475226525996,"19,850.34",,156895.13
19-Mar-2026,UPI/CR/446792437034/Siddharth/FDRL/siddharth561@kotak/UPI,388504755406,,"7,950.14",164845.27
19-Mar-2026,UPI/DR/732680155482/Airtel/PAYTM/airtel@axis/UPI,987506707717,949.00,,163896.27
20-Mar-2026,UPI/DR/505624869949/Zepto/ICICI/zepto@apl/UPI,801562736850,"1,230.28",,162665.99
20-Mar-2026,UPI/DR/008900424531/Paytm/ICICI/paytm@paytm/UPI,899891496790,790.93,,161875.06
21-Mar-2026,POS V MART LUCKNOW,084393112643,"3,200.37",,158674.69
21-Mar-2026,UPI/CR/910962493370/Rani/UTIB/rani.mehta@okhdfcbank/UPI,259306436164,,"18,550.95",177225.64
22-Mar-2026,UPI/DR/166202823348/Jio/ICICI/jio@paytm/UPI,659057349022,"2,720.63",,174505.01
23-Mar-2026,UPI/CR/798706701826/Harish/BARB/harishpati16@paytm/UPI,994103427394,,"7,450.67",181955.68
23-Mar-2026,UPI/DR/860155223689/Rapido/PAYTM/rapido@icici/UPI,539957661792,250.99,,181704.69
24-Mar-2026,ATM CASH WITHDRAWAL/52627/LUCKNOW,675768867562,"7,500.00",,174204.69
24-Mar-2026,UPI/DR/424925501809/Zomato/ICICI/zomato@axisbank/UPI,573189481445,220.00,,173984.69
25-Mar-2026,POS VISHAL MEGA MART LUCKNOW,371445764527,"7,500.72",,166483.97
25-Mar-2026,UPI/DR/648004160702/Zepto/ICICI/zepto@apl/UPI,577212159345,"2,330.43",,164153.54
26-Mar-2026,INTEREST CREDIT,111234847623,,455.09,164608.63
26-Mar-2026,UPI/DR/548886944645/Airtel/PAYTM/airtel@axis/UPI,205069096733,309.00,,164299.63
26-Mar-2026,UPI/DR/270195366367/Indane/ICICI/indanegas@upi/UPI,815013219952,"1,800.31",,162499.32
27-Mar-2026,POS RELIANCE MART LUCKNOW,156224053859,"4,400.43",,158098.89
28-Mar-2026,UPI/CR/124779323389/Rekha/KKBK/rekha.ghosh@ptsbi/UPI,104471697438,,"7,550.33",165649.22
28-Mar-2026,POS HP PETROL PUMP LUCKNOW,647857034637,"4,050.81",,161598.41
28-Mar-2026,UPI/CR/691551954582/Seema/PUNB/seema.shah@ibl/UPI,806213040882,,"14,750.30",176348.71
28-Mar-2026,UPI/DR/399371971152/Rapido/PAYTM/rapido@icici/UPI,857596493103,500.93,,175847.78
29-Mar-2026,GST ON CHARGES,568442717000,90.00,,175757.78
29-Mar-2026,ACCOUNT MAINTENANCE FEE,012976251081,500.00,,175257.78
29-Mar-2026,UPI/DR/910941969407/MedPlus/ICICI/medplus@icici/UPI,796741080484,880.48,,174377.30
30-Mar-2026,UPI/CR/253370288284/Anil/BDBL/3448119085@okhdfcbank/UPI,137497161010,,"8,900.50",183277.80
30-Mar-2026,UPI/DR/250769367875/Blinkit/ICICI/blinkit@kotak/UPI,094124575173,"1,810.73",,181467.07
31-Mar-2026,UPI/DR/105941772529/Blinkit/ICICI/blinkit@kotak/UPI,990843185361,200.87,,181266.20
31-Mar-2026,UPI/DR/616892324483/BSNL/ICICI/bsnlbroadband@upi/UPI,080465920495,"2,170.54",,179095.66
01-Apr-2026,POS INDIAN OIL LUCKNOW,464555062516,"3,800.13",,175295.53
03-Apr-2026,UPI/DR/274476891704/Flipkart/ICICI/flipkart@ybl/UPI,796236227719,"1,060.08",,174235.45
03-Apr-2026,ATM CASH WITHDRAWAL/03006/LUCKNOW,806575289593,"9,500.00",,164735.45
04-Apr-2026,UPI/DR/019348626258/Uber/PAYTM/uber@paytm/UPI,498047293141,330.01,,164405.44
05-Apr-2026,UPI/DR/098794173787/Paytm/ICICI/paytm@paytm/UPI,004902837548,"1,680.54",,162724.90
05-Apr-2026,UPI/DR/610907524420/Mukesh/KKBK/mukesh.patel@okaxis/UPI,957669052394,"4,050.56",,158674.34
05-Apr-2026,UPI/DR/458175606251/Uber/PAYTM/uber@paytm/UPI,415824907373,150.98,,158523.36
06-Apr-2026,UPI/DR/509809586467/Vishal/PUNB/vishal.chaudhary@paytm/UPI,708930276558,"4,250.88",,154272.48
06-Apr-2026,UPI/DR/572198706925/Nykaa/PAYTM/nykaa@razorpay/UPI,464581584600,"3,850.66",,150421.82
06-Apr-2026,UPI/DR/437657021548/Paytm/ICICI/paytm@paytm/UPI,454066729197,480.21,,149941.61
07-Apr-2026,SALARY CREDIT/S1901444505151/Hexaware Technologies,846652397578,,"94,709.59",244651.20
07-Apr-2026,UPI/DR/097914984791/Rapido/PAYTM/rapido@icici/UPI,653510461817,210.39,,244440.81
07-Apr-2026,UPI/DR/480851935919/BSNL/ICICI/bsnlbroadband@upi/UPI,581443872392,"2,310.80",,242130.01
08-Apr-2026,ATM CASH WITHDRAWAL/52772/LUCKNOW,765661586415,"9,000.00",,233130.01
08-Apr-2026,UPI/DR/046846526986/Swiggy/ICICI/swiggy@icici/UPI,217547328623,180.62,,232949.39
08-Apr-2026,UPI/DR/101840401347/Radha/KKBK/radha.reddy@ptyes/UPI,937679228665,"3,600.30",,229349.09
08-Apr-2026,POS VISHAL MEGA MART LUCKNOW,430269372022,"1,300.56",,228048.53
09-Apr-2026,UPI/DR/258896940999/Swiggy/ICICI/swiggy@icici/UPI,827157467294,"1,340.05",,226708.48
09-Apr-2026,NACH/MANDATE/RNT3010460/RENT MANDATE,198640440250,"19,500.00",,207208.48
09-Apr-2026,UPI/DR/071713327697/BESCOM/UPIN/bescompayment@upi/UPI,905440382831,"1,150.93",,206057.55
10-Apr-2026,UPI/DR/276102302578/Blinkit/ICICI/blinkit@kotak/UPI,642208804172,"2,000.08",,204057.47
11-Apr-2026,UPI/DR/759842629383/Paytm/ICICI/paytm@paytm/UPI,469236982221,"1,880.52",,202176.95
11-Apr-2026,UPI/DR/065520077677/Usha/BDBL/usha136@ptsbi/UPI,076138285080,"9,750.23",,192426.72
11-Apr-2026,UPI/DR/572187256282/Airtel/PAYTM/airtel@axis/UPI,315705028420,679.00,,191747.72
12-Apr-2026,UPI/DR/342165324213/Preeti/SBIN/preetibose61@pthdfc/UPI,082890969053,"16,750.03",,174997.69
12-Apr-2026,POS VISHAL MEGA MART LUCKNOW,191795791527,"1,350.88",,173646.81
15-Apr-2026,UPI/DR/131220142976/Usha/UTIB/1547490064@okhdfcbank/UPI,257339075519,"5,850.66",,167796.15
15-Apr-2026,NACH/MANDATE/LN876343437275/Tata Capital Finance,338018013714,"17,000.00",,150796.15
15-Apr-2026,NACH/MANDATE/SIP6002988/Axis Mutual Fund,609027928469,"15,000.00",,135796.15
16-Apr-2026,POS VISHAL MEGA MART LUCKNOW,194081765383,900.53,,134895.62
17-Apr-2026,UPI/DR/118029777866/Pallavi/KKBK/pallavi735@paytm/UPI,020341889654,"2,750.01",,132145.61
17-Apr-2026,POS BHARAT PETROLEUM LUCKNOW,127112950341,900.39,,131245.22
17-Apr-2026,UPI/DR/247183810791/Jio/ICICI/jio@paytm/UPI,989947724871,440.16,,130805.06
18-Apr-2026,UPI/DR/366020060912/Usha/UCBA/usha671@ptyes/UPI,366447891282,"18,150.28",,112654.78
19-Apr-2026,POS MORE SUPER MARKET LUCKNOW,746684503798,"6,250.26",,106404.52
19-Apr-2026,UPI/DR/614502952905/Kapil/FDRL/kapil.khanna@ptaxis/UPI,536695787239,"5,400.36",,101004.16
20-Apr-2026,POS INDIAN OIL LUCKNOW,446987775535,"3,400.93",,97603.23
20-Apr-2026,UPI/DR/351905842671/Nykaa/ICICI/nykaa@razorpay/UPI,535608765413,449.00,,97154.23
21-Apr-2026,UPI/DR/258612538301/Indane/ICICI/indanegas@upi/UPI,246257010997,"2,500.21",,94654.02
21-Apr-2026,POS VISHAL MEGA MART LUCKNOW,033402404968,"6,550.56",,88103.46
22-Apr-2026,UPI/DR/639219122190/ACT/RAZORPAY/broadband@paytm/UPI,486311133791,349.00,,87754.46
24-Apr-2026,UPI/DR/940212188232/IRCTC/ICICI/irctc@upi/UPI,859986353435,999.00,,86755.46
25-Apr-2026,UPI/DR/190513903839/Pallavi/HDFC/7803911395@ibl/UPI,838897914804,"7,450.79",,79304.67
26-Apr-2026,UPI/DR/966729958141/BigBasket/ICICI/bigbasket@ybl/UPI,607652318873,"1,840.79",,77463.88
27-Apr-2026,UPI/DR/132893923308/Airtel/PAYTM/airtel@axis/UPI,995116176307,899.00,,76564.88
29-Apr-2026,POS HP PETROL PUMP LUCKNOW,581069769512,"1,150.53",,75414.35
30-Apr-2026,UPI/DR/022319626372/Seema/UTIB/seema.naik@okaxis/UPI,242807162646,"21,100.18",,54314.17
30-Apr-2026,POS BIG BAZAAR LUCKNOW,418221067383,"4,250.67",,50063.50
01-May-2026,UPI/DR/812343030626/Kapil/UCBA/8850783865@ybl/UPI,986920710713,"12,850.91",,37212.59
01-May-2026,UPI/DR/703236572229/Flipkart/ICICI/flipkart@ybl/UPI,387049539380,330.39,,36882.20
01-May-2026,UPI/DR/268475816589/Anjali/FDRL/3344611856@apl/UPI,071206274883,"14,950.99",,21931.21
02-May-2026,ATM CASH WITHDRAWAL/14387/LUCKNOW,109763804540,"2,000.00",,19931.21
03-May-2026,UPI/DR/450276037082/Rapido/PAYTM/rapido@icici/UPI,750516543771,780.38,,19150.83
03-May-2026,POS CENTRAL MALL LUCKNOW,095706440587,"1,150.00",,18000.83
05-May-2026,POS HP PETROL PUMP LUCKNOW,574088031446,"1,400.24",,16600.59
05-May-2026,UPI/CR/884629546011/Ravi/BKID/ravichau58@okaxis/UPI,064791859130,,"10,950.17",27550.76
05-May-2026,UPI/DR/817157495935/Airtel/PAYTM/airtel@axis/UPI,306418757961,969.00,,26581.76
06-May-2026,UPI/CR/004879276026/Mahesh/UCBA/5952851669@okaxis/UPI,372080771274,,"16,350.03",42931.79
07-May-2026,SALARY CREDIT/S3543253097022/Hexaware Technologies,328220822813,,"93,915.59",136847.38
08-May-2026,UPI/DR/185566174712/Airtel/PAYTM/airtel@axis/UPI,690083382461,739.00,,136108.38
08-May-2026,UPI/DR/711655935420/Uber/ICICI/uber@paytm/UPI,373304269251,"2,450.83",,133657.55
08-May-2026,UPI/CR/971411398306/Neha/FDRL/neha544@ptaxis/UPI,380547835281,,"12,450.25",146107.80
08-May-2026,POS V MART LUCKNOW,238173903160,"8,150.56",,137957.24
09-May-2026,UPI/DR/904559491917/Airtel/PAYTM/airtel@axis/UPI,717911542032,929.00,,137028.24
09-May-2026,UPI/CR/037715651359/Usha/BKID/usha.jain@okaxis/UPI,131438300166,,"18,000.90",155029.14
09-May-2026,ATM CASH WITHDRAWAL/56884/LUCKNOW,491676563104,"7,500.00",,147529.14
09-May-2026,UPI/DR/623816263361/Manish/BKID/manish.patel@okaxis/UPI,005707415768,"6,950.64",,140578.50
