Bank Name,BANK OF BARODA
Account Number,9791722953307803
Account Holder Name,USHA AHUJA
Branch,SAKET
IFSC Code,BARB0691403
Statement Period,01-12-2024 To 09-05-2026

Date,Description,Ref/ChequeNo,Debit,Credit,Balance
01/12/2024,UPI/CR/232383118358/Ajay/PUNB/ajay412@oksbi/UPI,388979875041,,"19,500.47",160500.63
02/12/2024,ATM CASH WITHDRAWAL/20611/RAJKOT,937460372893,"7,000.00",,153500.63
02/12/2024,UPI/DR/324810596810/Jio/PAYTM/jio@paytm/UPI,105501000382,779.00,,152721.63
02/12/2024,ATM CASH WITHDRAWAL/93741/RAJKOT,316775113410,"3,000.00",,149721.63
03/12/2024,UPI/CR/138998541764/Kiran/KKBK/kirankulk82@paytm/UPI,304057002249,,"9,700.42",159422.05
03/12/2024,UPI/CR/665364008445/Sneha/SBIN/sneha338@apl/UPI,443830672931,,"10,950.39",170372.44
03/12/2024,POS MAX FASHION RAJKOT,061440227566,"7,000.50",,163371.94
03/12/2024,POS D MART RAJKOT,512758092611,"3,850.36",,159521.58
03/12/2024,UPI/DR/870851590219/Anil/BDBL/anil780@axl/UPI,089839684705,"14,850.73",,144670.85
04/12/2024,SALARY CREDIT/S8897975663098/Bajaj Finserv Ltd,998637718655,,"138,885.72",283556.57
04/12/2024,UPI/CR/958275476114/Shweta/KKBK/3786110196@okhdfcbank/UPI,172917025675,,"4,650.37",288206.94
05/12/2024,UPI/DR/418962697300/Flipkart/ICICI/flipkart@ybl/UPI,385343913665,"1,740.09",,286466.85
05/12/2024,UPI/DR/125884702343/Jio/PAYTM/jio@paytm/UPI,169103498897,569.00,,285897.85
06/12/2024,UPI/DR/054431399584/Uber/ICICI/uber@paytm/UPI,039449725631,640.84,,285257.01
06/12/2024,UPI/DR/971906768100/Jio/PAYTM/jio@paytm/UPI,570249742936,359.00,,284898.01
07/12/2024,ATM CASH WITHDRAWAL/69952/RAJKOT,829404522326,"7,000.00",,277898.01
07/12/2024,UPI/DR/615512753338/Rapido/PAYTM/rapido@icici/UPI,927923758346,480.87,,277417.14
07/12/2024,UPI/DR/229830840380/Apollo/ICICI/apollopharmacy@ybl/UPI,858936706359,790.85,,276626.29
07/12/2024,UPI/DR/433205761760/Amazon/ICICI/amazon@apl/UPI,017263156878,790.44,,275835.85
07/12/2024,UPI/DR/280460333670/ICICI/LICI/licindia@licindia/UPI,233508587021,"2,100.00",,273735.85
08/12/2024,UPI/DR/524738483147/Uber/PAYTM/uber@paytm/UPI,560627428777,680.69,,273055.16
09/12/2024,IMPS-956179297590-Asha Shah,742227658469,"6,000.03",,267055.13
09/12/2024,UPI/DR/381761669522/BESCOM/UPIN/bescompayment@upi/UPI,355347702746,"2,450.60",,264604.53
09/12/2024,NACH/MANDATE/RNT8126456/RENT MANDATE,075891122929,"6,500.00",,258104.53
09/12/2024,UPI/DR/739890696360/Myntra/ICICI/myntra@ybl/UPI,920207244452,399.00,,257705.53
10/12/2024,UPI/DR/449166780586/Swiggy/ICICI/swiggy@icici/UPI,745695356156,"2,720.25",,254985.28
11/12/2024,UPI/CR/896805730102/Ramesh/KKBK/8092869864@okicici/UPI,821348692373,,"12,650.64",267635.92
12/12/2024,ATM CASH WITHDRAWAL/48228/RAJKOT,726213262829,"5,000.00",,262635.92
13/12/2024,UPI/DR/199246545095/Indane/ICICI/indanegas@upi/UPI,249027723928,"2,000.87",,260635.05
13/12/2024,POS SHELL FUEL STATION RAJKOT,991741538444,"2,800.63",,257834.42
14/12/2024,POS BRAND FACTORY RAJKOT,397771617360,"1,650.15",,256184.27
15/12/2024,UPI/DR/042190867698/Swiggy/ICICI/swiggy@icici/UPI,757713269130,"2,520.22",,253664.05
15/12/2024,UPI/DR/116244402125/Nykaa/PAYTM/nykaa@razorpay/UPI,205643155918,"2,400.10",,251263.95
18/12/2024,UPI/DR/311752218869/Zomato/ICICI/zomato@axisbank/UPI,784607478130,280.01,,250983.94
19/12/2024,UPI/CR/928204721054/Rajan/BARB/3878229345@ptsbi/UPI,622681515540,,"3,250.41",254234.35
19/12/2024,UPI/CR/930431959636/Vikram/SBIN/vikramkapo44@pthdfc/UPI,638045487653,,"18,200.90",272435.25
19/12/2024,POS RELIANCE PETROLEUM RAJKOT,076241295807,"1,700.50",,270734.75
20/12/2024,UPI/DR/174458807481/Rani/BDBL/raniroy64@okicici/UPI,776432457728,"11,900.94",,258833.81
21/12/2024,IMPS-519305705625-Deepa Iyer,359225943355,"37,600.36",,221233.45
21/12/2024,UPI/DR/009245201045/Paytm/ICICI/paytm@paytm/UPI,701239058509,"1,340.57",,219892.88
21/12/2024,UPI/DR/957893757295/Jio/PAYTM/jio@paytm/UPI,603699259097,539.00,,219353.88
22/12/2024,ATM CASH WITHDRAWAL/34553/RAJKOT,621738363503,"4,000.00",,215353.88
23/12/2024,UPI/DR/671753000221/Jio/PAYTM/jio@paytm/UPI,655309763036,909.00,,214444.88
23/12/2024,UPI/DR/789618800657/Flipkart/PAYTM/flipkart@ybl/UPI,871465284546,"1,600.02",,212844.86
24/12/2024,POS METRO CASH CARRY RAJKOT,556354080474,"1,750.10",,211094.76
24/12/2024,UPI/DR/951005457140/Himanshu/HDFC/4428847769@kotak/UPI,806563025787,"9,050.24",,202044.52
24/12/2024,POS SHOPPERS STOP RAJKOT,776781538869,"4,050.76",,197993.76
24/12/2024,UPI/DR/563198953326/Uber/PAYTM/uber@paytm/UPI,697788292034,480.78,,197512.98
25/12/2024,UPI/DR/266917307864/Dunzo/ICICI/dunzo@razorpay/UPI,345801235554,"1,010.07",,196502.91
26/12/2024,UPI/CR/689986140419/Sachin/UTIB/sachinverm26@axl/UPI,347954663197,,"21,850.75",218353.66
26/12/2024,GST ON CHARGES,702314723004,50.40,,218303.26
26/12/2024,UPI/CR/090320125246/Ajay/HDFC/4418936184@upi/UPI,371967742276,,"5,250.11",223553.37
26/12/2024,UPI/DR/357147176674/Anjali/UCBA/anjali.saxena@axl/UPI,976252002082,"4,650.88",,218902.49
26/12/2024,SMS CHARGES,871152182249,280.00,,218622.49
27/12/2024,INTEREST CREDIT,453836766409,,175.53,218798.02
28/12/2024,UPI/DR/934249218387/Zomato/ICICI/zomato@axisbank/UPI,618597651843,"2,040.16",,216757.86
30/12/2024,UPI/DR/651789883460/Swiggy/ICICI/swiggy@icici/UPI,180702451761,"1,930.99",,214826.87
30/12/2024,UPI/DR/460759906484/Ola/ICICI/olamoney@ola/UPI,083821544953,"1,120.20",,213706.67
30/12/2024,UPI/DR/385486992433/Jio/ICICI/jio@paytm/UPI,336948599850,"1,460.81",,212245.86
31/12/2024,ATM CASH WITHDRAWAL/31315/RAJKOT,294467743884,"8,000.00",,204245.86
31/12/2024,UPI/DR/280313670284/Kiran/UTIB/kiran716@pthdfc/UPI,284409752135,"19,200.26",,185045.60
31/12/2024,UPI/DR/723713451271/Sneha/PUNB/snehaseth14@ybl/UPI,674411128217,"15,750.76",,169294.84
02/01/2025,UPI/DR/000453544048/Rani/BARB/rani.shukla@okaxis/UPI,063666689210,"10,900.90",,158393.94
02/01/2025,UPI/CR/351747618086/Mohit/UTIB/4881203380@apl/UPI,471859019583,,"19,950.36",178344.30
02/01/2025,SALARY CREDIT/S9001819686257/Bajaj Finserv Ltd,441323600900,,"139,861.72",318206.02
03/01/2025,UPI/DR/482903134965/Jio/PAYTM/jio@paytm/UPI,544381279693,439.00,,317767.02
03/01/2025,NACH/MANDATE/RNT6540432/RENT MANDATE,114680729473,"6,500.00",,311267.02
05/01/2025,UPI/DR/186007272240/Rapido/PAYTM/rapido@icici/UPI,045123399533,790.45,,310476.57
06/01/2025,UPI/DR/232188488322/Rajan/BARB/6969773799@ptaxis/UPI,663296301137,"3,200.83",,307275.74
06/01/2025,UPI/CR/267813746586/Naresh/FDRL/naresh498@ptsbi/UPI,137448174227,,"5,050.37",312326.11
07/01/2025,UPI/DR/907079123353/Sapna/FDRL/sapnachop97@oksbi/UPI,589074230199,"4,500.53",,307825.58
08/01/2025,UPI/CR/237703520123/Nisha/UTIB/nisha818@ptsbi/UPI,818596670386,,"5,650.29",313475.87
08/01/2025,UPI/DR/432576639573/Spotify/ICICI/spotify@icici/UPI,727542126073,349.00,,313126.87
08/01/2025,POS BIG BAZAAR RAJKOT,884392084183,"5,450.18",,307676.69
08/01/2025,UPI/DR/063632403677/Nykaa/PAYTM/nykaa@razorpay/UPI,236886343256,"2,300.56",,305376.13
09/01/2025,UPI/DR/505930219838/BESCOM/UPIN/bescompayment@upi/UPI,947739341466,"2,350.84",,303025.29
09/01/2025,UPI/CR/867488463457/Vandana/BARB/vandana.shah@pthdfc/UPI,945278459899,,"15,150.27",318175.56
10/01/2025,UPI/DR/671823218845/Jio/PAYTM/jio@paytm/UPI,998154073594,289.00,,317886.56
10/01/2025,UPI/CR/594001473889/Mohan/BARB/mohan747@kotak/UPI,935844444528,,"17,550.65",335437.21
11/01/2025,POS VISHAL MEGA MART RAJKOT,622255767356,"3,900.62",,331536.59
12/01/2025,ATM CASH WITHDRAWAL/97669/RAJKOT,144685101124,"1,000.00",,330536.59
12/01/2025,UPI/DR/248818011356/Nykaa/PAYTM/nykaa@razorpay/UPI,011482088009,"5,750.72",,324785.87
13/01/2025,POS LIFESTYLE STORES RAJKOT,299372501958,"6,750.34",,318035.53
13/01/2025,POS BHARAT PETROLEUM RAJKOT,168082342058,"2,450.53",,315585.00
16/01/2025,UPI/DR/214944970662/Varun/BKID/varunchop74@pthdfc/UPI,951348507826,"7,850.95",,307734.05
16/01/2025,UPI/DR/192021149876/Ola/ICICI/olamoney@ola/UPI,672267599507,500.53,,307233.52
18/01/2025,UPI/DR/717386003313/Swiggy/ICICI/swiggy@icici/UPI,917567459265,"2,660.37",,304573.15
18/01/2025,UPI/DR/896473631053/Hathway/RAZORPAY/broadband@paytm/UPI,645057738639,"1,249.00",,303324.15
19/01/2025,UPI/DR/526376168054/Sunil/UTIB/sunilmeno29@ptyes/UPI,480794339148,"14,000.09",,289324.06
19/01/2025,UPI/DR/089281896311/Nikhil/UTIB/2984682819@axl/UPI,375481064788,"16,850.49",,272473.57
19/01/2025,ATM CASH WITHDRAWAL/69917/RAJKOT,445888917535,"4,000.00",,268473.57
20/01/2025,UPI/DR/591079794887/Paytm/ICICI/paytm@paytm/UPI,132370281629,430.48,,268043.09
20/01/2025,UPI/DR/730218374296/Zepto/ICICI/zepto@apl/UPI,721391148028,"1,260.19",,266782.90
21/01/2025,UPI/CR/196258948879/Ravi/HDFC/ravi587@ptaxis/UPI,339986352548,,"19,500.86",286283.76
22/01/2025,UPI/DR/795307275346/Indane/ICICI/indanegas@upi/UPI,649168853628,"2,000.20",,284283.56
23/01/2025,UPI/DR/336234191110/Uber/PAYTM/uber@paytm/UPI,042468740943,750.74,,283532.82
24/01/2025,IMPS-124256845977-Shweta Agarwal,571351281341,"6,500.52",,277032.30
25/01/2025,UPI/DR/019774043560/Uber/PAYTM/uber@paytm/UPI,478008211214,500.09,,276532.21
25/01/2025,UPI/DR/558144621313/Mohan/KKBK/mohan404@aubank/UPI,573390566864,"12,800.46",,263731.75
25/01/2025,POS D MART RAJKOT,517725493845,"8,000.40",,255731.35
26/01/2025,POS SHELL FUEL STATION RAJKOT,664981170942,"1,850.27",,253881.08
26/01/2025,SMS CHARGES,281859707568,220.00,,253661.08
26/01/2025,UPI/DR/109202939317/Meesho/PAYTM/meesho@ybl/UPI,311649350338,"5,500.82",,248160.26
26/01/2025,UPI/DR/067768003261/Jio/PAYTM/jio@paytm/UPI,336293471752,729.00,,247431.26
26/01/2025,UPI/DR/372990115790/Zepto/ICICI/zepto@apl/UPI,401715972466,"1,080.80",,246350.46
26/01/2025,GST ON CHARGES,236665129706,39.60,,246310.86
27/01/2025,POS LIFESTYLE STORES RAJKOT,120188677275,"1,350.85",,244960.01
27/01/2025,UPI/DR/364888967446/Zomato/ICICI/zomato@axisbank/UPI,589169255456,"2,050.92",,242909.09
27/01/2025,UPI/DR/784833828528/Swiggy/ICICI/swiggy@icici/UPI,120112556894,290.40,,242618.69
28/01/2025,UPI/DR/754949465338/Prashant/FDRL/2785128300@ptsbi/UPI,853921530883,"13,400.76",,229217.93
30/01/2025,POS RELIANCE PETROLEUM RAJKOT,840586113922,"2,700.68",,226517.25
30/01/2025,UPI/DR/661656477491/Ramesh/FDRL/8937746480@ptyes/UPI,305214916029,"6,050.11",,220467.14
31/01/2025,UPI/DR/741842207774/Paytm/ICICI/paytm@paytm/UPI,892486730967,"1,330.03",,219137.11
31/01/2025,UPI/DR/508440348710/Krishna/BDBL/krishna.chopra@ptsbi/UPI,904226470840,"2,400.61",,216736.50
31/01/2025,UPI/CR/897855843903/Priya/PUNB/priyabaja20@okicici/UPI,498010902939,,"11,100.54",227837.04
01/02/2025,POS D MART RAJKOT,975714675957,"7,000.92",,220836.12
01/02/2025,UPI/DR/612337128272/Rapido/PAYTM/rapido@icici/UPI,096622752424,280.48,,220555.64
01/02/2025,UPI/DR/842569388835/Pooja/BDBL/9114526863@pthdfc/UPI,412489510674,"18,450.98",,202104.66
03/02/2025,UPI/DR/306749399208/Jio/PAYTM/jio@paytm/UPI,899657066540,629.00,,201475.66
03/02/2025,UPI/DR/438113450664/Meesho/PAYTM/meesho@ybl/UPI,934534001675,"3,600.34",,197875.32
03/02/2025,UPI/DR/063741475465/Myntra/PAYTM/myntra@ybl/UPI,988934198975,"4,200.57",,193674.75
03/02/2025,ATM CASH WITHDRAWAL/95990/RAJKOT,470583062418,"9,000.00",,184674.75
04/02/2025,SALARY CREDIT/S9145133723752/Bajaj Finserv Ltd,389935101045,,"140,768.72",325443.47
06/02/2025,UPI/DR/955554931917/Dunzo/ICICI/dunzo@razorpay/UPI,850710198280,"2,130.76",,323312.71
06/02/2025,NACH/MANDATE/RNT9900315/RENT MANDATE,818155139060,"6,500.00",,316812.71
07/02/2025,NEFT/N8646126064118/Oracle Financial Ser,403696909784,,"13,000.84",329813.55
07/02/2025,UPI/DR/915452240935/Blinkit/ICICI/blinkit@kotak/UPI,305305293720,"2,420.52",,327393.03
08/02/2025,UPI/DR/108267599656/Ola/ICICI/olamoney@ola/UPI,014981227908,770.54,,326622.49
08/02/2025,UPI/DR/087805688544/Mohit/BARB/mohitpill58@oksbi/UPI,484454125152,"9,100.23",,317522.26
09/02/2025,UPI/DR/401134523858/Blinkit/ICICI/blinkit@kotak/UPI,329078099369,"1,180.72",,316341.54
10/02/2025,UPI/DR/893756475214/Ola/ICICI/olamoney@ola/UPI,276489759003,"2,350.51",,313991.03
10/02/2025,POS RELIANCE PETROLEUM RAJKOT,485007336983,"2,200.78",,311790.25
10/02/2025,UPI/DR/909635848232/BESCOM/UPIN/bescompayment@upi/UPI,986491878752,"2,600.95",,309189.30
12/02/2025,UPI/DR/815911276943/Meena/HDFC/meenatiwa79@ybl/UPI,225650474930,"15,700.68",,293488.62
12/02/2025,UPI/DR/944918695676/Jio/PAYTM/jio@paytm/UPI,459025197034,429.00,,293059.62
13/02/2025,UPI/DR/871730532643/Ritu/BKID/ritu722@ybl/UPI,969543717699,"3,750.23",,289309.39
14/02/2025,UPI/CR/622095569613/Archana/UTIB/archana.naik@okicici/UPI,489520234133,,"12,750.34",302059.73
14/02/2025,UPI/DR/674032561164/BigBasket/ICICI/bigbasket@ybl/UPI,192793115826,"2,190.34",,299869.39
14/02/2025,UPI/DR/717345267435/Ola/PAYTM/olamoney@ola/UPI,042585100418,700.24,,299169.15
14/02/2025,UPI/DR/052160247833/Indane/ICICI/indanegas@upi/UPI,350356270765,"1,500.35",,297668.80
15/02/2025,POS SHELL FUEL STATION RAJKOT,868254414644,"3,850.91",,293817.89
16/02/2025,UPI/DR/302756245808/Jio/PAYTM/jio@paytm/UPI,740600899353,899.00,,292918.89
16/02/2025,UPI/CR/408928251960/Pallavi/UCBA/4967614649@oksbi/UPI,138008389633,,"9,100.36",302019.25
16/02/2025,POS MORE SUPER MARKET RAJKOT,465779348834,"8,200.27",,293818.98
16/02/2025,UPI/DR/137793703191/Blinkit/ICICI/blinkit@kotak/UPI,847425950601,620.07,,293198.91
18/02/2025,UPI/DR/588280329610/Shweta/BARB/shwetakuma88@okaxis/UPI,609212719902,"10,050.19",,283148.72
19/02/2025,UPI/CR/379869238735/Prashant/BKID/2008345491@apl/UPI,154349133687,,"13,800.42",296949.14
21/02/2025,UPI/DR/136665678329/Anita/SBIN/anita.naik@okicici/UPI,215105622128,"3,850.74",,293098.40
21/02/2025,UPI/DR/323841352523/Rapido/PAYTM/rapido@icici/UPI,864348104916,760.41,,292337.99
22/02/2025,UPI/DR/357165143847/Rapido/PAYTM/rapido@icici/UPI,820049118691,820.88,,291517.11
22/02/2025,UPI/DR/259731686179/Jio/PAYTM/jio@paytm/UPI,781898651910,269.00,,291248.11
23/02/2025,UPI/DR/901986308603/Dunzo/ICICI/dunzo@razorpay/UPI,120585306540,"2,520.37",,288727.74
25/02/2025,ATM CASH WITHDRAWAL/25223/RAJKOT,735758379147,"4,000.00",,284727.74
26/02/2025,UPI/DR/531042340660/Mohan/UCBA/8601272781@apl/UPI,486558342752,"19,350.16",,265377.58
26/02/2025,UPI/DR/293619372662/Neha/HDFC/nehasaxe87@okaxis/UPI,125640443154,"17,800.98",,247576.60
27/02/2025,UPI/CR/835869213522/Gaurav/PUNB/gaurav.sethi@ybl/UPI,048129178637,,"11,000.23",258576.83
27/02/2025,UPI/DR/583115713437/MakeMyTrip/ICICI/makemytrip@axisbank/UPI,713082372248,699.00,,257877.83
28/02/2025,UPI/DR/161495204822/Renu/PUNB/renu862@okhdfcbank/UPI,925193046299,"4,800.69",,253077.14
28/02/2025,UPI/DR/885650558794/Rapido/PAYTM/rapido@icici/UPI,256524559984,440.11,,252637.03
28/02/2025,UPI/DR/117079161886/Uber/ICICI/uber@paytm/UPI,167409612720,"1,190.12",,251446.91
01/03/2025,UPI/DR/861643141039/Poonam/FDRL/poonam.mehta@pthdfc/UPI,446959987966,"17,250.60",,234196.31
01/03/2025,UPI/DR/460988374137/Nykaa/PAYTM/nykaa@razorpay/UPI,651390839535,750.25,,233446.06
02/03/2025,UPI/CR/701437424569/Divya/HDFC/divyashuk34@okicici/UPI,513357597641,,"17,750.23",251196.29
02/03/2025,UPI/DR/261498513514/Jio/PAYTM/jio@paytm/UPI,588683309384,899.00,,250297.29
02/03/2025,POS STAR BAZAAR RAJKOT,442094650670,300.18,,249997.11
02/03/2025,POS LIFESTYLE STORES RAJKOT,666523759095,"2,250.97",,247746.14
03/03/2025,UPI/DR/452294736884/Flipkart/ICICI/flipkart@ybl/UPI,138557483197,"1,580.49",,246165.65
03/03/2025,UPI/CR/266259851699/Saurabh/UCBA/1229297081@okicici/UPI,080895271360,,"17,550.16",263715.81
03/03/2025,UPI/DR/022048484748/Saurabh/BARB/9304110330@ibl/UPI,383380601198,"4,200.81",,259515.00
03/03/2025,SALARY CREDIT/S1120792443111/Bajaj Finserv Ltd,417865392338,,"141,842.72",401357.72
03/03/2025,POS RELIANCE MART RAJKOT,859386011485,"1,150.84",,400206.88
03/03/2025,UPI/DR/392259059760/Uber/PAYTM/uber@paytm/UPI,616605649718,810.63,,399396.25
04/03/2025,UPI/CR/368911709307/Dinesh/BDBL/dinesh600@ptaxis/UPI,851963255131,,"7,050.07",406446.32
04/03/2025,UPI/DR/297728229914/Deepak/BARB/deepakagar63@kotak/UPI,696136118084,"4,900.23",,401546.09
05/03/2025,UPI/DR/118702041416/Isha/BKID/4937880427@upi/UPI,755979442721,"3,900.54",,397645.55
05/03/2025,UPI/DR/934215883236/Ola/PAYTM/olamoney@ola/UPI,451271581130,810.43,,396835.12
06/03/2025,UPI/DR/742082646666/BigBasket/ICICI/bigbasket@ybl/UPI,593345027892,"1,100.22",,395734.90
06/03/2025,POS SHELL FUEL STATION RAJKOT,907060791768,"4,500.54",,391234.36
06/03/2025,UPI/DR/608249866871/Sangita/BKID/5718899373@okicici/UPI,160440473710,"20,650.91",,370583.45
06/03/2025,UPI/DR/171178140384/Zomato/ICICI/zomato@axisbank/UPI,509265544990,580.36,,370003.09
07/03/2025,UPI/CR/931172464316/Sangita/BDBL/sangita.saxena@kotak/UPI,117718345756,,"12,600.06",382603.15
07/03/2025,NACH/MANDATE/RNT8845726/RENT MANDATE,277499659141,"6,500.00",,376103.15
10/03/2025,ATM CASH WITHDRAWAL/22440/RAJKOT,364892471688,"10,000.00",,366103.15
10/03/2025,UPI/DR/782616734856/ICICI/LICI/licindia@licindia/UPI,310433516605,"2,100.00",,364003.15
11/03/2025,ATM CASH WITHDRAWAL/91628/RAJKOT,527010324558,"7,000.00",,357003.15
11/03/2025,POS STAR BAZAAR RAJKOT,777674153001,"4,500.50",,352502.65
11/03/2025,UPI/DR/500667923156/Jio/PAYTM/jio@paytm/UPI,713778131460,659.00,,351843.65
13/03/2025,ATM CASH WITHDRAWAL/55944/RAJKOT,036757696320,"10,000.00",,341843.65
13/03/2025,UPI/DR/973030115172/Indane/ICICI/indanegas@upi/UPI,323117626194,800.71,,341042.94
13/03/2025,UPI/DR/982352869780/Rapido/PAYTM/rapido@icici/UPI,787453228851,510.58,,340532.36
14/03/2025,UPI/DR/982258001475/Rapido/PAYTM/rapido@icici/UPI,323845558853,780.33,,339752.03
14/03/2025,POS STAR BAZAAR RAJKOT,219579476969,"5,800.62",,333951.41
15/03/2025,UPI/DR/614169840365/Anita/BKID/anita.singh@ptyes/UPI,222828405682,"19,550.95",,314400.46
15/03/2025,UPI/DR/658648504705/BESCOM/UPIN/bescompayment@upi/UPI,106674762576,"2,000.28",,312400.18
15/03/2025,UPI/DR/671936418996/BSNL/ICICI/bsnlbroadband@upi/UPI,590189135088,720.32,,311679.86
16/03/2025,ATM CASH WITHDRAWAL/60002/RAJKOT,112922704912,"1,500.00",,310179.86
16/03/2025,UPI/DR/119343346572/Amit/UCBA/5604301603@okhdfcbank/UPI,804108349531,"19,550.20",,290629.66
16/03/2025,UPI/DR/507921526292/PhonePe/ICICI/phonepe@ybl/UPI,111909058452,250.26,,290379.40
16/03/2025,ATM CASH WITHDRAWAL/00110/RAJKOT,311842837201,"4,500.00",,285879.40
16/03/2025,POS RELIANCE MART RAJKOT,146851352813,"3,450.03",,282429.37
17/03/2025,UPI/DR/260702866933/BSNL/ICICI/bsnlbroadband@upi/UPI,535102779971,"1,540.20",,280889.17
17/03/2025,UPI/DR/595109975124/Swiggy/ICICI/swiggy@icici/UPI,781348318857,"2,670.96",,278218.21
17/03/2025,UPI/CR/575362347960/Ritu/FDRL/ritu385@ptsbi/UPI,048126038977,,900.68,279118.89
18/03/2025,UPI/DR/810711881988/Myntra/ICICI/myntra@ybl/UPI,989627460875,999.00,,278119.89
18/03/2025,UPI/CR/669334610401/Rakesh/SBIN/rakeshredd32@okaxis/UPI,111077220603,,"20,050.85",298170.74
19/03/2025,UPI/DR/641676424733/Nykaa/PAYTM/nykaa@razorpay/UPI,287318234146,"2,400.12",,295770.62
19/03/2025,UPI/CR/984519337428/Nikhil/PUNB/nikhilseth26@okaxis/UPI,197053397747,,"16,700.18",312470.80
20/03/2025,UPI/DR/703526247613/Swiggy/ICICI/swiggy@icici/UPI,205446050064,"2,660.27",,309810.53
20/03/2025,POS SHOPPERS STOP RAJKOT,930431633181,"8,000.10",,301810.43
20/03/2025,POS PANTALOONS RAJKOT,047675107184,"8,250.61",,293559.82
20/03/2025,UPI/DR/613501430075/Rapido/PAYTM/rapido@icici/UPI,795645266584,480.48,,293079.34
21/03/2025,POS SHOPPERS STOP RAJKOT,457724495762,"7,350.52",,285728.82
21/03/2025,UPI/DR/763553498173/Seema/UCBA/seema863@pthdfc/UPI,715796940609,"16,150.99",,269577.83
22/03/2025,UPI/DR/642422473345/Rajan/BKID/rajan360@apl/UPI,818189335348,"9,650.80",,259927.03
23/03/2025,UPI/DR/040473593646/Yogesh/HDFC/yogeshnamb21@ptyes/UPI,605210997441,"18,750.96",,241176.07
24/03/2025,ATM CASH WITHDRAWAL/65399/RAJKOT,074341770582,"4,500.00",,236676.07
25/03/2025,UPI/DR/310971991584/Vandana/UCBA/vandana.sethi@ptsbi/UPI,878915990921,"17,600.65",,219075.42
27/03/2025,UPI/DR/238178156235/Jio/PAYTM/jio@paytm/UPI,827628988841,749.00,,218326.42
28/03/2025,INTEREST CREDIT,089095107258,,"1,190.40",219516.82
28/03/2025,UPI/DR/735330302753/Hathway/RAZORPAY/broadband@paytm/UPI,316372337434,549.00,,218967.82
29/03/2025,UPI/DR/009533615826/Ola/ICICI/olamoney@ola/UPI,986156566548,120.47,,218847.35
29/03/2025,UPI/DR/856452071759/Uber/PAYTM/uber@paytm/UPI,104274829650,130.73,,218716.62
30/03/2025,POS SHELL FUEL STATION RAJKOT,650413083972,"1,700.72",,217015.90
31/03/2025,UPI/DR/657582704294/Zomato/ICICI/zomato@axisbank/UPI,528626479260,"1,750.38",,215265.52
01/04/2025,UPI/DR/692110979854/BSNL/ICICI/bsnlbroadband@upi/UPI,825326195584,580.44,,214685.08
01/04/2025,UPI/DR/138151752480/Zomato/ICICI/zomato@axisbank/UPI,285160999885,510.42,,214174.66
02/04/2025,UPI/DR/127506882288/Ola/PAYTM/olamoney@ola/UPI,066162555146,420.28,,213754.38
02/04/2025,UPI/CR/864160158374/Deepak/HDFC/7426143493@ibl/UPI,877248651563,,"20,950.90",234705.28
02/04/2025,UPI/DR/535890560997/Meesho/PAYTM/meesho@ybl/UPI,594806799914,"2,900.28",,231805.00
02/04/2025,UPI/DR/739184964719/Harish/UCBA/8097718055@kotak/UPI,576014342558,"13,100.08",,218704.92
03/04/2025,POS STAR BAZAAR RAJKOT,980395421469,500.13,,218204.79
03/04/2025,UPI/DR/498785485933/Jio/PAYTM/jio@paytm/UPI,620412280111,309.00,,217895.79
03/04/2025,UPI/DR/202447410325/Arjun/FDRL/arjunthap58@ptyes/UPI,700500141446,"5,550.81",,212344.98
04/04/2025,SALARY CREDIT/S8152916202530/Bajaj Finserv Ltd,822608008598,,"137,518.72",349863.70
04/04/2025,UPI/DR/752854437952/Brijesh/BKID/brijesh.ahuja@ptsbi/UPI,229648533474,"20,050.84",,329812.86
05/04/2025,UPI/DR/993820411250/Ola/PAYTM/olamoney@ola/UPI,022335273043,480.09,,329332.77
05/04/2025,POS PANTALOONS RAJKOT,101053096582,900.81,,328431.96
05/04/2025,ATM CASH WITHDRAWAL/68530/RAJKOT,716777690169,"6,500.00",,321931.96
05/04/2025,UPI/DR/403869525308/BSNL/ICICI/bsnlbroadband@upi/UPI,755390367834,360.77,,321571.19
05/04/2025,UPI/DR/004780042487/Paytm/ICICI/paytm@paytm/UPI,991490377094,950.05,,320621.14
06/04/2025,UPI/DR/830988407894/Flipkart/ICICI/flipkart@ybl/UPI,858831102182,"1,100.86",,319520.28
07/04/2025,NACH/MANDATE/RNT9399780/RENT MANDATE,580520335641,"6,500.00",,313020.28
07/04/2025,UPI/DR/286397205734/Uber/PAYTM/uber@paytm/UPI,715226731503,390.44,,312629.84
07/04/2025,UPI/DR/805124817032/Hathway/RAZORPAY/broadband@paytm/UPI,424014389639,"1,099.00",,311530.84
09/04/2025,UPI/DR/884979317240/BESCOM/UPIN/bescompayment@upi/UPI,774766489389,"1,150.34",,310380.50
10/04/2025,UPI/DR/331275110640/Ola/PAYTM/olamoney@ola/UPI,158956298740,590.18,,309790.32
10/04/2025,UPI/DR/652997300733/Meena/FDRL/9648864311@apl/UPI,347398919543,"13,500.80",,296289.52
11/04/2025,ATM CASH WITHDRAWAL/06740/RAJKOT,829473287652,"8,500.00",,287789.52
12/04/2025,POS PANTALOONS RAJKOT,919041885892,"4,100.29",,283689.23
12/04/2025,POS INDIAN OIL RAJKOT,499302878225,"2,850.55",,280838.68
13/04/2025,POS STAR BAZAAR RAJKOT,734093975758,"7,850.22",,272988.46
13/04/2025,UPI/CR/996657629129/Deepa/UCBA/deepa.jain@kotak/UPI,038465061671,,"13,700.27",286688.73
15/04/2025,POS INDIAN OIL RAJKOT,195251547817,"4,450.98",,282237.75
15/04/2025,UPI/DR/357190600091/Flipkart/PAYTM/flipkart@ybl/UPI,144095204888,"4,100.10",,278137.65
16/04/2025,UPI/CR/219874188109/Kunal/KKBK/kunalshar88@okicici/UPI,501571017939,,"13,000.88",291138.53
16/04/2025,UPI/DR/822890979157/Indane/ICICI/indanegas@upi/UPI,073901175722,850.76,,290287.77
16/04/2025,POS BRAND FACTORY RAJKOT,467319047636,"5,800.14",,284487.63
17/04/2025,UPI/DR/959611784459/Arjun/SBIN/arjun.singh@ptaxis/UPI,493791120295,"4,100.07",,280387.56
18/04/2025,UPI/DR/852867531976/BigBasket/ICICI/bigbasket@ybl/UPI,574938974292,"1,350.53",,279037.03
19/04/2025,POS SHOPPERS STOP RAJKOT,807507487027,"2,150.49",,276886.54
19/04/2025,UPI/DR/842520622993/Flipkart/ICICI/flipkart@ybl/UPI,072509368882,170.75,,276715.79
21/04/2025,UPI/DR/544512520590/Flipkart/ICICI/flipkart@ybl/UPI,958257290831,"1,530.27",,275185.52
22/04/2025,IMPS-762276654028-Vivek Kumar,033497654020,"18,400.50",,256785.02
23/04/2025,ATM CASH WITHDRAWAL/98088/RAJKOT,447064895035,"7,500.00",,249285.02
23/04/2025,UPI/CR/899953927855/Vijay/HDFC/7015483014@okhdfcbank/UPI,433425571226,,"4,950.98",254236.00
23/04/2025,UPI/DR/223589243885/Zepto/ICICI/zepto@apl/UPI,628151969568,"1,580.94",,252655.06
23/04/2025,UPI/DR/953230986762/Blinkit/ICICI/blinkit@kotak/UPI,700966089162,"2,800.76",,249854.30
23/04/2025,UPI/DR/598735773485/Blinkit/ICICI/blinkit@kotak/UPI,594235024911,560.70,,249293.60
23/04/2025,POS BIG BAZAAR RAJKOT,802711423374,850.14,,248443.46
23/04/2025,UPI/DR/593970966283/BSNL/ICICI/bsnlbroadband@upi/UPI,638502448558,"1,760.19",,246683.27
23/04/2025,UPI/DR/934543788358/Uber/PAYTM/uber@paytm/UPI,669202068982,470.12,,246213.15
24/04/2025,UPI/DR/663107286450/Suresh/HDFC/suresh.joshi@kotak/UPI,764470030357,"3,050.89",,243162.26
24/04/2025,UPI/CR/671847948479/Preeti/SBIN/1647268138@axl/UPI,106808946931,,"13,950.91",257113.17
26/04/2025,UPI/DR/482175156586/Jio/PAYTM/jio@paytm/UPI,878521597790,589.00,,256524.17
27/04/2025,POS HP PETROL PUMP RAJKOT,757690962037,"3,850.86",,252673.31
28/04/2025,UPI/DR/347698652434/Ola/PAYTM/olamoney@ola/UPI,914231514907,640.16,,252033.15
29/04/2025,UPI/DR/140519566418/Uber/ICICI/uber@paytm/UPI,760040467210,280.01,,251753.14
30/04/2025,UPI/DR/324851458848/BigBasket/ICICI/bigbasket@ybl/UPI,594834743959,"1,910.47",,249842.67
30/04/2025,POS HP PETROL PUMP RAJKOT,453012299985,"2,800.75",,247041.92
01/05/2025,POS RELIANCE MART RAJKOT,027577938662,"2,450.79",,244591.13
01/05/2025,UPI/DR/760706319024/Paytm/ICICI/paytm@paytm/UPI,433038779774,"2,420.50",,242170.63
01/05/2025,UPI/DR/951237729311/Gaurav/BARB/gauravahuj85@ptsbi/UPI,178212459593,"19,700.18",,222470.45
01/05/2025,UPI/DR/429836805141/Zomato/ICICI/zomato@axisbank/UPI,614681532929,620.57,,221849.88
02/05/2025,UPI/CR/198973376750/Pooja/UCBA/4723409006@ptsbi/UPI,554283961383,,"15,050.10",236899.98
02/05/2025,UPI/DR/087942959551/Jio/PAYTM/jio@paytm/UPI,670159238008,609.00,,236290.98
02/05/2025,UPI/CR/578323602489/Babita/PUNB/babita.dutta@upi/UPI,782195693321,,"2,100.10",238391.08
02/05/2025,UPI/DR/552867946026/Jio/PAYTM/jio@paytm/UPI,707298984103,179.00,,238212.08
03/05/2025,UPI/CR/785978287298/Manish/BKID/0416183633@okhdfcbank/UPI,219873656755,,"7,800.25",246012.33
04/05/2025,UPI/CR/135487191966/Vivek/KKBK/vivek417@okhdfcbank/UPI,384138022925,,"11,800.74",257813.07
04/05/2025,SALARY CREDIT/S5892573824958/Bajaj Finserv Ltd,252712072487,,"139,142.72",396955.79
04/05/2025,UPI/DR/554972941960/Netmeds/ICICI/netmeds@paytm/UPI,007787455138,"2,500.12",,394455.67
04/05/2025,UPI/DR/146370692154/Dunzo/ICICI/dunzo@razorpay/UPI,859467170049,"1,440.61",,393015.06
05/05/2025,UPI/DR/584889680760/Ola/PAYTM/olamoney@ola/UPI,831224117779,670.08,,392344.98
06/05/2025,UPI/DR/868210509502/Ola/PAYTM/olamoney@ola/UPI,405072035663,370.04,,391974.94
06/05/2025,UPI/DR/413640892540/BSNL/ICICI/bsnlbroadband@upi/UPI,872681370949,"2,290.68",,389684.26
06/05/2025,UPI/CR/694658353295/Suresh/PUNB/2296150125@okicici/UPI,490070572681,,"9,450.16",399134.42
06/05/2025,UPI/DR/066945575492/Uber/PAYTM/uber@paytm/UPI,263243067097,700.38,,398434.04
06/05/2025,UPI/DR/585790681427/Zomato/ICICI/zomato@axisbank/UPI,150272451035,"1,890.39",,396543.65
06/05/2025,UPI/DR/842158435507/Sarita/FDRL/8803321424@okaxis/UPI,009551376385,"9,400.71",,387142.94
06/05/2025,UPI/DR/422857509279/Apollo/ICICI/apollopharmacy@ybl/UPI,713137790626,149.00,,386993.94
06/05/2025,UPI/DR/962478201629/Jio/PAYTM/jio@paytm/UPI,294566864553,659.00,,386334.94
07/05/2025,POS SHELL FUEL STATION RAJKOT,125178247232,"1,350.64",,384984.30
07/05/2025,POS PANTALOONS RAJKOT,216470241072,"3,550.41",,381433.89
07/05/2025,NACH/MANDATE/RNT7867539/RENT MANDATE,341395910414,"6,500.00",,374933.89
08/05/2025,UPI/DR/083979634128/Dunzo/ICICI/dunzo@razorpay/UPI,684847180106,"1,650.26",,373283.63
09/05/2025,UPI/DR/053183269267/Ola/ICICI/olamoney@ola/UPI,745243554000,"1,330.64",,371952.99
10/05/2025,UPI/DR/844923344026/Rajesh/HDFC/rajeshdube68@okicici/UPI,916366753682,"20,600.54",,351352.45
11/05/2025,UPI/DR/274456272132/Zepto/ICICI/zepto@apl/UPI,232841226698,810.03,,350542.42
12/05/2025,POS HP PETROL PUMP RAJKOT,747681210114,"1,800.62",,348741.80
12/05/2025,UPI/CR/450133432356/Archana/KKBK/archana680@oksbi/UPI,242297442315,,"8,400.59",357142.39
13/05/2025,POS BHARAT PETROLEUM RAJKOT,078181331419,900.98,,356241.41
14/05/2025,UPI/DR/693853540257/Uber/PAYTM/uber@paytm/UPI,687058071706,760.59,,355480.82
15/05/2025,UPI/DR/868663822139/BigBasket/ICICI/bigbasket@ybl/UPI,633803849153,"1,660.44",,353820.38
15/05/2025,UPI/DR/081941921329/PhonePe/ICICI/phonepe@ybl/UPI,454072964901,"2,270.39",,351549.99
15/05/2025,UPI/DR/805821598522/BESCOM/UPIN/bescompayment@upi/UPI,294689711180,850.47,,350699.52
16/05/2025,UPI/DR/314472427845/Jio/PAYTM/jio@paytm/UPI,137583554940,539.00,,350160.52
16/05/2025,UPI/DR/121512114454/Nykaa/PAYTM/nykaa@razorpay/UPI,280570515230,"1,250.83",,348909.69
16/05/2025,UPI/DR/751650122381/Practo/ICICI/practo@paytm/UPI,096552004870,749.00,,348160.69
17/05/2025,POS STAR BAZAAR RAJKOT,864386755320,"1,500.40",,346660.29
18/05/2025,UPI/DR/922132437553/Uber/PAYTM/uber@paytm/UPI,116954887657,450.21,,346210.08
18/05/2025,UPI/DR/195166175843/Priya/FDRL/priya792@aubank/UPI,246086652722,"17,450.60",,328759.48
19/05/2025,UPI/DR/092821397252/Ola/ICICI/olamoney@ola/UPI,223448906710,230.31,,328529.17
19/05/2025,ATM CASH WITHDRAWAL/80275/RAJKOT,992052249003,"10,000.00",,318529.17
20/05/2025,UPI/DR/988654334934/Maya/UTIB/maya478@ptaxis/UPI,490535521176,"16,800.69",,301728.48
20/05/2025,UPI/CR/161955587673/Rajesh/BKID/rajeshseth76@ybl/UPI,205703203139,,"12,750.28",314478.76
20/05/2025,UPI/DR/992101611048/Jio/PAYTM/jio@paytm/UPI,158915569059,459.00,,314019.76
21/05/2025,NEFT/N7692819755253/Lupin Limited,442244503139,,"37,000.36",351020.12
21/05/2025,UPI/DR/887986537745/PhonePe/ICICI/phonepe@ybl/UPI,870197390962,290.21,,350729.91
21/05/2025,UPI/DR/673687937663/Rakesh/PUNB/rakesh.bajaj@ybl/UPI,088511460463,"14,800.37",,335929.54
22/05/2025,UPI/DR/203026341299/Harish/UTIB/8015053984@ibl/UPI,571390882580,"10,650.12",,325279.42
23/05/2025,UPI/DR/426455493957/PhonePe/ICICI/phonepe@ybl/UPI,008588436674,"1,530.62",,323748.80
23/05/2025,UPI/CR/557763039053/Mina/BARB/3817854440@okicici/UPI,438245678811,,"7,750.07",331498.87
23/05/2025,UPI/DR/177790239890/Swiggy/ICICI/swiggy@icici/UPI,402419842714,"1,380.47",,330118.40
23/05/2025,IMPS-379787077177-Ajay Roy,048934770225,"4,300.07",,325818.33
24/05/2025,UPI/DR/268231777411/Indane/ICICI/indanegas@upi/UPI,370127999383,"1,500.45",,324317.88
25/05/2025,UPI/CR/065494886437/Brijesh/HDFC/1253252934@okicici/UPI,698322359359,,"12,900.74",337218.62
25/05/2025,POS LIFESTYLE STORES RAJKOT,043503920508,"2,100.42",,335118.20
25/05/2025,UPI/DR/951560537300/Uber/ICICI/uber@paytm/UPI,321243919095,"1,230.05",,333888.15
25/05/2025,ATM CASH WITHDRAWAL/44891/RAJKOT,440493008416,"3,500.00",,330388.15
25/05/2025,UPI/DR/177020057892/Ajay/BDBL/ajay.shah@paytm/UPI,158162845879,350.19,,330037.96
27/05/2025,POS RELIANCE MART RAJKOT,440163551822,"6,250.26",,323787.70
27/05/2025,UPI/DR/014387709557/Ola/PAYTM/olamoney@ola/UPI,314695622556,600.78,,323186.92
27/05/2025,UPI/DR/037597144832/Gopal/HDFC/gopal.menon@okhdfcbank/UPI,970788039608,"16,800.18",,306386.74
29/05/2025,UPI/DR/434886040813/Zepto/ICICI/zepto@apl/UPI,711663369601,"2,230.01",,304156.73
30/05/2025,UPI/DR/529343237080/Zepto/ICICI/zepto@apl/UPI,622762772615,"2,700.93",,301455.80
31/05/2025,UPI/DR/632597914278/Manoj/FDRL/1693125993@ybl/UPI,522371227184,"9,150.14",,292305.66
31/05/2025,ATM CASH WITHDRAWAL/44859/RAJKOT,330148981483,"1,000.00",,291305.66
01/06/2025,UPI/DR/481813776521/Ola/PAYTM/olamoney@ola/UPI,828309011624,810.28,,290495.38
01/06/2025,POS MAX FASHION RAJKOT,022870764283,"2,100.01",,288395.37
02/06/2025,UPI/DR/369990755021/Netmeds/ICICI/netmeds@paytm/UPI,455317972247,250.98,,288144.39
02/06/2025,UPI/DR/609398332005/Shweta/UCBA/shweta.rao@okicici/UPI,643991482100,"15,100.43",,273043.96
03/06/2025,UPI/DR/627618719517/Shweta/BDBL/shweta654@upi/UPI,621976852409,"5,100.93",,267943.03
04/06/2025,UPI/CR/198979610294/Priya/KKBK/priya.chaudhary@ptsbi/UPI,450141338565,,"18,450.87",286393.90
04/06/2025,POS MORE SUPER MARKET RAJKOT,306472792182,"4,250.80",,282143.10
04/06/2025,SALARY CREDIT/S1497511739246/Bajaj Finserv Ltd,103625855433,,"142,662.72",424805.82
05/06/2025,NACH/MANDATE/RNT6084975/RENT MANDATE,529239154979,"6,500.00",,418305.82
05/06/2025,UPI/DR/601959372671/Hathway/RAZORPAY/broadband@paytm/UPI,859402306745,"1,149.00",,417156.82
05/06/2025,POS SHELL FUEL STATION RAJKOT,565801235598,"1,600.73",,415556.09
05/06/2025,UPI/DR/335379070306/Flipkart/PAYTM/flipkart@ybl/UPI,590747709208,"5,500.53",,410055.56
06/06/2025,UPI/DR/629164608255/Jio/PAYTM/jio@paytm/UPI,582117645273,549.00,,409506.56
06/06/2025,UPI/CR/002799308684/Gaurav/SBIN/gauravpate24@apl/UPI,933873212460,,"5,250.12",414756.68
06/06/2025,POS BHARAT PETROLEUM RAJKOT,521820803338,"4,250.36",,410506.32
07/06/2025,IMPS-I82873386062-BRIJESH YADAV,I82873386062,,"267,978.56",678484.88
08/06/2025,UPI/DR/556121405856/Pooja/SBIN/pooja.das@pthdfc/UPI,725968108331,"16,800.65",,661684.23
09/06/2025,UPI/CR/976575173027/Anjali/UTIB/anjaliredd18@upi/UPI,681342310448,,"7,650.56",669334.79
10/06/2025,UPI/DR/226205001728/Uber/PAYTM/uber@paytm/UPI,825507059158,770.10,,668564.69
10/06/2025,UPI/DR/915647518356/Blinkit/ICICI/blinkit@kotak/UPI,280333272511,"1,570.27",,666994.42
10/06/2025,UPI/DR/818518841377/ICICI/LICI/licindia@licindia/UPI,382868699157,"2,100.00",,664894.42
10/06/2025,UPI/DR/550388172691/BSNL/ICICI/bsnlbroadband@upi/UPI,510300978837,370.00,,664524.42
10/06/2025,UPI/DR/879672111031/Uber/PAYTM/uber@paytm/UPI,678537981001,370.39,,664154.03
11/06/2025,POS PANTALOONS RAJKOT,473877190750,"6,950.85",,657203.18
13/06/2025,ATM CASH WITHDRAWAL/28864/RAJKOT,779492815899,"5,000.00",,652203.18
13/06/2025,ATM CASH WITHDRAWAL/61222/RAJKOT,635194649368,"7,000.00",,645203.18
15/06/2025,UPI/DR/652414419185/Indane/ICICI/indanegas@upi/UPI,730795120843,"1,950.90",,643252.28
16/06/2025,UPI/DR/930216451994/Rahul/KKBK/rahul708@oksbi/UPI,192122609510,"8,200.61",,635051.67
16/06/2025,ATM CASH WITHDRAWAL/60323/RAJKOT,846297291869,"7,500.00",,627551.67
18/06/2025,UPI/DR/284236546328/Sunil/UCBA/sunil593@ptsbi/UPI,460614543184,"4,400.75",,623150.92
19/06/2025,UPI/CR/555363800386/Ankit/UCBA/ankitdube26@paytm/UPI,067754168051,,"3,650.22",626801.14
19/06/2025,UPI/DR/228112901968/Maya/BDBL/7746233797@aubank/UPI,045151640326,"7,950.63",,618850.51
19/06/2025,UPI/DR/401936491262/BSNL/ICICI/bsnlbroadband@upi/UPI,188833297589,220.62,,618629.89
19/06/2025,UPI/DR/090493202679/Ola/PAYTM/olamoney@ola/UPI,858168180341,110.73,,618519.16
19/06/2025,UPI/DR/842261128709/Jio/PAYTM/jio@paytm/UPI,961661695025,349.00,,618170.16
20/06/2025,UPI/DR/293898018108/Blinkit/ICICI/blinkit@kotak/UPI,629008042851,690.35,,617479.81
20/06/2025,UPI/DR/298842192282/Ola/PAYTM/olamoney@ola/UPI,271673037635,240.72,,617239.09
20/06/2025,UPI/DR/124316673597/Zepto/ICICI/zepto@apl/UPI,761999588593,"1,370.64",,615868.45
21/06/2025,UPI/DR/270494054680/Dunzo/ICICI/dunzo@razorpay/UPI,360336054005,"1,850.17",,614018.28
22/06/2025,UPI/DR/509145544601/BESCOM/UPIN/bescompayment@upi/UPI,001855040989,"1,850.02",,612168.26
22/06/2025,UPI/DR/785131109953/Zepto/ICICI/zepto@apl/UPI,159262282584,"2,190.73",,609977.53
23/06/2025,POS HP PETROL PUMP RAJKOT,892427989033,"4,100.02",,605877.51
24/06/2025,UPI/DR/205481564245/PhonePe/ICICI/phonepe@ybl/UPI,360105219165,"1,550.28",,604327.23
25/06/2025,UPI/DR/470215362454/Jio/PAYTM/jio@paytm/UPI,439030026317,889.00,,603438.23
25/06/2025,UPI/CR/265355422046/Swati/BKID/swatishar10@kotak/UPI,503893282500,,"19,000.93",622439.16
27/06/2025,UPI/DR/176645838877/Himanshu/SBIN/6854342044@kotak/UPI,603318481471,"1,900.87",,620538.29
27/06/2025,INTEREST CREDIT,620531171420,,325.22,620863.51
28/06/2025,UPI/DR/892049022164/Zepto/ICICI/zepto@apl/UPI,899024186867,180.38,,620683.13
28/06/2025,UPI/DR/605220686109/Kavita/BDBL/kavita.pillai@ptyes/UPI,532743741158,"21,700.68",,598982.45
28/06/2025,UPI/DR/148073997683/Uber/PAYTM/uber@paytm/UPI,604938013501,540.37,,598442.08
29/06/2025,UPI/DR/668936824750/Pallavi/FDRL/pallaviverm36@upi/UPI,621936106857,"4,150.17",,594291.91
29/06/2025,UPI/CR/843323759613/Sanjay/BKID/sanjay539@kotak/UPI,300057810180,,"16,050.41",610342.32
29/06/2025,UPI/DR/975194988605/Arun/BDBL/arundutt78@aubank/UPI,660260874486,"1,000.20",,609342.12
29/06/2025,UPI/DR/235609895231/Jio/PAYTM/jio@paytm/UPI,958372682477,659.00,,608683.12
01/07/2025,UPI/DR/899665033667/PhonePe/ICICI/phonepe@ybl/UPI,048344375778,"1,530.74",,607152.38
01/07/2025,UPI/CR/899990903678/Ravi/FDRL/ravi627@ibl/UPI,572698124388,,"11,500.70",618653.08
01/07/2025,UPI/CR/633430800236/Meena/UTIB/meena318@aubank/UPI,609759181569,,"12,950.77",631603.85
01/07/2025,UPI/DR/047229421338/PhonePe/ICICI/phonepe@ybl/UPI,244155560162,"1,150.67",,630453.18
02/07/2025,POS METRO CASH CARRY RAJKOT,262472737037,"8,050.24",,622402.94
02/07/2025,UPI/CR/457102771368/Prashant/KKBK/prashantchat50@upi/UPI,926121966848,,"12,800.91",635203.85
04/07/2025,UPI/DR/424548767745/Varsha/BKID/varsha.iyer@ptyes/UPI,877887137974,"18,650.29",,616553.56
04/07/2025,UPI/CR/015186651663/Jyoti/UCBA/jyotiroy22@ybl/UPI,628563208453,,"1,550.21",618103.77
04/07/2025,UPI/DR/775758012210/Flipkart/ICICI/flipkart@ybl/UPI,616974741215,"1,050.25",,617053.52
04/07/2025,SALARY CREDIT/S8787625986249/Bajaj Finserv Ltd,194930764770,,"139,157.72",756211.24
05/07/2025,UPI/DR/967390604495/Uber/ICICI/uber@paytm/UPI,875204911978,"2,050.89",,754160.35
06/07/2025,UPI/DR/628214293404/MakeMyTrip/ICICI/makemytrip@axisbank/UPI,745491111650,199.00,,753961.35
06/07/2025,ATM CASH WITHDRAWAL/30181/RAJKOT,246884817263,"4,000.00",,749961.35
06/07/2025,UPI/DR/113792073304/BigBasket/ICICI/bigbasket@ybl/UPI,259193367121,"1,100.08",,748861.27
07/07/2025,UPI/DR/486016994721/BigBasket/ICICI/bigbasket@ybl/UPI,764672150822,"2,450.54",,746410.73
07/07/2025,UPI/DR/634290296032/Myntra/PAYTM/myntra@ybl/UPI,943678334699,"4,450.70",,741960.03
08/07/2025,NACH/MANDATE/RNT3915001/RENT MANDATE,403126892518,"6,500.00",,735460.03
08/07/2025,UPI/DR/193756903013/Blinkit/ICICI/blinkit@kotak/UPI,213695262397,"1,140.97",,734319.06
08/07/2025,UPI/DR/547174804174/Myntra/PAYTM/myntra@ybl/UPI,500474611145,"5,050.02",,729269.04
09/07/2025,POS BHARAT PETROLEUM RAJKOT,669155829240,"1,150.01",,728119.03
09/07/2025,UPI/DR/238073113590/Jio/ICICI/jio@paytm/UPI,022527775419,"1,820.86",,726298.17
09/07/2025,POS RELIANCE PETROLEUM RAJKOT,109776704186,"2,750.51",,723547.66
10/07/2025,UPI/DR/023258172332/Swiggy/ICICI/swiggy@icici/UPI,759656212764,"1,800.99",,721746.67
11/07/2025,UPI/DR/944463414815/Indane/ICICI/indanegas@upi/UPI,777222332394,"2,700.92",,719045.75
11/07/2025,UPI/DR/068129672843/Dunzo/ICICI/dunzo@razorpay/UPI,826656750710,690.16,,718355.59
11/07/2025,UPI/DR/852194179807/BESCOM/UPIN/bescompayment@upi/UPI,474486307353,"1,800.94",,716554.65
12/07/2025,UPI/DR/195612847811/Kavya/BARB/3596482247@ptaxis/UPI,467498040817,"11,200.43",,705354.22
12/07/2025,UPI/DR/487909163814/Jio/PAYTM/jio@paytm/UPI,382882798411,459.00,,704895.22
13/07/2025,UPI/CR/181892519918/Kamal/UTIB/kamal294@ptyes/UPI,999581226919,,"11,150.72",716045.94
14/07/2025,UPI/DR/710325519406/Jio/PAYTM/jio@paytm/UPI,646174023256,419.00,,715626.94
14/07/2025,POS RELIANCE PETROLEUM RAJKOT,299820328754,900.31,,714726.63
14/07/2025,UPI/CR/951645500717/Rakesh/BDBL/rakesh.nambiar@okicici/UPI,766509659947,,"16,200.74",730927.37
15/07/2025,ATM CASH WITHDRAWAL/95085/RAJKOT,972330850729,"1,500.00",,729427.37
15/07/2025,ATM CASH WITHDRAWAL/49596/RAJKOT,804373751433,"6,000.00",,723427.37
15/07/2025,UPI/DR/907563707917/Jio/PAYTM/jio@paytm/UPI,794033981044,359.00,,723068.37
16/07/2025,POS STAR BAZAAR RAJKOT,829841933980,"4,500.11",,718568.26
17/07/2025,UPI/DR/940191388214/BigBasket/ICICI/bigbasket@ybl/UPI,854387646479,760.13,,717808.13
17/07/2025,UPI/CR/092065388574/Sushma/UTIB/sushmasen25@axl/UPI,742687233504,,"15,100.62",732908.75
18/07/2025,UPI/DR/585591652709/Radha/BDBL/radha472@okhdfcbank/UPI,761890845439,"2,400.30",,730508.45
18/07/2025,ATM CASH WITHDRAWAL/26700/RAJKOT,372690760036,"3,000.00",,727508.45
19/07/2025,UPI/DR/648104121658/Jio/PAYTM/jio@paytm/UPI,472400743425,489.00,,727019.45
21/07/2025,UPI/DR/818659034551/Uber/PAYTM/uber@paytm/UPI,445299856987,740.94,,726278.51
22/07/2025,ATM CASH WITHDRAWAL/17327/RAJKOT,532539112460,"6,500.00",,719778.51
23/07/2025,UPI/CR/617402330073/Jyoti/BDBL/jyoti843@ptaxis/UPI,512630824036,,700.05,720478.56
24/07/2025,ATM CASH WITHDRAWAL/68467/RAJKOT,528462728481,"9,000.00",,711478.56
24/07/2025,UPI/CR/428222800884/Rohit/HDFC/rohit.pillai@ybl/UPI,472958576380,,"8,800.60",720279.16
24/07/2025,UPI/DR/636078192694/Mohit/FDRL/mohitmalh13@aubank/UPI,723754524125,"4,050.43",,716228.73
24/07/2025,UPI/CR/542651444827/Sarita/FDRL/4754371965@ptsbi/UPI,272609818442,,"20,850.89",737079.62
24/07/2025,UPI/DR/851308628213/Dinesh/UTIB/dinesh810@okaxis/UPI,621534957306,"3,450.67",,733628.95
25/07/2025,UPI/DR/025122441925/BigBasket/ICICI/bigbasket@ybl/UPI,792026142242,"1,250.11",,732378.84
25/07/2025,UPI/CR/281067024224/Seema/BARB/7579666037@oksbi/UPI,165990624624,,"4,150.70",736529.54
25/07/2025,UPI/DR/591234461716/Uber/PAYTM/uber@paytm/UPI,631378950442,460.62,,736068.92
26/07/2025,UPI/DR/238572303682/Nykaa/PAYTM/nykaa@razorpay/UPI,778878451082,"1,300.32",,734768.60
27/07/2025,UPI/CR/523752922652/Kunal/UCBA/kunal.dutta@apl/UPI,015189926281,,"9,750.11",744518.71
27/07/2025,UPI/DR/952049497848/Jio/PAYTM/jio@paytm/UPI,308620356365,329.00,,744189.71
27/07/2025,UPI/CR/151208652034/Manoj/BARB/1522321557@okaxis/UPI,648252056018,,"20,850.88",765040.59
27/07/2025,POS HP PETROL PUMP RAJKOT,269479534946,"2,350.19",,762690.40
28/07/2025,UPI/DR/495669478231/Rapido/PAYTM/rapido@icici/UPI,024712177757,470.51,,762219.89
28/07/2025,UPI/DR/260259587803/Ola/ICICI/olamoney@ola/UPI,115934666861,"2,210.25",,760009.64
30/07/2025,POS BRAND FACTORY RAJKOT,361171762320,"5,600.62",,754409.02
01/08/2025,UPI/DR/092196831750/BigBasket/ICICI/bigbasket@ybl/UPI,746695630809,280.67,,754128.35
01/08/2025,SALARY CREDIT/S2526690878670/Bajaj Finserv Ltd,356712112841,,"142,327.72",896456.07
01/08/2025,UPI/DR/273697073845/Amit/HDFC/amit630@apl/UPI,065753923678,"2,850.30",,893605.77
02/08/2025,UPI/DR/189974108292/Paytm/ICICI/paytm@paytm/UPI,452967525306,"2,330.24",,891275.53
03/08/2025,UPI/DR/419176089546/Swiggy/ICICI/swiggy@icici/UPI,284320210981,"1,120.30",,890155.23
03/08/2025,UPI/DR/616690786513/Flipkart/ICICI/flipkart@ybl/UPI,343680265458,490.37,,889664.86
04/08/2025,UPI/DR/096295303738/Jio/PAYTM/jio@paytm/UPI,638942606038,979.00,,888685.86
04/08/2025,UPI/DR/158634509252/Dunzo/ICICI/dunzo@razorpay/UPI,172399825554,"1,360.37",,887325.49
05/08/2025,POS PANTALOONS RAJKOT,367307000581,"7,450.63",,879874.86
05/08/2025,UPI/DR/797715708724/Kiran/UCBA/kiran.iyer@ybl/UPI,915960008573,"21,650.55",,858224.31
05/08/2025,NACH/MANDATE/RNT6836027/RENT MANDATE,883185370675,"6,500.00",,851724.31
06/08/2025,UPI/DR/134228403207/Blinkit/ICICI/blinkit@kotak/UPI,508579774021,"2,110.22",,849614.09
08/08/2025,UPI/CR/347766829312/Varsha/SBIN/7045293399@axl/UPI,818178628086,,"14,650.78",864264.87
08/08/2025,ATM CASH WITHDRAWAL/43614/RAJKOT,570997686181,"7,500.00",,856764.87
08/08/2025,UPI/DR/831998909021/Varun/PUNB/varun.singh@axl/UPI,988105481757,"1,400.84",,855364.03
09/08/2025,UPI/DR/314814002192/Arjun/UCBA/arjunagar62@ptyes/UPI,063332129436,"8,800.80",,846563.23
09/08/2025,ATM CASH WITHDRAWAL/77534/RAJKOT,738679393705,"5,500.00",,841063.23
09/08/2025,IMPS-396023194630-Radha Kumar,426872908449,"2,600.18",,838463.05
09/08/2025,POS BHARAT PETROLEUM RAJKOT,150914527718,"1,850.17",,836612.88
10/08/2025,UPI/DR/189485802937/Arjun/PUNB/arjungupt65@ybl/UPI,994120517354,"10,050.82",,826562.06
10/08/2025,POS SHOPPERS STOP RAJKOT,491246962302,"5,200.96",,821361.10
11/08/2025,UPI/DR/344086050896/Poonam/HDFC/6298583446@ybl/UPI,976416854505,"2,900.28",,818460.82
11/08/2025,UPI/DR/958813434484/Ola/PAYTM/olamoney@ola/UPI,394728187276,650.71,,817810.11
12/08/2025,UPI/DR/463562413583/Rapido/PAYTM/rapido@icici/UPI,148812365679,890.30,,816919.81
12/08/2025,ATM CASH WITHDRAWAL/26029/RAJKOT,479274632548,"9,500.00",,807419.81
12/08/2025,UPI/DR/291872584383/Ola/PAYTM/olamoney@ola/UPI,029464174804,810.64,,806609.17
12/08/2025,UPI/DR/514758605005/Jio/PAYTM/jio@paytm/UPI,470510185926,279.00,,806330.17
12/08/2025,UPI/DR/885328068734/Priya/HDFC/4325615806@okhdfcbank/UPI,694166646735,"2,600.12",,803730.05
13/08/2025,UPI/DR/120375702167/Ola/ICICI/olamoney@ola/UPI,175650881167,"1,770.94",,801959.11
14/08/2025,UPI/DR/549682726412/Indane/ICICI/indanegas@upi/UPI,141246915878,"2,050.54",,799908.57
14/08/2025,UPI/DR/126465461075/Blinkit/ICICI/blinkit@kotak/UPI,182995164490,"1,840.45",,798068.12
15/08/2025,UPI/DR/517955254670/BESCOM/UPIN/bescompayment@upi/UPI,916770590096,"1,850.92",,796217.20
16/08/2025,NEFT/N9059058553818/Hexaware Technologie,749454497520,,"49,000.15",845217.35
16/08/2025,UPI/CR/837298339938/Naveen/UTIB/4330271022@okicici/UPI,460072176220,,"17,150.30",862367.65
16/08/2025,UPI/DR/800085140435/Meesho/PAYTM/meesho@ybl/UPI,617491684183,300.12,,862067.53
17/08/2025,UPI/DR/163760864430/Shivam/FDRL/shivam722@oksbi/UPI,198051076456,200.64,,861866.89
17/08/2025,UPI/CR/978212221957/Asha/FDRL/asha.pillai@aubank/UPI,225310198631,,"22,000.80",883867.69
17/08/2025,ATM CASH WITHDRAWAL/32976/RAJKOT,896409363642,"5,500.00",,878367.69
18/08/2025,UPI/DR/023429320472/Manish/BDBL/manishthap64@ptyes/UPI,146107775407,"2,200.94",,876166.75
18/08/2025,UPI/DR/508407952273/Uber/PAYTM/uber@paytm/UPI,056051171960,680.85,,875485.90
18/08/2025,UPI/DR/663051036575/Ola/PAYTM/olamoney@ola/UPI,598079420566,510.99,,874974.91
19/08/2025,POS METRO CASH CARRY RAJKOT,952783784785,"7,250.54",,867724.37
19/08/2025,UPI/CR/927665892724/Kavita/FDRL/kavita812@upi/UPI,556566177178,,"20,000.47",887724.84
19/08/2025,UPI/DR/957902488106/Jio/PAYTM/jio@paytm/UPI,475362339363,389.00,,887335.84
20/08/2025,POS SHELL FUEL STATION RAJKOT,553458608913,900.92,,886434.92
21/08/2025,UPI/DR/014639210100/PhonePe/ICICI/phonepe@ybl/UPI,571166359397,590.60,,885844.32
21/08/2025,UPI/DR/760788261336/Swati/UTIB/8732612340@axl/UPI,050204901748,"6,000.14",,879844.18
23/08/2025,UPI/DR/357728184748/Rani/UTIB/rani452@aubank/UPI,831760718085,"18,150.44",,861693.74
24/08/2025,ATM CASH WITHDRAWAL/17870/RAJKOT,624226634754,"2,000.00",,859693.74
24/08/2025,POS RELIANCE PETROLEUM RAJKOT,531789710628,"1,850.66",,857843.08
24/08/2025,UPI/DR/799770452649/Hathway/RAZORPAY/broadband@paytm/UPI,471874271974,"1,299.00",,856544.08
25/08/2025,POS INDIAN OIL RAJKOT,323939212445,"1,500.38",,855043.70
25/08/2025,UPI/CR/436179587026/Anita/BKID/0280632020@pthdfc/UPI,326521508267,,"10,050.33",865094.03
26/08/2025,UPI/DR/797760936713/Sunita/UTIB/sunitaroy57@ybl/UPI,479883146318,"6,750.44",,858343.59
26/08/2025,UPI/DR/169641085092/PhonePe/ICICI/phonepe@ybl/UPI,115185708899,"2,150.71",,856192.88
28/08/2025,UPI/DR/579985250834/Zomato/ICICI/zomato@axisbank/UPI,577374255844,890.07,,855302.81
28/08/2025,UPI/DR/145365396785/PhonePe/ICICI/phonepe@ybl/UPI,846307380038,680.91,,854621.90
29/08/2025,UPI/DR/219297504528/Uber/ICICI/uber@paytm/UPI,849890413009,"1,380.00",,853241.90
30/08/2025,POS MORE SUPER MARKET RAJKOT,402365688273,"1,100.77",,852141.13
30/08/2025,UPI/DR/854719117001/Amazon/ICICI/amazon@apl/UPI,275554972835,600.34,,851540.79
31/08/2025,UPI/DR/585318458104/Neha/BDBL/neha533@ptsbi/UPI,672094542301,"2,700.47",,848840.32
01/09/2025,POS D MART RAJKOT,294311346286,"7,300.75",,841539.57
03/09/2025,UPI/DR/539441211564/Jio/PAYTM/jio@paytm/UPI,649888614137,679.00,,840860.57
03/09/2025,SALARY CREDIT/S1216224403105/Bajaj Finserv Ltd,906367259946,,"138,336.72",979197.29
05/09/2025,UPI/DR/108158224521/Uber/ICICI/uber@paytm/UPI,653992445080,"1,280.90",,977916.39
05/09/2025,UPI/DR/696928388582/Uber/ICICI/uber@paytm/UPI,293781503098,"1,330.35",,976586.04
06/09/2025,NACH/MANDATE/RNT0399903/RENT MANDATE,674374700782,"6,500.00",,970086.04
06/09/2025,UPI/DR/819527683446/Rajesh/UCBA/rajesh900@ptyes/UPI,594650593411,"10,600.90",,959485.14
07/09/2025,UPI/DR/033233418155/Paytm/ICICI/paytm@paytm/UPI,058825241147,"1,560.74",,957924.40
07/09/2025,UPI/DR/573921593462/ICICI/LICI/licindia@licindia/UPI,057115870633,"2,100.00",,955824.40
07/09/2025,UPI/CR/277489327884/Radha/BDBL/3853045617@kotak/UPI,555515233489,,"17,100.05",972924.45
07/09/2025,IMPS-I38784067999-KAPIL PILLAI,I38784067999,"63,200.00",,909724.45
07/09/2025,UPI/DR/767852714427/Rohit/KKBK/rohit.malhotra@pthdfc/UPI,220666135946,"1,500.94",,908223.51
09/09/2025,UPI/DR/507380940292/Zepto/ICICI/zepto@apl/UPI,995536624777,"2,480.31",,905743.20
09/09/2025,POS BHARAT PETROLEUM RAJKOT,888946566303,"2,550.57",,903192.63
09/09/2025,UPI/CR/076992920309/Sumit/SBIN/sumit.mukherjee@oksbi/UPI,204467139344,,"14,900.15",918092.78
10/09/2025,UPI/DR/349961170134/Flipkart/ICICI/flipkart@ybl/UPI,561579162780,630.58,,917462.20
10/09/2025,POS D MART RAJKOT,012528749887,"4,800.88",,912661.32
11/09/2025,POS VISHAL MEGA MART RAJKOT,151153426895,"7,500.00",,905161.32
11/09/2025,UPI/DR/558276888162/Ola/PAYTM/olamoney@ola/UPI,521132379804,630.87,,904530.45
11/09/2025,UPI/DR/071910163864/Jio/PAYTM/jio@paytm/UPI,805681942706,409.00,,904121.45
12/09/2025,UPI/DR/117935827831/Zomato/ICICI/zomato@axisbank/UPI,035703406068,"2,340.72",,901780.73
12/09/2025,ATM CASH WITHDRAWAL/64164/RAJKOT,527122288335,"7,500.00",,894280.73
13/09/2025,UPI/DR/122340441411/Rapido/PAYTM/rapido@icici/UPI,943671449651,700.68,,893580.05
14/09/2025,UPI/DR/809883614930/Ravi/UTIB/ravidube95@ybl/UPI,742359390737,"5,450.02",,888130.03
14/09/2025,POS INDIAN OIL RAJKOT,816461169190,"3,450.04",,884679.99
15/09/2025,UPI/DR/958934149638/Mohan/BDBL/mohan474@paytm/UPI,330924798308,"20,300.50",,864379.49
16/09/2025,ATM CASH WITHDRAWAL/61306/RAJKOT,078128295010,"5,500.00",,858879.49
16/09/2025,IMPS-330306976990-Sunil Chopra,431819228650,"15,800.38",,843079.11
18/09/2025,UPI/CR/286173751373/Mohit/KKBK/8801928164@upi/UPI,561622777627,,"16,950.32",860029.43
19/09/2025,UPI/DR/646639615106/Hathway/RAZORPAY/broadband@paytm/UPI,802185038674,299.00,,859730.43
19/09/2025,UPI/DR/405155575480/BESCOM/UPIN/bescompayment@upi/UPI,404907327578,"2,200.96",,857529.47
19/09/2025,UPI/CR/015128886740/Sushma/BARB/7467453551@pthdfc/UPI,806756916379,,"13,350.62",870880.09
20/09/2025,UPI/DR/545774012127/Arun/FDRL/8308179622@axl/UPI,539976840250,"6,350.31",,864529.78
20/09/2025,UPI/DR/271847419422/Uber/PAYTM/uber@paytm/UPI,600817900531,620.48,,863909.30
20/09/2025,UPI/DR/508210819137/Zomato/ICICI/zomato@axisbank/UPI,184229771759,"2,090.27",,861819.03
21/09/2025,UPI/CR/450013696015/Neha/BKID/4766454580@okicici/UPI,661220067010,,"7,950.14",869769.17
21/09/2025,UPI/DR/971809436663/Myntra/PAYTM/myntra@ybl/UPI,995214966912,"4,700.89",,865068.28
23/09/2025,UPI/CR/193471776475/Shivam/BDBL/shivamredd68@paytm/UPI,249796078686,,"7,550.67",872618.95
23/09/2025,UPI/DR/457515481722/Indane/ICICI/indanegas@upi/UPI,225667137659,"1,050.12",,871568.83
23/09/2025,UPI/DR/802522553619/BSNL/ICICI/bsnlbroadband@upi/UPI,966883407629,"2,370.86",,869197.97
23/09/2025,UPI/DR/140311552006/Flipkart/PAYTM/flipkart@ybl/UPI,202715306678,"2,850.75",,866347.22
24/09/2025,UPI/DR/254718712542/Rekha/PUNB/0125282681@pthdfc/UPI,685416632672,"2,200.36",,864146.86
24/09/2025,UPI/CR/718575829625/Naresh/KKBK/nareshsing21@ptyes/UPI,400969583862,,"11,850.12",875996.98
24/09/2025,UPI/DR/090051173566/Tarun/UCBA/7072124452@okhdfcbank/UPI,631299541435,"12,050.11",,863946.87
24/09/2025,UPI/DR/935292992187/Jio/PAYTM/jio@paytm/UPI,035864993321,309.00,,863637.87
24/09/2025,UPI/CR/608915493701/Anjali/UCBA/8389053505@ibl/UPI,846692273140,,"13,750.34",877388.21
25/09/2025,ATM CASH WITHDRAWAL/08193/RAJKOT,366634961916,"5,000.00",,872388.21
25/09/2025,UPI/DR/968959502749/Sarita/KKBK/sarita369@okicici/UPI,336832600627,"13,850.03",,858538.18
25/09/2025,UPI/DR/299490193460/Jio/PAYTM/jio@paytm/UPI,585864821759,859.00,,857679.18
26/09/2025,UPI/DR/178775501819/IRCTC/ICICI/irctc@upi/UPI,511506354715,249.00,,857430.18
27/09/2025,POS SHELL FUEL STATION RAJKOT,968785047317,"3,000.24",,854429.94
27/09/2025,UPI/CR/393451306438/Nisha/BDBL/2399230931@pthdfc/UPI,945991616890,,"7,100.29",861530.23
27/09/2025,INTEREST CREDIT,897476005490,,215.87,861746.10
28/09/2025,UPI/DR/222485161293/Uber/PAYTM/uber@paytm/UPI,383759328503,140.74,,861605.36
29/09/2025,UPI/DR/472334570922/Rajan/BKID/rajan484@ptyes/UPI,177423264332,"20,450.93",,841154.43
30/09/2025,UPI/CR/355812142862/Preeti/BARB/preeti715@ybl/UPI,937294147856,,"6,250.91",847405.34
30/09/2025,GST ON CHARGES,416487773448,73.80,,847331.54
30/09/2025,SMS CHARGES,158386202628,410.00,,846921.54
01/10/2025,UPI/DR/573041804429/Zomato/ICICI/zomato@axisbank/UPI,615452882031,"1,620.11",,845301.43
01/10/2025,UPI/CR/054426077676/Radha/UTIB/radhadesa35@apl/UPI,374949289646,,"11,100.02",856401.45
02/10/2025,UPI/DR/902394386135/Nykaa/ICICI/nykaa@razorpay/UPI,094007884645,899.00,,855502.45
02/10/2025,UPI/DR/211206708230/Jio/PAYTM/jio@paytm/UPI,001528994478,759.00,,854743.45
03/10/2025,POS PANTALOONS RAJKOT,599895650081,"2,750.28",,851993.17
03/10/2025,UPI/CR/886073216176/Vishal/PUNB/vishalchau62@okhdfcbank/UPI,111923003741,,"19,600.48",871593.65
03/10/2025,SALARY CREDIT/S8053712326968/Bajaj Finserv Ltd,226277171015,,"137,630.72",1009224.37
03/10/2025,UPI/DR/316202305430/Rapido/PAYTM/rapido@icici/UPI,339485512119,170.10,,1009054.27
05/10/2025,UPI/CR/870057444334/Gopal/SBIN/4826102355@ptyes/UPI,981525338234,,"13,200.39",1022254.66
07/10/2025,NACH/MANDATE/RNT1115518/RENT MANDATE,346428723454,"6,500.00",,1015754.66
07/10/2025,UPI/DR/359456151576/Krishna/KKBK/krishnashah51@axl/UPI,183379544451,"11,250.04",,1004504.62
07/10/2025,UPI/DR/109789466857/Jio/PAYTM/jio@paytm/UPI,903409457734,749.00,,1003755.62
09/10/2025,UPI/DR/582192822871/Babita/BDBL/babitagupt93@upi/UPI,137422927760,"12,400.23",,991355.39
09/10/2025,UPI/DR/380301090449/Jio/PAYTM/jio@paytm/UPI,176607146881,949.00,,990406.39
10/10/2025,POS CENTRAL MALL RAJKOT,623100353626,"4,600.27",,985806.12
10/10/2025,UPI/DR/889563895329/Brijesh/SBIN/brijesh664@ybl/UPI,844399571029,"17,450.34",,968355.78
10/10/2025,UPI/DR/010657345056/Rapido/PAYTM/rapido@icici/UPI,372641403445,660.72,,967695.06
13/10/2025,POS SHELL FUEL STATION RAJKOT,053801349818,"4,350.13",,963344.93
14/10/2025,UPI/CR/403181126673/Vishal/SBIN/vishal465@pthdfc/UPI,909738803054,,"19,300.25",982645.18
14/10/2025,UPI/DR/473027870515/Uber/ICICI/uber@paytm/UPI,588239408062,340.96,,982304.22
15/10/2025,UPI/DR/035585178284/Himanshu/BARB/himanshuroy14@paytm/UPI,901073985609,"13,800.09",,968504.13
15/10/2025,UPI/DR/001574911041/Myntra/PAYTM/myntra@ybl/UPI,878209626498,"4,600.62",,963903.51
15/10/2025,ATM CASH WITHDRAWAL/61358/RAJKOT,056914190507,"1,000.00",,962903.51
15/10/2025,UPI/DR/607595037012/BESCOM/UPIN/bescompayment@upi/UPI,186213299532,"3,150.38",,959753.13
17/10/2025,ATM CASH WITHDRAWAL/56636/RAJKOT,682151857692,"5,000.00",,954753.13
18/10/2025,POS SHELL FUEL STATION RAJKOT,874962467067,"1,150.33",,953602.80
19/10/2025,UPI/DR/512076627851/BSNL/ICICI/bsnlbroadband@upi/UPI,061692403649,"1,720.37",,951882.43
19/10/2025,UPI/DR/105008883779/Rapido/PAYTM/rapido@icici/UPI,648924872054,610.95,,951271.48
19/10/2025,UPI/DR/296475772021/Indane/ICICI/indanegas@upi/UPI,848199461410,"2,150.26",,949121.22
19/10/2025,UPI/DR/902380624076/Uber/PAYTM/uber@paytm/UPI,918725018979,170.72,,948950.50
20/10/2025,NEFT/N4773808413965/Cognizant Technology,150476679029,,"5,000.78",953951.28
20/10/2025,ATM CASH WITHDRAWAL/04425/RAJKOT,603979384806,"5,500.00",,948451.28
21/10/2025,UPI/DR/888097241063/Hotstar/ICICI/hotstar@hdfcbank/UPI,431423813174,549.00,,947902.28
21/10/2025,UPI/DR/206140072143/Sunil/BKID/sunil534@aubank/UPI,526268734148,"1,450.88",,946451.40
21/10/2025,UPI/DR/713328534502/Dunzo/ICICI/dunzo@razorpay/UPI,385901696815,"2,030.52",,944420.88
22/10/2025,UPI/DR/989939682074/Asha/KKBK/ashanaik37@ptyes/UPI,035484333486,"17,800.84",,926620.04
22/10/2025,UPI/DR/032112404300/Anita/UTIB/anitakulk51@upi/UPI,043800290046,"1,400.08",,925219.96
24/10/2025,UPI/DR/146076775680/Naveen/HDFC/7694348893@axl/UPI,858829126762,"20,400.67",,904819.29
26/10/2025,UPI/CR/303705220058/Shweta/KKBK/5809256721@okicici/UPI,086176116613,,"8,550.72",913370.01
26/10/2025,UPI/DR/196318700936/BigBasket/ICICI/bigbasket@ybl/UPI,431991290532,"1,620.93",,911749.08
26/10/2025,UPI/DR/455133241125/Ola/ICICI/olamoney@ola/UPI,303228691673,860.19,,910888.89
27/10/2025,UPI/DR/468438395168/Jio/PAYTM/jio@paytm/UPI,094697314565,219.00,,910669.89
27/10/2025,UPI/DR/563491198251/Jio/PAYTM/jio@paytm/UPI,965997298702,219.00,,910450.89
27/10/2025,UPI/DR/672757308666/Babita/UTIB/babita291@axl/UPI,994279731793,"17,350.70",,893100.19
28/10/2025,POS BRAND FACTORY RAJKOT,365910294501,"6,950.17",,886150.02
28/10/2025,UPI/DR/701541086344/Uber/ICICI/uber@paytm/UPI,081440242656,240.06,,885909.96
29/10/2025,UPI/DR/968420159125/Blinkit/ICICI/blinkit@kotak/UPI,730800854866,"2,330.50",,883579.46
29/10/2025,UPI/DR/553378091182/Ola/PAYTM/olamoney@ola/UPI,731269604468,620.79,,882958.67
29/10/2025,POS V MART RAJKOT,382439377674,"8,050.31",,874908.36
30/10/2025,UPI/DR/916074935999/Blinkit/ICICI/blinkit@kotak/UPI,994676299315,300.50,,874607.86
30/10/2025,UPI/DR/575507910743/Flipkart/ICICI/flipkart@ybl/UPI,064234456455,210.41,,874397.45
31/10/2025,UPI/CR/330746880769/Pankaj/BDBL/pankaj857@apl/UPI,014540904131,,"9,400.82",883798.27
01/11/2025,UPI/DR/891598563427/Uber/ICICI/uber@paytm/UPI,596476970389,890.12,,882908.15
01/11/2025,UPI/DR/671933582878/Amazon/ICICI/amazon@apl/UPI,270866159952,"2,750.34",,880157.81
01/11/2025,UPI/DR/143444798250/Uber/PAYTM/uber@paytm/UPI,093792336637,110.88,,880046.93
02/11/2025,UPI/DR/404799611594/Flipkart/PAYTM/flipkart@ybl/UPI,458013137901,650.11,,879396.82
02/11/2025,SALARY CREDIT/S5490700982751/Bajaj Finserv Ltd,538863901706,,"141,247.72",1020644.54
03/11/2025,UPI/DR/820658380928/Hathway/RAZORPAY/broadband@paytm/UPI,137987808448,799.00,,1019845.54
03/11/2025,POS SHELL FUEL STATION RAJKOT,798847697754,"2,800.18",,1017045.36
04/11/2025,UPI/CR/694984239767/Seema/BKID/7110684451@ybl/UPI,343066937420,,"13,200.00",1030245.36
04/11/2025,UPI/DR/961186318052/Vishal/HDFC/vishalyada96@ptyes/UPI,704361930970,"17,200.50",,1013044.86
05/11/2025,NACH/MANDATE/RNT8622996/RENT MANDATE,997173021850,"6,500.00",,1006544.86
05/11/2025,UPI/DR/463743949771/Amazon/ICICI/amazon@apl/UPI,951876090926,"1,470.18",,1005074.68
05/11/2025,UPI/DR/635798895879/Mohit/BARB/mohit.yadav@paytm/UPI,845440334123,"10,150.01",,994924.67
06/11/2025,UPI/DR/045283601080/Uber/ICICI/uber@paytm/UPI,716878399224,"1,010.69",,993913.98
07/11/2025,POS SHOPPERS STOP RAJKOT,780824673968,"5,650.28",,988263.70
07/11/2025,UPI/DR/205171506591/Blinkit/ICICI/blinkit@kotak/UPI,494880917049,"1,710.37",,986553.33
08/11/2025,UPI/DR/003015601743/Ola/PAYTM/olamoney@ola/UPI,468067825634,510.69,,986042.64
08/11/2025,UPI/CR/483718472831/Manoj/PUNB/manojshah89@apl/UPI,683194627096,,"4,300.79",990343.43
09/11/2025,UPI/CR/310598055300/Himanshu/BKID/0837094465@axl/UPI,639864580264,,"18,150.73",1008494.16
10/11/2025,UPI/DR/082738295048/BigBasket/ICICI/bigbasket@ybl/UPI,116387457396,"1,270.13",,1007224.03
10/11/2025,UPI/DR/538383378693/Jio/PAYTM/jio@paytm/UPI,648419388451,189.00,,1007035.03
12/11/2025,UPI/DR/446347840029/Ola/PAYTM/olamoney@ola/UPI,619202230814,750.15,,1006284.88
13/11/2025,UPI/DR/331214656757/1mg/ICICI/tatahealth@icici/UPI,775776598248,"3,150.72",,1003134.16
13/11/2025,UPI/DR/943042314361/Jio/PAYTM/jio@paytm/UPI,913951915918,529.00,,1002605.16
13/11/2025,ATM CASH WITHDRAWAL/75704/RAJKOT,464536415306,"9,500.00",,993105.16
13/11/2025,UPI/DR/079347933156/Amazon/PAYTM/amazon@apl/UPI,995776620197,650.23,,992454.93
14/11/2025,UPI/DR/774461971555/Indane/ICICI/indanegas@upi/UPI,056531133802,"2,700.46",,989754.47
14/11/2025,UPI/DR/860504885764/Jio/PAYTM/jio@paytm/UPI,772819201617,429.00,,989325.47
16/11/2025,POS BRAND FACTORY RAJKOT,008175280117,"3,050.70",,986274.77
16/11/2025,UPI/DR/497251421334/BESCOM/UPIN/bescompayment@upi/UPI,571354156216,"1,350.77",,984924.00
16/11/2025,UPI/DR/229222182967/Flipkart/PAYTM/flipkart@ybl/UPI,513650800824,"4,850.34",,980073.66
17/11/2025,UPI/DR/159141880054/MakeMyTrip/ICICI/makemytrip@axisbank/UPI,258667007530,649.00,,979424.66
17/11/2025,UPI/CR/976118864270/Kapil/FDRL/kapil609@aubank/UPI,783509999041,,"8,950.07",988374.73
18/11/2025,UPI/DR/477632964030/Poonam/SBIN/poonamahuj46@kotak/UPI,494113476058,"11,950.50",,976424.23
18/11/2025,ATM CASH WITHDRAWAL/74800/RAJKOT,232907587638,"8,500.00",,967924.23
19/11/2025,POS RELIANCE MART RAJKOT,254696716700,"7,400.69",,960523.54
19/11/2025,UPI/DR/177886979278/Rohit/HDFC/rohitsen23@aubank/UPI,047945130652,"6,850.66",,953672.88
19/11/2025,UPI/DR/963668992838/Vikas/SBIN/vikaskhan43@axl/UPI,021706775780,"17,800.27",,935872.61
20/11/2025,UPI/DR/140030534716/BigBasket/ICICI/bigbasket@ybl/UPI,767064464300,"1,200.82",,934671.79
21/11/2025,UPI/CR/231279619620/Ritu/FDRL/ritu584@oksbi/UPI,009100150548,,"8,050.03",942721.82
22/11/2025,POS BHARAT PETROLEUM RAJKOT,381722849838,"2,800.75",,939921.07
23/11/2025,POS MAX FASHION RAJKOT,314113797579,"6,550.82",,933370.25
23/11/2025,UPI/DR/355990369088/Zomato/ICICI/zomato@axisbank/UPI,531236634363,"2,140.57",,931229.68
24/11/2025,UPI/DR/682032837233/Sunita/HDFC/sunita974@apl/UPI,959150101315,"17,100.27",,914129.41
25/11/2025,UPI/CR/103753050394/Sonia/PUNB/sonia.chopra@ptaxis/UPI,438517430613,,"2,050.05",916179.46
27/11/2025,ATM CASH WITHDRAWAL/63060/RAJKOT,939381931395,"7,500.00",,908679.46
28/11/2025,POS HP PETROL PUMP RAJKOT,572123220706,"3,300.82",,905378.64
28/11/2025,UPI/DR/665311097664/Uber/PAYTM/uber@paytm/UPI,966651240854,460.87,,904917.77
28/11/2025,UPI/CR/807617149436/Kavya/BKID/kavya.banerjee@oksbi/UPI,579855828360,,"12,100.22",917017.99
29/11/2025,IMPS-280872002512-Mohit Yadav,355896754017,"27,700.43",,889317.56
29/11/2025,UPI/DR/395284302796/Spotify/ICICI/spotify@icici/UPI,782880683304,649.00,,888668.56
30/11/2025,ATM CASH WITHDRAWAL/19362/RAJKOT,362405810881,"7,000.00",,881668.56
30/11/2025,UPI/DR/423036157095/Zepto/ICICI/zepto@apl/UPI,403636555964,"1,930.37",,879738.19
30/11/2025,UPI/DR/206860169428/Asha/BARB/ashaiyer78@ibl/UPI,011606010901,"10,300.84",,869437.35
01/12/2025,UPI/DR/521978563505/Usha/BARB/usha844@ptyes/UPI,685253735169,"16,250.56",,853186.79
01/12/2025,UPI/DR/009932670108/Lalit/BKID/lalitsriv62@axl/UPI,263663638072,"4,200.92",,848985.87
01/12/2025,UPI/DR/360955915335/Mukesh/KKBK/mukesh.saxena@paytm/UPI,385890234105,"7,150.57",,841835.30
01/12/2025,UPI/DR/431169676794/BigBasket/ICICI/bigbasket@ybl/UPI,143838430190,690.56,,841144.74
01/12/2025,UPI/DR/771802312210/Jio/ICICI/jio@paytm/UPI,686536442943,420.26,,840724.48
02/12/2025,SALARY CREDIT/S9926281100599/Bajaj Finserv Ltd,566954408036,,"138,359.72",979084.20
02/12/2025,POS MORE SUPER MARKET RAJKOT,962442364838,"5,700.14",,973384.06
03/12/2025,UPI/DR/356485230341/Jyoti/BKID/jyotijain33@kotak/UPI,088529133948,"20,800.36",,952583.70
03/12/2025,POS BHARAT PETROLEUM RAJKOT,503875221835,"2,650.10",,949933.60
03/12/2025,UPI/DR/585513841558/Rekha/HDFC/rekha.menon@okaxis/UPI,038709566341,"4,100.42",,945833.18
03/12/2025,UPI/DR/829165813862/Blinkit/ICICI/blinkit@kotak/UPI,304385621107,630.87,,945202.31
04/12/2025,UPI/CR/338123527508/Ritu/PUNB/ritu694@okhdfcbank/UPI,168265211183,,"7,850.54",953052.85
04/12/2025,UPI/DR/883532367991/BigBasket/ICICI/bigbasket@ybl/UPI,959012845563,"2,290.94",,950761.91
04/12/2025,ATM CASH WITHDRAWAL/33937/RAJKOT,824971027539,"3,000.00",,947761.91
05/12/2025,UPI/DR/874058680816/Pankaj/PUNB/pankaj460@aubank/UPI,913559259961,"12,150.57",,935611.34
05/12/2025,UPI/CR/221857853663/Vivek/KKBK/vivek.ghosh@upi/UPI,543709168855,,"1,600.67",937212.01
06/12/2025,POS D MART RAJKOT,811006644534,"6,450.58",,930761.43
06/12/2025,UPI/DR/192956345005/Radha/BKID/radha.nambiar@ptaxis/UPI,904970721772,"11,950.11",,918811.32
06/12/2025,UPI/DR/133442423530/Paytm/ICICI/paytm@paytm/UPI,630861741717,"2,230.25",,916581.07
06/12/2025,POS VISHAL MEGA MART RAJKOT,870186640318,"2,150.73",,914430.34
07/12/2025,UPI/DR/206006389318/Uber/PAYTM/uber@paytm/UPI,800694138264,310.08,,914120.26
07/12/2025,IMPS-068489954772-Harish Sen,668638793488,"33,800.04",,880320.22
07/12/2025,NACH/MANDATE/RNT9059923/RENT MANDATE,301979171001,"6,500.00",,873820.22
08/12/2025,UPI/DR/851981194025/Amazon/ICICI/amazon@apl/UPI,714449347064,"2,700.86",,871119.36
09/12/2025,UPI/DR/469266216731/Jio/PAYTM/jio@paytm/UPI,453124367923,739.00,,870380.36
09/12/2025,UPI/DR/897754182994/Myntra/PAYTM/myntra@ybl/UPI,816939215422,800.61,,869579.75
10/12/2025,UPI/DR/383704881923/ICICI/LICI/licindia@licindia/UPI,093673409537,"2,100.00",,867479.75
10/12/2025,UPI/CR/947031610621/Gopal/UCBA/gopal385@paytm/UPI,374974248945,,"13,350.81",880830.56
10/12/2025,ATM CASH WITHDRAWAL/93528/RAJKOT,015451162584,"6,000.00",,874830.56
10/12/2025,NEFT/N2966957953726/ICICI Lombard GIC,876809127716,,"7,000.90",881831.46
11/12/2025,ATM CASH WITHDRAWAL/26786/RAJKOT,520058985395,"9,500.00",,872331.46
12/12/2025,UPI/DR/453322202361/BESCOM/UPIN/bescompayment@upi/UPI,791569877993,"2,500.85",,869830.61
12/12/2025,UPI/DR/102097151130/Rapido/PAYTM/rapido@icici/UPI,039406180546,360.03,,869470.58
13/12/2025,UPI/DR/692061479488/Zepto/ICICI/zepto@apl/UPI,168009739803,470.81,,868999.77
13/12/2025,UPI/CR/610664846594/Jyoti/UCBA/jyoti.chaudhary@oksbi/UPI,619967945054,,750.72,869750.49
13/12/2025,UPI/DR/996510959812/Jio/PAYTM/jio@paytm/UPI,877345628100,239.00,,869511.49
13/12/2025,UPI/DR/708430074460/Ola/ICICI/olamoney@ola/UPI,609969882472,530.64,,868980.85
15/12/2025,UPI/CR/608708376814/Rahul/UTIB/rahul819@paytm/UPI,018422292337,,"9,250.35",878231.20
15/12/2025,ATM CASH WITHDRAWAL/93096/RAJKOT,328548402367,"7,000.00",,871231.20
16/12/2025,UPI/CR/404068486341/Siddharth/HDFC/siddharth.jain@aubank/UPI,394632210440,,"18,250.09",889481.29
17/12/2025,POS V MART RAJKOT,877152069334,"6,400.27",,883081.02
17/12/2025,UPI/DR/204319723196/Ola/ICICI/olamoney@ola/UPI,829570061585,"2,150.65",,880930.37
18/12/2025,UPI/DR/880486809652/Dunzo/ICICI/dunzo@razorpay/UPI,395640638005,600.55,,880329.82
19/12/2025,POS SHELL FUEL STATION RAJKOT,743000615896,"1,350.10",,878979.72
19/12/2025,UPI/DR/378079145776/Indane/ICICI/indanegas@upi/UPI,764843412615,"2,100.55",,876879.17
20/12/2025,UPI/CR/724757694100/Anita/FDRL/anitachop78@kotak/UPI,895154017283,,"10,350.40",887229.57
20/12/2025,UPI/DR/612039004897/BSNL/ICICI/bsnlbroadband@upi/UPI,682664266146,"1,660.65",,885568.92
21/12/2025,UPI/DR/259564206694/Hathway/RAZORPAY/broadband@paytm/UPI,591744430079,649.00,,884919.92
21/12/2025,UPI/DR/628049556301/Preeti/FDRL/9658273139@ptaxis/UPI,779934871187,"2,800.20",,882119.72
21/12/2025,POS BRAND FACTORY RAJKOT,349481652183,"8,350.22",,873769.50
21/12/2025,ATM CASH WITHDRAWAL/65269/RAJKOT,440159800010,"1,500.00",,872269.50
22/12/2025,UPI/DR/236438145410/Ola/PAYTM/olamoney@ola/UPI,369905840862,750.20,,871519.30
22/12/2025,POS RELIANCE MART RAJKOT,169346014906,"5,950.80",,865568.50
22/12/2025,UPI/DR/067211705999/Zomato/ICICI/zomato@axisbank/UPI,090864181306,540.10,,865028.40
22/12/2025,UPI/DR/749936255346/Amazon/ICICI/amazon@apl/UPI,899767336508,"1,360.38",,863668.02
22/12/2025,UPI/DR/417333001075/Jio/ICICI/jio@paytm/UPI,928819178313,"2,230.69",,861437.33
22/12/2025,ATM CASH WITHDRAWAL/09016/RAJKOT,926726195976,"1,500.00",,859937.33
23/12/2025,POS MAX FASHION RAJKOT,896270376449,"4,650.09",,855287.24
23/12/2025,UPI/DR/813355583907/Nykaa/PAYTM/nykaa@razorpay/UPI,267069347658,"2,650.05",,852637.19
23/12/2025,POS RELIANCE PETROLEUM RAJKOT,249921023014,"1,350.27",,851286.92
24/12/2025,UPI/DR/850882556292/PhonePe/ICICI/phonepe@ybl/UPI,721482202573,530.57,,850756.35
24/12/2025,UPI/CR/386473700261/Brijesh/BARB/brijesh.shah@aubank/UPI,040790471242,,"9,950.03",860706.38
26/12/2025,UPI/DR/747065622891/Amazon/ICICI/amazon@apl/UPI,669997282764,230.31,,860476.07
26/12/2025,POS SHELL FUEL STATION RAJKOT,265035000179,850.75,,859625.32
27/12/2025,UPI/CR/307635468012/Vishal/UTIB/vishalnair19@ibl/UPI,474984755296,,"4,600.42",864225.74
27/12/2025,UPI/CR/893407726456/Manish/SBIN/manish.sethi@ptyes/UPI,795279862982,,"3,800.95",868026.69
27/12/2025,UPI/DR/160524034332/Zepto/ICICI/zepto@apl/UPI,412405797571,"1,750.77",,866275.92
27/12/2025,UPI/DR/676474281518/MakeMyTrip/ICICI/makemytrip@axisbank/UPI,080591455010,549.00,,865726.92
28/12/2025,INTEREST CREDIT,902771651179,,165.04,865891.96
30/12/2025,UPI/DR/562386278370/PhonePe/ICICI/phonepe@ybl/UPI,316914950696,"2,800.23",,863091.73
31/12/2025,UPI/DR/903225670742/Flipkart/ICICI/flipkart@ybl/UPI,620894274455,"2,340.11",,860751.62
01/01/2026,POS SHOPPERS STOP RAJKOT,394336801425,"4,100.17",,856651.45
01/01/2026,SALARY CREDIT/S7778800997375/Bajaj Finserv Ltd,135373098636,,"140,373.72",997025.17
02/01/2026,UPI/DR/515411496115/Ola/PAYTM/olamoney@ola/UPI,517033837906,610.07,,996415.10
02/01/2026,NACH/MANDATE/RNT6877377/RENT MANDATE,975555244448,"6,500.00",,989915.10
03/01/2026,UPI/DR/552639224402/Dunzo/ICICI/dunzo@razorpay/UPI,428497633245,"1,110.31",,988804.79
05/01/2026,UPI/DR/763748797512/Mina/HDFC/minaroy78@okicici/UPI,203925469162,"15,350.28",,973454.51
07/01/2026,UPI/DR/361347606996/BigBasket/ICICI/bigbasket@ybl/UPI,289957253448,"1,830.37",,971624.14
07/01/2026,UPI/DR/942649462461/Zomato/ICICI/zomato@axisbank/UPI,346163029982,"1,190.35",,970433.79
07/01/2026,UPI/DR/839646361884/Amazon/ICICI/amazon@apl/UPI,562395290081,"2,690.02",,967743.77
07/01/2026,UPI/CR/725997388464/Seema/HDFC/seema.ghosh@ptyes/UPI,235439934817,,"21,350.46",989094.23
07/01/2026,UPI/DR/901073706871/BSNL/ICICI/bsnlbroadband@upi/UPI,204783647627,"2,030.02",,987064.21
08/01/2026,UPI/DR/647381116183/Uber/ICICI/uber@paytm/UPI,559125642521,"2,220.11",,984844.10
10/01/2026,UPI/DR/516293044351/Ola/ICICI/olamoney@ola/UPI,473604596342,510.45,,984333.65
10/01/2026,ATM CASH WITHDRAWAL/09413/RAJKOT,661089100102,"5,000.00",,979333.65
11/01/2026,UPI/DR/073410990340/Jio/PAYTM/jio@paytm/UPI,385042595095,589.00,,978744.65
11/01/2026,UPI/CR/912815943980/Ashish/UTIB/ashish.pillai@ptsbi/UPI,454514072451,,"2,000.98",980745.63
13/01/2026,UPI/DR/607115364047/Flipkart/ICICI/flipkart@ybl/UPI,703223836565,"1,430.78",,979314.85
14/01/2026,UPI/CR/406361591275/Girish/BARB/0047585400@aubank/UPI,212315388536,,"5,200.12",984514.97
15/01/2026,UPI/DR/951712518839/Archana/FDRL/1760872424@oksbi/UPI,884555226280,"11,700.76",,972814.21
16/01/2026,UPI/DR/350707207214/Dunzo/ICICI/dunzo@razorpay/UPI,923183721314,960.17,,971854.04
16/01/2026,UPI/DR/386831506999/Zepto/ICICI/zepto@apl/UPI,524729073659,"1,490.66",,970363.38
16/01/2026,POS HP PETROL PUMP RAJKOT,718848989354,"3,750.93",,966612.45
16/01/2026,ATM CASH WITHDRAWAL/95782/RAJKOT,725802177213,"3,500.00",,963112.45
17/01/2026,UPI/CR/576751588821/Sonia/HDFC/sonia.dutta@upi/UPI,781336253180,,950.12,964062.57
17/01/2026,UPI/DR/899227714955/BESCOM/UPIN/bescompayment@upi/UPI,160538773571,"1,100.96",,962961.61
18/01/2026,NEFT/N9048310389666/Tata Consultancy Ser,381682160643,,"51,500.91",1014462.52
19/01/2026,UPI/DR/640087990956/PhonePe/ICICI/phonepe@ybl/UPI,126337353929,"2,060.56",,1012401.96
22/01/2026,UPI/DR/912720428980/Indane/ICICI/indanegas@upi/UPI,981882801281,"1,550.90",,1010851.06
22/01/2026,ATM CASH WITHDRAWAL/89116/RAJKOT,945352471781,"7,000.00",,1003851.06
22/01/2026,UPI/DR/159599539036/Shreya/BDBL/shreya679@kotak/UPI,156942075484,"8,000.33",,995850.73
22/01/2026,UPI/CR/683077306234/Preeti/BARB/preeti.pillai@okaxis/UPI,774252133344,,"15,250.67",1011101.40
22/01/2026,UPI/DR/693324098218/Ola/PAYTM/olamoney@ola/UPI,779112947965,220.43,,1010880.97
22/01/2026,UPI/CR/687165408543/Rohit/BARB/rohitshuk62@pthdfc/UPI,729779128456,,"20,600.40",1031481.37
22/01/2026,UPI/CR/779320132672/Saurabh/PUNB/saurabh.bose@ptsbi/UPI,187502044929,,"12,150.82",1043632.19
23/01/2026,UPI/DR/748080087444/Uber/PAYTM/uber@paytm/UPI,949952777340,90.62,,1043541.57
23/01/2026,UPI/DR/497115301160/Jio/PAYTM/jio@paytm/UPI,725346991606,709.00,,1042832.57
23/01/2026,POS BRAND FACTORY RAJKOT,127340464346,"5,150.49",,1037682.08
23/01/2026,POS PANTALOONS RAJKOT,085240024523,"3,200.79",,1034481.29
23/01/2026,UPI/DR/317793011557/Naveen/PUNB/naveen.thapar@aubank/UPI,416174811730,"10,200.16",,1024281.13
23/01/2026,POS INDIAN OIL RAJKOT,427252733717,"2,650.31",,1021630.82
25/01/2026,UPI/DR/824542914101/Flipkart/PAYTM/flipkart@ybl/UPI,542269457124,"4,800.64",,1016830.18
25/01/2026,UPI/CR/069872195472/Jyoti/SBIN/jyoti.kumar@okaxis/UPI,334420234266,,"14,600.47",1031430.65
26/01/2026,UPI/CR/488990720036/Naveen/BARB/naveen398@okhdfcbank/UPI,879502538044,,"6,850.24",1038280.89
27/01/2026,UPI/DR/436363637819/Zomato/ICICI/zomato@axisbank/UPI,399404553318,740.02,,1037540.87
30/01/2026,POS HP PETROL PUMP RAJKOT,759035119076,"2,150.42",,1035390.45
31/01/2026,SMS CHARGES,989529379757,110.00,,1035280.45
31/01/2026,GST ON CHARGES,282329351020,19.80,,1035260.65
31/01/2026,UPI/DR/891566196233/Shivam/BKID/shivam652@ptyes/UPI,590043607468,"17,450.50",,1017810.15
01/02/2026,UPI/DR/219506197878/Paytm/ICICI/paytm@paytm/UPI,763095322792,340.61,,1017469.54
01/02/2026,SALARY CREDIT/S1735502196498/Bajaj Finserv Ltd,610253895437,,"140,200.72",1157670.26
01/02/2026,UPI/DR/824826762734/Pooja/HDFC/3066333185@oksbi/UPI,872477055243,"2,300.20",,1155370.06
02/02/2026,UPI/DR/168672636810/Jio/ICICI/jio@paytm/UPI,745622577629,"1,930.83",,1153439.23
02/02/2026,UPI/DR/110977346392/Zomato/ICICI/zomato@axisbank/UPI,789496105281,"1,610.76",,1151828.47
02/02/2026,ATM CASH WITHDRAWAL/74092/RAJKOT,127684253916,"7,000.00",,1144828.47
02/02/2026,UPI/DR/654879472630/Flipkart/ICICI/flipkart@ybl/UPI,345725965364,"1,750.70",,1143077.77
02/02/2026,UPI/DR/485710519673/Swiggy/ICICI/swiggy@icici/UPI,582294063217,"1,090.76",,1141987.01
02/02/2026,UPI/CR/565291547423/Ajay/FDRL/ajay.patil@oksbi/UPI,760674425864,,"7,950.85",1149937.86
02/02/2026,UPI/DR/164881646608/Ramesh/KKBK/4955795483@upi/UPI,176204666847,"5,700.13",,1144237.73
02/02/2026,UPI/DR/424026850298/Jyoti/BDBL/jyotisriv16@ibl/UPI,780673441513,"8,150.01",,1136087.72
03/02/2026,NACH/MANDATE/RNT4884196/RENT MANDATE,919796811548,"6,500.00",,1129587.72
04/02/2026,UPI/DR/289973664634/Mohan/HDFC/mohan.verma@pthdfc/UPI,935650502723,"7,250.91",,1122336.81
04/02/2026,POS V MART RAJKOT,442832018978,"4,900.97",,1117435.84
04/02/2026,UPI/CR/967187445513/Radha/KKBK/radhasriv80@upi/UPI,962857776100,,"13,800.44",1131236.28
04/02/2026,UPI/DR/182789160439/Blinkit/ICICI/blinkit@kotak/UPI,257618934887,"2,230.81",,1129005.47
06/02/2026,UPI/DR/006399678078/PhonePe/ICICI/phonepe@ybl/UPI,252866248361,"2,440.94",,1126564.53
06/02/2026,UPI/DR/952711800149/Amazon/ICICI/amazon@apl/UPI,466880789075,"1,060.00",,1125504.53
07/02/2026,POS V MART RAJKOT,114001179438,"1,450.89",,1124053.64
07/02/2026,NEFT/N0331155961445/Hero MotoCorp Ltd,822480266972,,"32,000.68",1156054.32
07/02/2026,UPI/DR/180689709792/Kunal/UTIB/kunal.menon@ptaxis/UPI,149195008761,"16,150.99",,1139903.33
07/02/2026,UPI/DR/118956286985/Jio/PAYTM/jio@paytm/UPI,923664864889,299.00,,1139604.33
08/02/2026,ATM CASH WITHDRAWAL/12844/RAJKOT,942234836412,"8,000.00",,1131604.33
09/02/2026,UPI/DR/911694267725/Vikram/FDRL/vikram901@apl/UPI,918734589522,"13,600.98",,1118003.35
09/02/2026,UPI/DR/948004643507/BESCOM/UPIN/bescompayment@upi/UPI,931731442390,"2,650.43",,1115352.92
10/02/2026,UPI/DR/901866837946/Rapido/PAYTM/rapido@icici/UPI,177760807904,330.42,,1115022.50
11/02/2026,UPI/DR/093193594595/Ashish/BARB/ashishshah41@paytm/UPI,938267828528,"21,350.94",,1093671.56
11/02/2026,ATM CASH WITHDRAWAL/35601/RAJKOT,993508431167,"7,500.00",,1086171.56
12/02/2026,ATM CASH WITHDRAWAL/08694/RAJKOT,998041698616,"2,500.00",,1083671.56
12/02/2026,UPI/DR/529003396168/Zepto/ICICI/zepto@apl/UPI,500157170579,"1,300.84",,1082370.72
13/02/2026,UPI/DR/860801448873/Uber/PAYTM/uber@paytm/UPI,945297868358,470.97,,1081899.75
13/02/2026,UPI/CR/975392157426/Sapna/FDRL/3604002256@kotak/UPI,134061104084,,"21,600.02",1103499.77
13/02/2026,UPI/DR/868727207871/Amazon/ICICI/amazon@apl/UPI,404357246818,"1,740.07",,1101759.70
14/02/2026,UPI/DR/926073979909/Saurabh/KKBK/saurabhpill84@ptyes/UPI,453506247527,"9,850.14",,1091909.56
14/02/2026,UPI/DR/648404975917/Uber/PAYTM/uber@paytm/UPI,849160106501,260.23,,1091649.33
14/02/2026,UPI/DR/294450610171/Hathway/RAZORPAY/broadband@paytm/UPI,227255555602,499.00,,1091150.33
14/02/2026,POS VISHAL MEGA MART RAJKOT,133926495527,"3,750.25",,1087400.08
14/02/2026,UPI/DR/471481010635/Ola/ICICI/olamoney@ola/UPI,558310356251,"2,660.33",,1084739.75
15/02/2026,POS METRO CASH CARRY RAJKOT,365318961365,"4,200.69",,1080539.06
16/02/2026,POS MORE SUPER MARKET RAJKOT,463820127230,"4,850.36",,1075688.70
16/02/2026,POS HP PETROL PUMP RAJKOT,131816266189,"1,050.65",,1074638.05
17/02/2026,UPI/DR/413079730783/Rohit/SBIN/rohit695@aubank/UPI,206419596547,"2,700.74",,1071937.31
18/02/2026,UPI/DR/587687889565/Indane/ICICI/indanegas@upi/UPI,783408308808,"1,150.25",,1070787.06
19/02/2026,UPI/DR/005547251720/Swiggy/ICICI/swiggy@icici/UPI,595830314106,"1,320.44",,1069466.62
20/02/2026,UPI/DR/865353249996/Zepto/ICICI/zepto@apl/UPI,150747157269,"1,400.12",,1068066.50
20/02/2026,POS HP PETROL PUMP RAJKOT,997300398703,"3,650.45",,1064416.05
20/02/2026,ATM CASH WITHDRAWAL/66400/RAJKOT,275232135333,"3,000.00",,1061416.05
21/02/2026,UPI/DR/971729051599/Jio/PAYTM/jio@paytm/UPI,540392757996,489.00,,1060927.05
21/02/2026,UPI/DR/688492765921/Blinkit/ICICI/blinkit@kotak/UPI,659772451964,"1,850.99",,1059076.06
21/02/2026,UPI/DR/909475838270/Myntra/PAYTM/myntra@ybl/UPI,085653564232,"3,800.17",,1055275.89
22/02/2026,UPI/DR/505956629459/Rapido/PAYTM/rapido@icici/UPI,724238662955,810.61,,1054465.28
22/02/2026,IMPS-505328721295-Asha Thapar,441539034686,"7,200.08",,1047265.20
22/02/2026,UPI/DR/674382230638/Uber/PAYTM/uber@paytm/UPI,695817613459,230.11,,1047035.09
24/02/2026,POS INDIAN OIL RAJKOT,729777351725,"4,350.36",,1042684.73
25/02/2026,UPI/DR/320953602186/PhonePe/ICICI/phonepe@ybl/UPI,087034053808,740.14,,1041944.59
25/02/2026,UPI/CR/127936493050/Himanshu/BARB/himanshu.patil@ptyes/UPI,396409804713,,"7,700.52",1049645.11
25/02/2026,UPI/DR/480046198041/Apollo/ICICI/apollopharmacy@ybl/UPI,992378442206,699.00,,1048946.11
25/02/2026,UPI/DR/068672802392/Maya/BKID/1889168211@okhdfcbank/UPI,233676744067,"10,250.27",,1038695.84
27/02/2026,UPI/DR/521496347052/Ravi/BKID/ravi248@ybl/UPI,925918280548,"5,800.20",,1032895.64
01/03/2026,POS STAR BAZAAR RAJKOT,305625077038,"2,750.92",,1030144.72
01/03/2026,UPI/CR/365593037858/Nikhil/UCBA/nikhilghos50@axl/UPI,445914804411,,"12,150.06",1042294.78
01/03/2026,UPI/DR/103751678926/Swiggy/ICICI/swiggy@icici/UPI,910780028474,"1,060.53",,1041234.25
01/03/2026,SALARY CREDIT/S3127100130933/Bajaj Finserv Ltd,871910051077,,"139,703.72",1180937.97
01/03/2026,POS MAX FASHION RAJKOT,608532619601,"5,650.52",,1175287.45
01/03/2026,UPI/DR/631283108573/Rapido/PAYTM/rapido@icici/UPI,467055617806,550.22,,1174737.23
01/03/2026,UPI/CR/045008852291/Abhishek/UTIB/abhishek.banerjee@paytm/UPI,797823725824,,"1,200.69",1175937.92
01/03/2026,UPI/DR/739132883544/Jio/ICICI/jio@paytm/UPI,575786326362,940.25,,1174997.67
02/03/2026,POS V MART RAJKOT,028591016398,"5,250.91",,1169746.76
02/03/2026,ATM CASH WITHDRAWAL/40676/RAJKOT,226895274519,"1,500.00",,1168246.76
02/03/2026,ATM CASH WITHDRAWAL/65766/RAJKOT,520073345618,"5,500.00",,1162746.76
02/03/2026,UPI/DR/300320771749/Shivam/PUNB/shivam183@apl/UPI,585914688551,"11,800.74",,1150946.02
03/03/2026,SMS CHARGES,427151418365,200.00,,1150746.02
03/03/2026,UPI/DR/150999159437/Uber/PAYTM/uber@paytm/UPI,896298420919,300.66,,1150445.36
03/03/2026,UPI/DR/206820977117/Paytm/ICICI/paytm@paytm/UPI,842266485574,"1,830.52",,1148614.84
03/03/2026,GST ON CHARGES,635769498941,36.00,,1148578.84
03/03/2026,UPI/DR/881969417027/Amazon/ICICI/amazon@apl/UPI,776572319095,"1,020.27",,1147558.57
03/03/2026,UPI/DR/602151162569/Radha/UCBA/2264621780@paytm/UPI,019898376044,"15,300.20",,1132258.37
03/03/2026,UPI/CR/153715002486/Rahul/BKID/rahulsen92@axl/UPI,921495062070,,"18,950.03",1151208.40
03/03/2026,POS V MART RAJKOT,315024389496,"3,000.49",,1148207.91
03/03/2026,UPI/DR/087205736662/Amazon/PAYTM/amazon@apl/UPI,136448392907,"4,650.42",,1143557.49
04/03/2026,UPI/DR/322819656912/Uber/ICICI/uber@paytm/UPI,251247456635,"2,470.65",,1141086.84
05/03/2026,UPI/DR/487477305335/Jio/PAYTM/jio@paytm/UPI,092832226881,509.00,,1140577.84
05/03/2026,UPI/DR/360527730629/Shweta/PUNB/0998506216@aubank/UPI,005450388467,"16,900.34",,1123677.50
05/03/2026,UPI/DR/674435061552/Amit/SBIN/amit.gupta@okaxis/UPI,965526401704,"12,700.97",,1110976.53
05/03/2026,UPI/DR/428351055127/ICICI/LICI/licindia@licindia/UPI,089416766826,"2,100.00",,1108876.53
05/03/2026,NACH/MANDATE/RNT9682950/RENT MANDATE,682877146247,"6,500.00",,1102376.53
06/03/2026,UPI/DR/612859632562/Rani/UCBA/rani656@oksbi/UPI,277578717448,"12,900.62",,1089475.91
07/03/2026,UPI/CR/806185446357/Usha/UTIB/usha692@ibl/UPI,382174107640,,"2,950.78",1092426.69
09/03/2026,UPI/CR/491128527723/Jyoti/UTIB/jyoti.jain@okaxis/UPI,889108340572,,"12,150.51",1104577.20
09/03/2026,UPI/DR/802148003254/Divya/PUNB/divyasriv82@ptaxis/UPI,423590006579,"9,250.84",,1095326.36
10/03/2026,UPI/DR/306260332332/Ola/PAYTM/olamoney@ola/UPI,139423755980,300.25,,1095026.11
10/03/2026,POS BIG BAZAAR RAJKOT,300151946295,"7,450.74",,1087575.37
10/03/2026,UPI/DR/275598979549/Naresh/BARB/2465572778@ibl/UPI,388861689190,"4,750.98",,1082824.39
10/03/2026,UPI/DR/049591298266/BigBasket/ICICI/bigbasket@ybl/UPI,640470061365,"1,730.81",,1081093.58
10/03/2026,UPI/DR/258280887419/Swiggy/ICICI/swiggy@icici/UPI,715520441168,"1,120.71",,1079972.87
10/03/2026,UPI/DR/888941767882/BigBasket/ICICI/bigbasket@ybl/UPI,810815394126,"1,010.66",,1078962.21
11/03/2026,UPI/CR/478689015707/Abhishek/HDFC/abhishek660@apl/UPI,440163324751,,"9,300.97",1088263.18
12/03/2026,UPI/DR/079518352744/Deepa/BDBL/deepaahuj67@kotak/UPI,271045551602,"12,800.28",,1075462.90
12/03/2026,UPI/DR/296440156783/Rapido/PAYTM/rapido@icici/UPI,721854550436,350.54,,1075112.36
12/03/2026,POS SHELL FUEL STATION RAJKOT,337960859191,"1,000.38",,1074111.98
13/03/2026,UPI/DR/840377978752/Radha/UCBA/4258540068@kotak/UPI,577203365156,"19,300.98",,1054811.00
14/03/2026,POS PANTALOONS RAJKOT,256653004063,"5,450.93",,1049360.07
15/03/2026,NEFT/N1851433358114/Mahindra Logistics L,542641284383,,"33,000.12",1082360.19
15/03/2026,UPI/DR/429671353176/Hathway/RAZORPAY/broadband@paytm/UPI,172827553287,299.00,,1082061.19
15/03/2026,POS PANTALOONS RAJKOT,353237706053,"3,950.99",,1078110.20
15/03/2026,UPI/DR/932933767320/Ola/ICICI/olamoney@ola/UPI,916024887117,"2,120.19",,1075990.01
16/03/2026,ATM CASH WITHDRAWAL/17003/RAJKOT,861623870991,"8,000.00",,1067990.01
17/03/2026,UPI/DR/463509662480/Zomato/ICICI/zomato@axisbank/UPI,781611427441,840.34,,1067149.67
17/03/2026,POS V MART RAJKOT,157533364828,"3,500.07",,1063649.60
18/03/2026,UPI/DR/583395870331/Myntra/PAYTM/myntra@ybl/UPI,524527285393,"3,500.61",,1060148.99
18/03/2026,UPI/DR/666174737409/Uber/PAYTM/uber@paytm/UPI,437616383724,810.10,,1059338.89
19/03/2026,UPI/DR/824094650880/Krishna/KKBK/krishna.ghosh@okaxis/UPI,897499694074,"12,100.11",,1047238.78
20/03/2026,UPI/DR/279742223786/BESCOM/UPIN/bescompayment@upi/UPI,599965903077,"2,100.96",,1045137.82
20/03/2026,UPI/DR/172568079604/Blinkit/ICICI/blinkit@kotak/UPI,316724196002,"1,060.41",,1044077.41
21/03/2026,UPI/CR/645140471434/Ankit/UTIB/9110651996@aubank/UPI,309845747545,,"19,250.27",1063327.68
21/03/2026,UPI/DR/323839670571/Jio/PAYTM/jio@paytm/UPI,261970068928,819.00,,1062508.68
21/03/2026,UPI/DR/953134402978/Jyoti/BKID/jyoti664@ptaxis/UPI,198817010552,"5,450.50",,1057058.18
22/03/2026,POS BHARAT PETROLEUM RAJKOT,554373854997,"1,450.64",,1055607.54
22/03/2026,UPI/DR/941158304226/Swiggy/ICICI/swiggy@icici/UPI,172297274656,"1,900.71",,1053706.83
24/03/2026,UPI/DR/625897596546/Indane/ICICI/indanegas@upi/UPI,487069859946,"2,450.67",,1051256.16
25/03/2026,UPI/DR/691562031076/Jio/PAYTM/jio@paytm/UPI,519716441844,359.00,,1050897.16
26/03/2026,UPI/DR/082660727881/Blinkit/ICICI/blinkit@kotak/UPI,894737211437,"2,100.29",,1048796.87
26/03/2026,UPI/DR/540453881460/Mina/UTIB/mina756@pthdfc/UPI,995915739603,"16,700.45",,1032096.42
27/03/2026,UPI/DR/874373365526/Jio/PAYTM/jio@paytm/UPI,756675808259,319.00,,1031777.42
27/03/2026,INTEREST CREDIT,797139954675,,790.09,1032567.51
29/03/2026,POS PANTALOONS RAJKOT,273058170468,"2,950.81",,1029616.70
29/03/2026,UPI/DR/367207953737/Jio/PAYTM/jio@paytm/UPI,177593027279,299.00,,1029317.70
30/03/2026,UPI/CR/011745454496/Gopal/HDFC/gopaldas45@ptsbi/UPI,567834541239,,"21,100.33",1050418.03
31/03/2026,UPI/DR/652678726805/Zepto/ICICI/zepto@apl/UPI,507706904334,"1,710.24",,1048707.79
31/03/2026,UPI/CR/389818851724/Renu/SBIN/renusing70@aubank/UPI,799633735661,,"2,050.72",1050758.51
31/03/2026,UPI/DR/659653626338/PhonePe/ICICI/phonepe@ybl/UPI,136404601671,190.49,,1050568.02
01/04/2026,UPI/DR/298917721657/Ola/PAYTM/olamoney@ola/UPI,878377740828,840.86,,1049727.16
01/04/2026,UPI/DR/227387814530/Sushma/FDRL/4279341507@axl/UPI,946462462079,"15,750.67",,1033976.49
01/04/2026,UPI/DR/681752467991/Flipkart/ICICI/flipkart@ybl/UPI,830763091909,"1,870.95",,1032105.54
02/04/2026,SALARY CREDIT/S8408491413637/Bajaj Finserv Ltd,470459708795,,"142,358.72",1174464.26
03/04/2026,UPI/DR/109495525706/Jio/PAYTM/jio@paytm/UPI,825981872289,719.00,,1173745.26
03/04/2026,ATM CASH WITHDRAWAL/21994/RAJKOT,844515885749,"3,500.00",,1170245.26
04/04/2026,ATM CASH WITHDRAWAL/03416/RAJKOT,464690772885,"9,000.00",,1161245.26
04/04/2026,UPI/DR/925872983148/Spotify/ICICI/spotify@icici/UPI,442094985373,649.00,,1160596.26
05/04/2026,UPI/DR/263206526718/Sushma/PUNB/sushmapill53@ybl/UPI,160968926496,"6,950.60",,1153645.66
06/04/2026,NACH/MANDATE/RNT5534101/RENT MANDATE,542905743765,"6,500.00",,1147145.66
06/04/2026,IMPS-130944021896-Arjun Agarwal,613553269510,"22,500.41",,1124645.25
06/04/2026,POS RELIANCE PETROLEUM RAJKOT,062845504540,"2,150.69",,1122494.56
09/04/2026,POS INDIAN OIL RAJKOT,897187582305,"3,450.44",,1119044.12
09/04/2026,UPI/DR/488491319320/Dunzo/ICICI/dunzo@razorpay/UPI,371196942712,650.99,,1118393.13
09/04/2026,UPI/DR/632165317014/Lata/UTIB/lata.jain@kotak/UPI,674758812506,"18,950.32",,1099442.81
10/04/2026,UPI/DR/289550357128/Uber/ICICI/uber@paytm/UPI,890436048050,710.51,,1098732.30
10/04/2026,UPI/DR/132846705949/Manish/FDRL/manishbose57@oksbi/UPI,586738395224,"4,850.41",,1093881.89
10/04/2026,POS HP PETROL PUMP RAJKOT,960898833382,"1,800.53",,1092081.36
11/04/2026,UPI/DR/071471448599/Ola/PAYTM/olamoney@ola/UPI,908629234850,360.16,,1091721.20
12/04/2026,UPI/DR/816441896778/Uber/PAYTM/uber@paytm/UPI,792588664871,420.97,,1091300.23
13/04/2026,UPI/DR/840390409550/Ritu/SBIN/ritushah27@paytm/UPI,054033364550,"4,150.67",,1087149.56
13/04/2026,UPI/CR/285549047989/Asha/SBIN/asha.dutta@axl/UPI,318947988406,,"2,850.21",1089999.77
13/04/2026,UPI/DR/266318706580/Jio/PAYTM/jio@paytm/UPI,130136209086,549.00,,1089450.77
14/04/2026,UPI/DR/462851438893/Uber/ICICI/uber@paytm/UPI,064062267905,"1,200.82",,1088249.95
14/04/2026,UPI/DR/684194286701/Varun/KKBK/varunpill37@paytm/UPI,765898478527,"15,700.82",,1072549.13
14/04/2026,UPI/DR/757977140982/Flipkart/ICICI/flipkart@ybl/UPI,171161903028,"2,330.58",,1070218.55
15/04/2026,UPI/DR/621054535080/Dunzo/ICICI/dunzo@razorpay/UPI,265549971963,"1,060.65",,1069157.90
15/04/2026,UPI/DR/075285437857/PhonePe/ICICI/phonepe@ybl/UPI,477495555805,"2,750.63",,1066407.27
15/04/2026,UPI/CR/284096926633/Poonam/KKBK/poonam.pandey@ptaxis/UPI,556228198558,,"18,450.30",1084857.57
15/04/2026,UPI/DR/044821029140/Zepto/ICICI/zepto@apl/UPI,455968302332,"1,880.76",,1082976.81
16/04/2026,UPI/DR/672032036383/BSNL/ICICI/bsnlbroadband@upi/UPI,091749254492,240.17,,1082736.64
16/04/2026,UPI/DR/235181298875/Ola/ICICI/olamoney@ola/UPI,186281311041,"2,800.52",,1079936.12
17/04/2026,UPI/DR/139566606796/Uber/PAYTM/uber@paytm/UPI,328463787162,390.76,,1079545.36
18/04/2026,POS BRAND FACTORY RAJKOT,855295595797,"7,650.11",,1071895.25
18/04/2026,POS METRO CASH CARRY RAJKOT,296267918371,"5,450.23",,1066445.02
19/04/2026,UPI/DR/878429455714/Usha/HDFC/usha866@ptsbi/UPI,839013579190,"12,900.03",,1053544.99
19/04/2026,UPI/DR/730752360430/BESCOM/UPIN/bescompayment@upi/UPI,117288688137,"3,100.81",,1050444.18
19/04/2026,UPI/DR/798098958853/Blinkit/ICICI/blinkit@kotak/UPI,904257018903,"2,580.71",,1047863.47
20/04/2026,NEFT/N8575846553368/Tata Consultancy Ser,297707930603,,"24,500.45",1072363.92
21/04/2026,UPI/DR/931561865203/MedPlus/ICICI/medplus@icici/UPI,377312001597,"2,010.70",,1070353.22
24/04/2026,UPI/DR/918605248096/Jio/PAYTM/jio@paytm/UPI,469490547051,279.00,,1070074.22
24/04/2026,UPI/DR/061789086566/Ritu/HDFC/ritu341@ptsbi/UPI,104932292214,"11,250.42",,1058823.80
24/04/2026,UPI/DR/772180557910/Jio/PAYTM/jio@paytm/UPI,044519031325,599.00,,1058224.80
25/04/2026,UPI/DR/193113105436/Indane/ICICI/indanegas@upi/UPI,204033143838,"1,100.56",,1057124.24
25/04/2026,UPI/DR/191273822134/Swiggy/ICICI/swiggy@icici/UPI,223498301134,"2,660.52",,1054463.72
26/04/2026,UPI/DR/622302438665/Ankit/HDFC/ankit759@upi/UPI,665529433769,"9,500.32",,1044963.40
27/04/2026,GST ON CHARGES,780698194589,73.80,,1044889.60
27/04/2026,UPI/DR/081877714510/Jio/ICICI/jio@paytm/UPI,111774638255,810.91,,1044078.69
27/04/2026,UPI/DR/285937939276/Ola/PAYTM/olamoney@ola/UPI,683647510438,750.99,,1043327.70
27/04/2026,SMS CHARGES,342241695408,410.00,,1042917.70
27/04/2026,UPI/CR/387305601381/Sanjay/BDBL/sanjaykapo31@ptyes/UPI,927802734235,,"15,650.56",1058568.26
27/04/2026,UPI/DR/471441480460/Dunzo/ICICI/dunzo@razorpay/UPI,778790764628,"2,450.04",,1056118.22
27/04/2026,UPI/DR/428002203684/Jio/PAYTM/jio@paytm/UPI,655820649159,439.00,,1055679.22
27/04/2026,ATM CASH WITHDRAWAL/41651/RAJKOT,421700473203,"1,000.00",,1054679.22
28/04/2026,UPI/DR/625025782190/Ola/PAYTM/olamoney@ola/UPI,357938162277,150.64,,1054528.58
28/04/2026,UPI/DR/168214248400/Shweta/PUNB/shweta959@oksbi/UPI,032012928635,"19,700.09",,1034828.49
29/04/2026,UPI/DR/819727383850/Meesho/PAYTM/meesho@ybl/UPI,609780403322,400.14,,1034428.35
29/04/2026,UPI/DR/340915604802/Flipkart/ICICI/flipkart@ybl/UPI,013121533557,"2,230.04",,1032198.31
01/05/2026,POS METRO CASH CARRY RAJKOT,411724876355,"2,450.88",,1029747.43
01/05/2026,SALARY CREDIT/S0864226272239/Bajaj Finserv Ltd,209238632462,,"139,271.72",1169019.15
01/05/2026,UPI/DR/035475714819/Sarita/BDBL/sarita294@okicici/UPI,543067400850,"3,550.61",,1165468.54
02/05/2026,NACH/MANDATE/RNT2341442/RENT MANDATE,869516966476,"6,500.00",,1158968.54
02/05/2026,ATM CASH WITHDRAWAL/26392/RAJKOT,371118060555,"1,500.00",,1157468.54
02/05/2026,UPI/DR/311799318791/Rapido/PAYTM/rapido@icici/UPI,494212995661,340.79,,1157127.75
02/05/2026,POS CENTRAL MALL RAJKOT,037507028241,"6,050.61",,1151077.14
07/05/2026,UPI/DR/524539410142/Girish/KKBK/girishchop98@axl/UPI,231063449978,"20,550.87",,1130526.27
07/05/2026,UPI/DR/829985837716/Ola/PAYTM/olamoney@ola/UPI,634175016570,300.78,,1130225.49
08/05/2026,UPI/CR/761087645200/Deepa/SBIN/deepasriv66@aubank/UPI,065117444854,,"5,900.35",1136125.84
08/05/2026,ATM CASH WITHDRAWAL/35622/RAJKOT,112183450085,"5,500.00",,1130625.84
09/05/2026,POS V MART RAJKOT,199323797896,"4,250.34",,1126375.50
09/05/2026,UPI/DR/647306723823/BESCOM/UPIN/bescompayment@upi/UPI,843903127796,"2,850.29",,1123525.21
09/05/2026,UPI/DR/031817209031/BigBasket/ICICI/bigbasket@ybl/UPI,904949467926,"1,700.78",,1121824.43
09/05/2026,POS MAX FASHION RAJKOT,842001206964,"7,750.73",,1114073.70
09/05/2026,UPI/CR/502883555818/Deepa/BDBL/deepa390@axl/UPI,579182025560,,"1,200.39",1115274.09
