Bank Name,AXIS BANK LIMITED
Account Number,980588499302989
Account Holder Name,SURESH KUMAR
Branch,VELACHERY
IFSC Code,UTIB0720103
Statement Period,03-12-2024 To 09-05-2026

Date,Description,Ref/ChequeNo,Debit,Credit,Balance
03-12-2024,UPIP2M040233022540AmazonPayUPIICICI,401964573754,330.72,,919875.82
04-12-2024,UPIP2M260565659291AdityaBirlaSUPILICI,211565105547,"5,700.00",,914175.82
04-12-2024,UPIP2M001123994871OlaCabsUPIPAYTM,738796228559,650.71,,913525.11
05-12-2024,SALARY/S0902036666616/Tata Consultancy Service,458427358467,,"110,609.96",1024135.07
05-12-2024,POS RELIANCE PETROLEUM LUCKNOW,838246414961,"1,300.86",,1022834.21
05-12-2024,UPIP2M357676270919FlipkartUPIICICI,567779948223,"1,300.68",,1021533.53
06-12-2024,UPIP2A920770868459KunalVermaUPIUCBA,322866633480,,"17,000.84",1038534.37
06-12-2024,UPIP2M740819720548DunzoUPIICICI,918667488679,"1,080.27",,1037454.10
07-12-2024,UPIP2M601566276256PhonePeMerchUPIICICI,929529089305,"1,650.93",,1035803.17
07-12-2024,NACH/MANDATE/RNT2002979/RENT MANDATE,142791586312,"21,000.00",,1014803.17
07-12-2024,UPIP2A408643527811SureshGhoshUPIHDFC,862327216467,,"17,900.25",1032703.42
07-12-2024,POS SHELL FUEL STATION LUCKNOW,976610002297,"1,950.08",,1030753.34
08-12-2024,UPIP2M162773638039MeenaMehtaUPIFDRL,481878602277,"9,550.60",,1021202.74
09-12-2024,NACH/MANDATE/LN437701607747/Axis Bank Auto Loan,051731717621,"21,000.00",,1000202.74
10-12-2024,ATMCASHAXISCHO56455849LUCKNO,749001624468,"9,500.00",,990702.74
10-12-2024,UPIP2M191368011999BigBasketUPIICICI,683052909460,780.03,,989922.71
10-12-2024,ATMCASHAXISKDZ63787876LUCKNO,011919951457,"6,000.00",,983922.71
10-12-2024,UPIP2M320784237152FlipkartUPIPAYTM,711151854465,"4,150.20",,979772.51
11-12-2024,IMPS/735777818611/Rekha Shah/UCBA,153885851542,"39,900.85",,939871.66
11-12-2024,UPIP2M989785960526BlinkitUPIICICI,435699281573,"1,620.05",,938251.61
13-12-2024,UPIP2M934680912616RapidoUPIPAYTM,218405251590,890.28,,937361.33
13-12-2024,UPIP2M779270372931IndaneGasUPIICICI,778020965133,"1,850.70",,935510.63
14-12-2024,UPIP2M951364956590OlaCabsUPIPAYTM,810799291285,560.43,,934950.20
14-12-2024,UPIP2M014264911476OlaCabsUPIPAYTM,424944349099,790.02,,934160.18
15-12-2024,UPIP2M486646447197PaytmMallUPIICICI,583210455147,"2,070.62",,932089.56
15-12-2024,UPIP2M705609688677MaheshReddyUPIBARB,037243684722,"1,400.84",,930688.72
16-12-2024,UPIP2M400716590577JioRechargeUPIPAYTM,252324365808,939.00,,929749.72
16-12-2024,UPIP2M819998382326UberIndiaUPIPAYTM,029436985690,840.40,,928909.32
16-12-2024,UPIP2M267677286726NehaDubeyUPISBIN,850032582431,"11,350.02",,917559.30
16-12-2024,UPIP2M464544002028JioRechargeUPIICICI,592469344895,"1,090.04",,916469.26
17-12-2024,IMPS/186563633390/Arun Roy/UCBA,082588775084,"13,000.51",,903468.75
17-12-2024,NACH/MANDATE/SIP9429378/Axis Mutual Fund,744810789958,"7,500.00",,895968.75
17-12-2024,UPIP2M707987636972PaytmMallUPIICICI,464908005509,"1,710.52",,894258.23
17-12-2024,UPIP2A219589752385GauravKulkarUPIFDRL,307691178353,,"16,150.32",910408.55
18-12-2024,UPIP2A042530753470SantoshNaikUPIBDBL,268566743478,,"16,850.70",927259.25
19-12-2024,POS CENTRAL MALL LUCKNOW,591622237827,"7,250.84",,920008.41
19-12-2024,UPIP2M561380653318RapidoUPIPAYTM,892457236494,310.04,,919698.37
20-12-2024,UPIP2M763914832604JioRechargeUPIPAYTM,041908133714,499.00,,919199.37
21-12-2024,POS BRAND FACTORY LUCKNOW,690195504173,"6,400.91",,912798.46
22-12-2024,ATMCASHAXISJDJ09543703LUCKNO,409604354101,"7,500.00",,905298.46
22-12-2024,UPIP2M341689725869MukeshKulkarUPIBKID,594242099691,"12,700.05",,892598.41
23-12-2024,UPIP2M903794726263MSEDCLUPIUPIN,542955977652,"3,750.89",,888847.52
23-12-2024,UPIP2M200723434159MohitJainUPIFDRL,373701192285,"14,000.85",,874846.67
23-12-2024,UPIP2M551575896755IRCTCUPIICICI,506460530886,549.00,,874297.67
25-12-2024,UPIP2M471199672275BlinkitUPIICICI,414893106142,450.06,,873847.61
25-12-2024,POS D MART LUCKNOW,855721998048,"5,800.97",,868046.64
25-12-2024,INTEREST CREDIT,821213038648,,"1,120.54",869167.18
25-12-2024,UPIP2M170582911645FlipkartUPIICICI,423251005883,"1,060.61",,868106.57
26-12-2024,NEFT/N9447653437143/Wipro Limited/PUNB0353384,361291351211,,"52,000.48",920107.05
26-12-2024,POS INDIAN OIL LUCKNOW,254864875673,"2,950.94",,917156.11
27-12-2024,UPIP2M213295884418TarunShahUPIHDFC,571912700673,"12,400.66",,904755.45
27-12-2024,UPIP2M687471015473MamtaRaoUPIUTIB,889490344171,"9,950.42",,894805.03
27-12-2024,UPIP2M746435724254UberIndiaUPIICICI,720632427827,250.28,,894554.75
27-12-2024,UPIP2M732841151885JioRechargeUPIPAYTM,674071637625,259.00,,894295.75
28-12-2024,ATMCASHAXISBNN97682671LUCKNO,543003704167,"10,000.00",,884295.75
28-12-2024,UPIP2M714597056635PrashantMenoUPIFDRL,809050486443,"20,800.91",,863494.84
29-12-2024,UPIP2M430773575609BigBasketUPIICICI,142330394168,560.07,,862934.77
30-12-2024,UPIP2A909823224695NehaShuklaUPIHDFC,236365535084,,"4,250.99",867185.76
30-12-2024,UPIP2M440355111488GauravPillaiUPIPUNB,135557481506,"3,650.38",,863535.38
02-01-2025,UPIP2M785598986578RapidoUPIPAYTM,071877010080,730.78,,862804.60
02-01-2025,UPIP2M806969106270JioRechargeUPIPAYTM,739807247044,279.00,,862525.60
03-01-2025,UPIP2A302055992365LalitNaikUPIFDRL,202112630180,,"14,200.02",876725.62
03-01-2025,SALARY/S3587020036126/Tata Consultancy Service,686548715445,,"114,715.96",991441.58
03-01-2025,UPIP2M762087727544UberIndiaUPIICICI,455477642774,140.07,,991301.51
04-01-2025,UPIP2M495999886678SunilKhannaUPIKKBK,171079037877,"19,250.59",,972050.92
04-01-2025,UPIP2A903594268586SantoshNaikUPIHDFC,789438343623,,"19,300.44",991351.36
05-01-2025,POS V MART LUCKNOW,773949428071,"6,700.10",,984651.26
05-01-2025,NACH/MANDATE/RNT7379502/RENT MANDATE,099603140483,"21,000.00",,963651.26
05-01-2025,UPIP2A150047813900ShwetaBanerjUPIPUNB,694973119221,,"3,800.79",967452.05
06-01-2025,UPIP2M077255424558BSNLBroadbanUPIRAZORPAY,871434853738,"1,299.00",,966153.05
06-01-2025,UPIP2A059114085026AshaDasUPIBKID,678154792796,,"8,850.46",975003.51
07-01-2025,UPIP2M403298412495SpotifyUPIICICI,890922549289,599.00,,974404.51
07-01-2025,ATMCASHAXISWZL86276673LUCKNO,174351994361,"7,000.00",,967404.51
07-01-2025,UPIP2M311592943110AmazonPayUPIICICI,606452067749,990.55,,966413.96
07-01-2025,NACH/MANDATE/LN437701607747/Axis Bank Auto Loan,555803203226,"21,000.00",,945413.96
08-01-2025,UPIP2M981515394801AdityaBirlaSUPILICI,984415953484,"5,700.00",,939713.96
08-01-2025,UPIP2M740079403769MinaAhujaUPIBDBL,097578917619,"7,850.07",,931863.89
08-01-2025,ATMCASHAXISHSS56810920LUCKNO,407426088417,"6,500.00",,925363.89
09-01-2025,UPIP2M946045610395OlaCabsUPIPAYTM,721581814560,640.82,,924723.07
10-01-2025,UPIP2M656012612241PhonePeMerchUPIICICI,676882761137,"1,830.47",,922892.60
10-01-2025,POS BIG BAZAAR LUCKNOW,653895550540,"2,100.99",,920791.61
10-01-2025,UPIP2A286191968675RajeshDuttaUPIBDBL,587447158266,,"3,650.28",924441.89
11-01-2025,ATMCASHAXISJXI24873040LUCKNO,374324266580,"10,000.00",,914441.89
11-01-2025,UPIP2M704885069339BSNLBroadbanUPIICICI,673876641275,"1,490.14",,912951.75
12-01-2025,ATMCASHAXISEIE01541092LUCKNO,057298941726,"10,000.00",,902951.75
12-01-2025,NACH/MANDATE/SIP2669887/Axis Mutual Fund,000826158214,"7,500.00",,895451.75
13-01-2025,UPIP2M924785217172ZeptoUPIICICI,056663596473,"2,750.37",,892701.38
13-01-2025,ATMCASHAXISOBX11180051LUCKNO,504680277565,"3,500.00",,889201.38
14-01-2025,UPIP2M678189890016ZomatoUPIICICI,682600773394,130.21,,889071.17
15-01-2025,UPIP2M177109431899BlinkitUPIICICI,881383642807,"1,580.02",,887491.15
15-01-2025,UPIP2M392183694711PaytmMallUPIICICI,586106539962,"1,790.53",,885700.62
16-01-2025,UPIP2M376045093319JioRechargeUPIPAYTM,455207537079,989.00,,884711.62
17-01-2025,UPIP2M121703350664DivyaBoseUPIFDRL,716862061472,"3,950.43",,880761.19
17-01-2025,UPIP2M086642908026PhonePeMerchUPIICICI,605519925187,500.15,,880261.04
18-01-2025,UPIP2M526045794875MeeshoUPIPAYTM,108457651864,"2,550.05",,877710.99
20-01-2025,UPIP2A322363277659MohitSethiUPIBARB,632653638741,,"11,400.35",889111.34
20-01-2025,POS PANTALOONS LUCKNOW,538063521220,850.29,,888261.05
20-01-2025,UPIP2M961665730798JioRechargeUPIICICI,714793559174,"2,710.59",,885550.46
20-01-2025,POS SHELL FUEL STATION LUCKNOW,222014439179,"4,250.97",,881299.49
21-01-2025,UPIP2M629878975193UberIndiaUPIPAYTM,085612115416,670.33,,880629.16
22-01-2025,UPIP2M526099576118IndaneGasUPIICICI,506510147668,"1,450.75",,879178.41
22-01-2025,UPIP2M354193141149UberIndiaUPIPAYTM,348743036537,360.89,,878817.52
22-01-2025,UPIP2A799223025594AjaySrivastaUPIPUNB,848578056460,,"2,900.12",881717.64
22-01-2025,UPIP2M780043730578ApolloPharmaUPIICICI,489781196414,"2,200.43",,879517.21
23-01-2025,UPIP2M883048410048PaytmMallUPIICICI,523024243632,"1,490.40",,878026.81
23-01-2025,UPIP2A958052945332VarunBajajUPIBKID,130500606821,,"11,350.01",889376.82
23-01-2025,UPIP2M185364812553MSEDCLUPIUPIN,450022022988,"2,300.59",,887076.23
23-01-2025,POS INDIAN OIL LUCKNOW,160133959227,"4,300.80",,882775.43
23-01-2025,UPIP2A552706983477GeetaDubeyUPIPUNB,663867688163,,"13,450.34",896225.77
23-01-2025,UPIP2M100847633950MyntraUPIPAYTM,316499287788,"2,200.74",,894025.03
23-01-2025,UPIP2M256013455913SantoshSethiUPIBARB,269700370386,"18,900.84",,875124.19
23-01-2025,UPIP2M694973907284BigBasketUPIICICI,780349812632,"2,330.32",,872793.87
24-01-2025,UPIP2M825754350024UberIndiaUPIPAYTM,126753899481,550.89,,872242.98
24-01-2025,POS SHOPPERS STOP LUCKNOW,574719054340,"1,150.11",,871092.87
24-01-2025,UPIP2M067813911196SoniaDesaiUPIUCBA,764562143417,"18,600.67",,852492.20
26-01-2025,UPIP2A172927494439VarshaReddyUPIBARB,360028997786,,"2,150.60",854642.80
26-01-2025,UPIP2M993334464208BlinkitUPIICICI,136220707032,800.86,,853841.94
27-01-2025,UPIP2M995260827320FlipkartUPIICICI,274466543825,350.24,,853491.70
27-01-2025,UPIP2M223238911012AnilThaparUPIBDBL,075163865233,"15,950.20",,837541.50
28-01-2025,UPIP2M953903916129JioRechargeUPIICICI,043157529262,"1,840.19",,835701.31
29-01-2025,UPIP2M379348483477MohitYadavUPIPUNB,609068209181,"9,650.60",,826050.71
30-01-2025,UPIP2M846961560500FlipkartUPIICICI,768826813469,"2,290.91",,823759.80
31-01-2025,UPIP2M228422258956SaritaSrivasUPIUCBA,237706956799,"20,400.04",,803359.76
02-02-2025,UPIP2M328304584493UberIndiaUPIICICI,867607903541,650.29,,802709.47
02-02-2025,SALARY/S7470863530770/Tata Consultancy Service,875584082703,,"114,141.96",916851.43
02-02-2025,UPIP2M742228891027BlinkitUPIICICI,303510750945,520.47,,916330.96
02-02-2025,UPIP2M062747842178BigBasketUPIICICI,440555989605,"1,200.52",,915130.44
02-02-2025,UPIP2M885628886714JioRechargeUPIICICI,754344580467,"2,400.54",,912729.90
02-02-2025,UPIP2A952791548123RadhaChaudhaUPIBDBL,645564862762,,"2,800.49",915530.39
03-02-2025,ATMCASHAXISERG20040817LUCKNO,712435117875,"9,000.00",,906530.39
03-02-2025,UPIP2M675151400899PhonePeMerchUPIICICI,534945421009,680.92,,905849.47
04-02-2025,POS MAX FASHION LUCKNOW,779228810352,"7,250.05",,898599.42
04-02-2025,UPIP2M219659730656MeeshoUPIPAYTM,835871735091,"3,800.51",,894798.91
04-02-2025,NACH/MANDATE/RNT9232257/RENT MANDATE,362083524411,"21,000.00",,873798.91
05-02-2025,POS LIFESTYLE STORES LUCKNOW,790166530530,"2,100.31",,871698.60
05-02-2025,UPIP2M608354646916AbhishekJainUPIUCBA,257081832665,"3,450.19",,868248.41
05-02-2025,UPIP2M594425749843RapidoUPIPAYTM,383098210697,220.38,,868028.03
05-02-2025,POS BHARAT PETROLEUM LUCKNOW,446179575281,"3,100.03",,864928.00
06-02-2025,UPIP2M055070736975RajeshMenonUPIKKBK,158043848592,"16,700.08",,848227.92
06-02-2025,UPIP2M845282047278IshaSharmaUPIUCBA,143570392281,"1,700.19",,846527.73
07-02-2025,UPIP2M020389842405AdityaBirlaSUPILICI,698525547775,"5,700.00",,840827.73
08-02-2025,UPIP2M892554561457OlaCabsUPIICICI,356842723571,"2,560.20",,838267.53
09-02-2025,UPIP2M904188096496RapidoUPIPAYTM,676232559110,360.38,,837907.15
09-02-2025,UPIP2M837056413142SwiggyUPIICICI,190820429204,"2,750.96",,835156.19
09-02-2025,NACH/MANDATE/LN437701607747/Axis Bank Auto Loan,842225312772,"21,000.00",,814156.19
09-02-2025,ATMCASHAXISPZR39293929LUCKNO,655859061435,"5,000.00",,809156.19
10-02-2025,UPIP2A476510175725SanjayDasUPIUCBA,083805969152,,"10,750.88",819907.07
10-02-2025,UPIP2M222728029059NehaShuklaUPIHDFC,765233840754,"6,250.73",,813656.34
11-02-2025,UPIP2M046283255541UberIndiaUPIPAYTM,696755361059,860.09,,812796.25
11-02-2025,UPIP2A695162807572MohanAhujaUPIKKBK,442124866173,,"18,000.51",830796.76
13-02-2025,ATMCASHAXISCOB30217889LUCKNO,956574575652,"4,500.00",,826296.76
13-02-2025,UPIP2M764736106449JioRechargeUPIPAYTM,409539341000,439.00,,825857.76
13-02-2025,UPIP2M297940665579RahulSenUPIPUNB,182031478388,"9,500.01",,816357.75
14-02-2025,POS V MART LUCKNOW,207675928047,"5,900.15",,810457.60
15-02-2025,UPIP2M343861870983MSEDCLUPIUPIN,459024281715,800.63,,809656.97
15-02-2025,UPIP2M132989739708HarishGuptaUPISBIN,710909902827,"12,500.43",,797156.54
15-02-2025,UPIP2M899242480661MohanSethiUPIKKBK,409196623126,"3,050.23",,794106.31
16-02-2025,UPIP2M984195091135RapidoUPIPAYTM,235549525330,700.98,,793405.33
16-02-2025,UPIP2M381994838227FlipkartUPIICICI,915584321792,"1,210.59",,792194.74
16-02-2025,UPIP2M413238040990OlaCabsUPIPAYTM,252764734610,310.15,,791884.59
16-02-2025,UPIP2M492350101550KapilDasUPIBARB,972169387005,"4,500.47",,787384.12
16-02-2025,POS MORE SUPER MARKET LUCKNOW,079232287710,"6,800.64",,780583.48
17-02-2025,NACH/MANDATE/SIP3671526/Axis Mutual Fund,688414155021,"7,500.00",,773083.48
17-02-2025,UPIP2M464833140637JioRechargeUPIPAYTM,566957103547,259.00,,772824.48
18-02-2025,POS BRAND FACTORY LUCKNOW,639541872861,800.33,,772024.15
18-02-2025,ATMCASHAXISGNI78334173LUCKNO,352219002161,"7,500.00",,764524.15
18-02-2025,UPIP2A445494882440SwatiChaudhaUPIUTIB,975789348261,,"8,200.77",772724.92
18-02-2025,UPIP2M526616389687IndaneGasUPIICICI,766306462177,"1,000.20",,771724.72
19-02-2025,UPIP2M614633496736MedPlusHealtUPIICICI,345006412226,"2,450.60",,769274.12
19-02-2025,UPIP2M820627757644RapidoUPIPAYTM,135367121123,130.44,,769143.68
20-02-2025,POS LIFESTYLE STORES LUCKNOW,159432325897,"6,800.93",,762342.75
20-02-2025,POS MORE SUPER MARKET LUCKNOW,982393574783,"4,200.40",,758142.35
21-02-2025,UPIP2A836008277173ArchanaAhujaUPIHDFC,413004170458,,"16,000.73",774143.08
22-02-2025,UPIP2A820345526207JyotiSaxenaUPIBDBL,232644975978,,"20,950.18",795093.26
22-02-2025,UPIP2M929287890542PhonePeMerchUPIICICI,408600279157,670.22,,794423.04
23-02-2025,UPIP2M417039132907DunzoUPIICICI,898329190797,"2,530.78",,791892.26
24-02-2025,ATMCASHAXISXRG24803211LUCKNO,504239544215,"1,500.00",,790392.26
24-02-2025,UPIP2M371782837258ZeptoUPIICICI,124642663815,920.34,,789471.92
25-02-2025,ATMCASHAXISEHX49357090LUCKNO,818755537608,"9,000.00",,780471.92
26-02-2025,UPIP2M584976804265DunzoUPIICICI,074514229668,"1,200.60",,779271.32
26-02-2025,UPIP2A591006862307ArunChaudharUPIPUNB,075897646626,,"2,950.34",782221.66
26-02-2025,UPIP2M065802389166BSNLBroadbanUPIRAZORPAY,034886666048,599.00,,781622.66
27-02-2025,POS PANTALOONS LUCKNOW,002880679513,"5,000.17",,776622.49
27-02-2025,UPIP2M592683653692KrishnaDesaiUPIUCBA,148072335814,"6,250.39",,770372.10
28-02-2025,UPIP2M201408338386OlaCabsUPIICICI,960012270055,420.99,,769951.11
28-02-2025,UPIP2M100997341327BSNLBroadbanUPIICICI,478715311903,"2,720.56",,767230.55
01-03-2025,POS RELIANCE PETROLEUM LUCKNOW,488754653418,900.33,,766330.22
01-03-2025,POS MORE SUPER MARKET LUCKNOW,805693379994,"5,250.66",,761079.56
02-03-2025,UPIP2A541392734841JyotiRoyUPIUCBA,490766235776,,"21,500.51",782580.07
02-03-2025,UPIP2M110097905789DunzoUPIICICI,331122248684,580.07,,782000.00
02-03-2025,UPIP2A210491375389RohitPillaiUPIBKID,558708251746,,"19,950.95",801950.95
03-03-2025,UPIP2M410674034115ShivamChopraUPIPUNB,415696694970,"12,850.28",,789100.67
03-03-2025,SALARY/S3627225808774/Tata Consultancy Service,169539251727,,"113,521.96",902622.63
03-03-2025,UPIP2M879605677614SunilChopraUPIKKBK,635940761020,"12,200.22",,890422.41
03-03-2025,UPIP2M608702009775ShreyaMalhotUPIPUNB,786915205442,"10,050.80",,880371.61
03-03-2025,UPIP2A647834722825NikhilShuklaUPISBIN,239146038815,,"5,200.41",885572.02
05-03-2025,UPIP2M722389604609RohitAgarwalUPIBARB,736887086910,"18,000.12",,867571.90
05-03-2025,UPIP2M814379889110OlaCabsUPIPAYTM,417679953768,130.46,,867441.44
06-03-2025,NACH/MANDATE/LN437701607747/Axis Bank Auto Loan,666280359427,"21,000.00",,846441.44
06-03-2025,UPIP2A196245809595ShwetaSaxenaUPIKKBK,914715616661,,"14,800.91",861242.35
08-03-2025,POS V MART LUCKNOW,206479185885,"4,000.41",,857241.94
08-03-2025,NACH/MANDATE/RNT0619360/RENT MANDATE,757845816929,"21,000.00",,836241.94
08-03-2025,UPIP2M627748536167AmazonPayUPIICICI,280812305151,"1,380.58",,834861.36
09-03-2025,POS VISHAL MEGA MART LUCKNOW,260460197916,"2,900.08",,831961.28
10-03-2025,ATMCASHAXISOHE98330882LUCKNO,089439474034,"1,500.00",,830461.28
10-03-2025,UPIP2M416833777851UberIndiaUPIPAYTM,200880590316,760.15,,829701.13
10-03-2025,UPIP2M803699024889AmazonPayUPIICICI,338257147085,"2,150.95",,827550.18
10-03-2025,UPIP2M605276300452AmazonPayUPIPAYTM,474935959669,"3,800.14",,823750.04
11-03-2025,UPIP2M028364290495FlipkartUPIICICI,232127782906,"1,140.68",,822609.36
11-03-2025,UPIP2A780658629130SureshPillaiUPIFDRL,303452550044,,"12,350.35",834959.71
11-03-2025,UPIP2M076296094424AdityaBirlaSUPILICI,541839486718,"5,700.00",,829259.71
12-03-2025,UPIP2M640004428714RapidoUPIPAYTM,543039677295,100.12,,829159.59
12-03-2025,UPIP2M554283771995MSEDCLUPIUPIN,686238888095,"2,550.67",,826608.92
12-03-2025,ATMCASHAXISGOZ66522214LUCKNO,521040724304,"1,000.00",,825608.92
13-03-2025,UPIP2M965531200122JioRechargeUPIPAYTM,310727954182,839.00,,824769.92
13-03-2025,UPIP2M120817325473ZomatoUPIICICI,367191148395,"2,710.48",,822059.44
13-03-2025,NACH/MANDATE/SIP5797126/Axis Mutual Fund,114152040137,"7,500.00",,814559.44
14-03-2025,POS HP PETROL PUMP LUCKNOW,763749970164,"3,300.22",,811259.22
15-03-2025,POS INDIAN OIL LUCKNOW,817248523601,"3,200.83",,808058.39
16-03-2025,UPIP2M860800669116AmazonPayUPIPAYTM,540195051926,"2,000.19",,806058.20
16-03-2025,UPIP2M104265471848RapidoUPIPAYTM,254023172894,530.97,,805527.23
17-03-2025,UPIP2M356362873529VivekRoyUPIBDBL,359381339465,"21,650.03",,783877.20
17-03-2025,UPIP2M585023117980VijayBoseUPIFDRL,873908423853,100.68,,783776.52
17-03-2025,UPIP2M389878237261PallaviBajajUPIBARB,240118236903,"7,300.93",,776475.59
17-03-2025,UPIP2A226721246847PrashantSethUPIBKID,159828619024,,"9,950.41",786426.00
18-03-2025,UPIP2M704307531737OlaCabsUPIICICI,228713767455,"1,880.21",,784545.79
18-03-2025,ATMCASHAXISDBM77262720LUCKNO,982953730972,"10,000.00",,774545.79
18-03-2025,UPIP2A147782708674VivekMalhotrUPIPUNB,993200672271,,"9,950.12",784495.91
18-03-2025,ATMCASHAXISISJ80162716LUCKNO,779512452289,"5,000.00",,779495.91
20-03-2025,UPIP2A973237856897RakeshDasUPIBARB,343670261654,,"5,900.80",785396.71
20-03-2025,UPIP2M502985501852VivekJoshiUPIUTIB,232843153691,"21,500.18",,763896.53
21-03-2025,UPIP2M818525127351AmazonPayUPIPAYTM,649887359581,"3,750.58",,760145.95
21-03-2025,UPIP2A468372931675VijayRoyUPIKKBK,724694004210,,"16,200.03",776345.98
21-03-2025,UPIP2A837968102263ShwetaSaxenaUPIUCBA,591777001998,,"10,400.39",786746.37
22-03-2025,POS V MART LUCKNOW,013137855634,300.86,,786445.51
23-03-2025,POS INDIAN OIL LUCKNOW,142103578150,"4,400.92",,782044.59
24-03-2025,UPIP2M785001891464BSNLBroadbanUPIRAZORPAY,315416086154,749.00,,781295.59
24-03-2025,NEFT/N6616010249511/Maruti Suzuki India/BKID0217661,689806560530,,"39,000.80",820296.39
25-03-2025,UPIP2A366067903151KunalSethiUPIBDBL,577381074432,,"19,700.46",839996.85
26-03-2025,POS SHOPPERS STOP LUCKNOW,734442575339,"3,100.60",,836896.25
26-03-2025,UPIP2M188944681623JioRechargeUPIPAYTM,605358138918,789.00,,836107.25
26-03-2025,UPIP2M766202480645IndaneGasUPIICICI,156954656959,"1,300.45",,834806.80
26-03-2025,ATMCASHAXISEQB65573431LUCKNO,914231459391,"9,000.00",,825806.80
27-03-2025,UPIP2M166466101965ZeptoUPIICICI,448821041384,620.64,,825186.16
27-03-2025,UPIP2M734603995540BigBasketUPIICICI,074278054702,"2,430.08",,822756.08
28-03-2025,ATMCASHAXISOJB10525580LUCKNO,633101582513,"2,500.00",,820256.08
28-03-2025,INTEREST CREDIT,386649066528,,730.58,820986.66
28-03-2025,UPIP2M950599405610PaytmMallUPIICICI,897869014956,"2,720.19",,818266.47
29-03-2025,UPIP2M604919970340JioRechargeUPIPAYTM,939881235185,219.00,,818047.47
29-03-2025,UPIP2M752903509843SnehaIyerUPIBKID,068809358833,"2,350.04",,815697.43
29-03-2025,POS HP PETROL PUMP LUCKNOW,190689806943,"1,400.50",,814296.93
30-03-2025,UPIP2M501515437887BSNLBroadbanUPIICICI,411452464375,"2,660.64",,811636.29
30-03-2025,UPIP2A649657098835MaheshPillaiUPIUCBA,759979461783,,"1,400.66",813036.95
31-03-2025,UPIP2M485037075196AjayDesaiUPIBKID,173793147572,"17,050.76",,795986.19
02-04-2025,UPIP2M878199043388BSNLBroadbanUPIRAZORPAY,119701627452,349.00,,795637.19
02-04-2025,UPIP2M890314039251JioRechargeUPIICICI,688061827255,"2,230.73",,793406.46
03-04-2025,UPIP2M127380472433OlaCabsUPIPAYTM,953413224897,590.29,,792816.17
03-04-2025,SALARY/S2905774888010/Tata Consultancy Service,908600121318,,"112,468.96",905285.13
04-04-2025,UPIP2M156219716419LataBanerjeeUPIUCBA,446055265899,"21,800.28",,883484.85
04-04-2025,UPIP2M214971380850UberIndiaUPIPAYTM,004982426418,540.80,,882944.05
04-04-2025,UPIP2A174225524744SaurabhYadavUPIPUNB,810488981762,,"13,500.43",896444.48
06-04-2025,POS METRO CASH CARRY LUCKNOW,227862643199,"7,300.77",,889143.71
06-04-2025,POS HP PETROL PUMP LUCKNOW,991421430255,"4,500.69",,884643.02
06-04-2025,NACH/MANDATE/LN437701607747/Axis Bank Auto Loan,913435045639,"21,000.00",,863643.02
07-04-2025,UPIP2M065369588883JioRechargeUPIPAYTM,446952268913,719.00,,862924.02
07-04-2025,UPIP2M750263160422AmazonPayUPIICICI,016921111390,"1,440.01",,861484.01
07-04-2025,UPIP2M982074501197PhonePeMerchUPIICICI,185154059003,900.59,,860583.42
08-04-2025,UPIP2A966267971223SushmaJainUPIPUNB,612827412759,,"13,150.11",873733.53
08-04-2025,ATMCASHAXISEIQ84906074LUCKNO,490400638638,"9,500.00",,864233.53
08-04-2025,UPIP2M4381954549931mgUPIICICI,971573908845,"1,770.89",,862462.64
08-04-2025,POS STAR BAZAAR LUCKNOW,565583414379,"2,950.65",,859511.99
08-04-2025,NACH/MANDATE/RNT9246753/RENT MANDATE,944821750993,"21,000.00",,838511.99
09-04-2025,UPIP2M546399392773AmazonPayUPIICICI,072438149123,940.43,,837571.56
09-04-2025,UPIP2M336453780066FlipkartUPIPAYTM,534295569470,"2,150.42",,835421.14
10-04-2025,UPIP2M190563801977MeeshoUPIPAYTM,655983009114,"2,200.73",,833220.41
10-04-2025,UPIP2M015518386198ZeptoUPIICICI,449918927766,860.01,,832360.40
11-04-2025,ATMCASHAXISTMK13054055LUCKNO,722320810945,"8,000.00",,824360.40
12-04-2025,POS BHARAT PETROLEUM LUCKNOW,973595798587,"2,750.03",,821610.37
12-04-2025,UPIP2M368139104659IndaneGasUPIICICI,688332072210,"1,050.14",,820560.23
12-04-2025,IMPS/950835123432/Mahesh Mishra/HDFC,386968446407,"12,400.24",,808159.99
12-04-2025,ATMCASHAXISXFD08961056LUCKNO,760294897943,"4,000.00",,804159.99
13-04-2025,UPIP2M665515444077AdityaBirlaSUPILICI,016243409770,"5,700.00",,798459.99
13-04-2025,UPIP2M697197088892SeemaJainUPIFDRL,988736819982,"21,050.03",,777409.96
14-04-2025,UPIP2M241892178446YogeshChaudhUPIUCBA,879924852843,"2,850.04",,774559.92
14-04-2025,UPIP2M108377261852OlaCabsUPIPAYTM,427733708069,340.33,,774219.59
16-04-2025,UPIP2M471243366430MSEDCLUPIUPIN,193950385500,"1,200.31",,773019.28
16-04-2025,UPIP2A905672012819NikhilPandeyUPIFDRL,525995265884,,"11,150.19",784169.47
16-04-2025,NACH/MANDATE/SIP9288275/Axis Mutual Fund,891805398401,"7,500.00",,776669.47
17-04-2025,UPIP2M357409994921SoniaBajajUPISBIN,209075700640,"5,550.98",,771118.49
18-04-2025,UPIP2M248718601784GirishBoseUPIFDRL,175740370553,"17,750.58",,753367.91
18-04-2025,UPIP2M542513826177NehaMehtaUPIUTIB,284445365730,"10,500.98",,742866.93
18-04-2025,UPIP2M258013762877SunilMehtaUPIBARB,749910416150,"5,100.49",,737766.44
19-04-2025,UPIP2A995443117617KiranGuptaUPIBDBL,584370358474,,"11,950.99",749717.43
20-04-2025,UPIP2M712600384643DivyaShahUPIPUNB,175527554096,"3,450.21",,746267.22
21-04-2025,UPIP2A333782081212VikasSrivastUPIFDRL,929019561116,,"14,100.93",760368.15
21-04-2025,UPIP2M428353528003KrishnaDesaiUPIBARB,334069308911,"17,550.05",,742818.10
21-04-2025,ATMCASHAXISYUG30066161LUCKNO,682496749570,"1,500.00",,741318.10
22-04-2025,UPIP2M504831750080SunitaChaudhUPIBDBL,544271426715,"12,900.69",,728417.41
22-04-2025,UPIP2M786658163708BSNLBroadbanUPIICICI,745617641374,"1,580.75",,726836.66
23-04-2025,UPIP2M224081775360SwiggyUPIICICI,862109772463,"1,410.01",,725426.65
23-04-2025,POS RELIANCE MART LUCKNOW,157284704947,"4,100.33",,721326.32
23-04-2025,UPIP2M268126693469RapidoUPIPAYTM,947198843959,730.50,,720595.82
25-04-2025,ATMCASHAXISVJD45432597LUCKNO,969224487952,"5,500.00",,715095.82
25-04-2025,UPIP2M056405664482JioRechargeUPIPAYTM,447343855655,569.00,,714526.82
26-04-2025,UPIP2A470364800403IshaNairUPIBDBL,204716658303,,"19,350.71",733877.53
27-04-2025,GST ON CHARGES,391742385397,32.40,,733845.13
27-04-2025,POS BHARAT PETROLEUM LUCKNOW,971332546988,"1,050.19",,732794.94
27-04-2025,Monthly Service Chrgs,189795847430,180.00,,732614.94
28-04-2025,UPIP2A558372268649AshishSenUPIUTIB,523208032149,,"11,450.41",744065.35
28-04-2025,POS MAX FASHION LUCKNOW,699819686856,"6,700.09",,737365.26
28-04-2025,POS BHARAT PETROLEUM LUCKNOW,531545343149,"1,900.50",,735464.76
28-04-2025,UPIP2M328279556155JioRechargeUPIPAYTM,490291024986,199.00,,735265.76
28-04-2025,UPIP2M186095327613SunilJainUPIUCBA,225457042530,"16,900.23",,718365.53
28-04-2025,UPIP2M914828490816PaytmMallUPIICICI,496954504852,"1,120.30",,717245.23
30-04-2025,UPIP2M897281811992BlinkitUPIICICI,188910030863,690.21,,716555.02
30-04-2025,UPIP2M523707426916PaytmMallUPIICICI,911550820777,"1,310.68",,715244.34
30-04-2025,UPIP2M961809351721JioRechargeUPIICICI,002879411696,"1,490.75",,713753.59
01-05-2025,POS METRO CASH CARRY LUCKNOW,047428180317,"6,850.20",,706903.39
01-05-2025,UPIP2M609147634291OlaCabsUPIICICI,474543627137,"2,790.94",,704112.45
01-05-2025,ATMCASHAXISBIY76249634LUCKNO,735596408220,"1,500.00",,702612.45
02-05-2025,UPIP2M291079271225UberIndiaUPIICICI,812070463137,"2,220.24",,700392.21
02-05-2025,ATMCASHAXISWEV56786394LUCKNO,074811509262,"8,000.00",,692392.21
02-05-2025,UPIP2M518094873640PaytmMallUPIICICI,132256098542,"1,650.82",,690741.39
03-05-2025,SALARY/S4649541472627/Tata Consultancy Service,077722764643,,"110,013.96",800755.35
03-05-2025,UPIP2M939348614432OlaCabsUPIPAYTM,859241841232,880.31,,799875.04
04-05-2025,NACH/MANDATE/RNT0756504/RENT MANDATE,919573638523,"21,000.00",,778875.04
04-05-2025,UPIP2M202503768006ManojNaikUPIFDRL,455092290335,"19,950.12",,758924.92
04-05-2025,UPIP2M019280946567AmazonPayUPIICICI,705396464719,"2,580.24",,756344.68
05-05-2025,UPIP2M503436082568OlaCabsUPIPAYTM,707363574443,820.23,,755524.45
05-05-2025,UPIP2M574095789645JioRechargeUPIPAYTM,675018503259,569.00,,754955.45
06-05-2025,ATMCASHAXISVIT44045339LUCKNO,512126640461,"6,500.00",,748455.45
06-05-2025,POS BIG BAZAAR LUCKNOW,200203114296,"3,100.00",,745355.45
07-05-2025,UPIP2M429440787597PankajMishraUPIFDRL,147952709023,"5,000.10",,740355.35
07-05-2025,POS HP PETROL PUMP LUCKNOW,157874552536,"3,250.99",,737104.36
07-05-2025,UPIP2M297622462790DunzoUPIICICI,921601836876,"1,460.04",,735644.32
08-05-2025,NACH/MANDATE/LN437701607747/Axis Bank Auto Loan,189133289756,"21,000.00",,714644.32
08-05-2025,UPIP2M514834612763VikramJainUPIUCBA,098881383080,"10,300.49",,704343.83
08-05-2025,ATMCASHAXISSGY84399592LUCKNO,608212651269,"10,000.00",,694343.83
08-05-2025,POS LIFESTYLE STORES LUCKNOW,479610180570,"6,400.20",,687943.63
09-05-2025,ATMCASHAXISHQZ53682020LUCKNO,570077732494,"5,500.00",,682443.63
09-05-2025,UPIP2M018285807922BigBasketUPIICICI,233841851070,"1,180.06",,681263.57
09-05-2025,UPIP2M591290005966FlipkartUPIPAYTM,035940021299,650.39,,680613.18
10-05-2025,UPIP2M536004576255PhonePeMerchUPIICICI,316091960084,640.99,,679972.19
11-05-2025,UPIP2M450435798848AmazonPayUPIICICI,559316424516,"1,050.50",,678921.69
11-05-2025,UPIP2M910303156065AdityaBirlaSUPILICI,507991286017,"5,700.00",,673221.69
11-05-2025,UPIP2M854516003796GopalSethiUPIHDFC,834735343683,"6,400.97",,666820.72
13-05-2025,POS BIG BAZAAR LUCKNOW,069070451136,"4,400.35",,662420.37
15-05-2025,UPIP2M182879452838AmazonPayUPIPAYTM,576612234447,"2,100.70",,660319.67
15-05-2025,UPIP2M451514906983SpotifyUPIICICI,721642842104,599.00,,659720.67
16-05-2025,UPIP2M796972554072MSEDCLUPIUPIN,195479134031,"1,700.53",,658020.14
16-05-2025,UPIP2M298166560718BigBasketUPIICICI,503614573115,580.63,,657439.51
17-05-2025,UPIP2M387157171841ZeptoUPIICICI,951929683439,"2,430.07",,655009.44
17-05-2025,UPIP2M817719693504AmazonPayUPIPAYTM,827042706744,850.71,,654158.73
18-05-2025,UPIP2M118332338953BSNLBroadbanUPIRAZORPAY,035757988300,"1,149.00",,653009.73
18-05-2025,UPIP2M642089598489OlaCabsUPIPAYTM,702190319638,600.06,,652409.67
18-05-2025,NACH/MANDATE/SIP9100073/Axis Mutual Fund,105291003395,"7,500.00",,644909.67
19-05-2025,POS SHELL FUEL STATION LUCKNOW,791495766470,"3,500.65",,641409.02
19-05-2025,UPIP2A778305503267MaheshRaoUPIUTIB,514660919079,,"14,900.54",656309.56
20-05-2025,POS SHOPPERS STOP LUCKNOW,742426066386,"7,100.04",,649209.52
20-05-2025,POS SHOPPERS STOP LUCKNOW,621690273947,"7,850.61",,641358.91
21-05-2025,IMPS/742631701900/Suresh Shah/UCBA,394208300125,"13,100.53",,628258.38
21-05-2025,UPIP2M307937410803OlaCabsUPIICICI,881467160739,"2,040.85",,626217.53
21-05-2025,UPIP2M310104115508BSNLBroadbanUPIICICI,742983447651,"2,580.52",,623637.01
23-05-2025,ATMCASHAXISDUS72482794LUCKNO,773681415224,"2,000.00",,621637.01
23-05-2025,UPIP2M474343543674JioRechargeUPIPAYTM,490013982885,389.00,,621248.01
24-05-2025,UPIP2M586063618333IndaneGasUPIICICI,515337090269,"1,750.18",,619497.83
24-05-2025,NEFT/N4957113178349/Infosys BPO Pvt Ltd/SBIN0505384,684500737388,,"26,000.12",645497.95
24-05-2025,UPIP2M458874420563KamalDesaiUPIFDRL,403729015465,"20,200.30",,625297.65
25-05-2025,UPIP2M004912204734BlinkitUPIICICI,196813441507,410.45,,624887.20
25-05-2025,UPIP2M491515425768BSNLBroadbanUPIICICI,697685376084,520.72,,624366.48
26-05-2025,UPIP2M910867971262AkashPandeyUPIFDRL,876739683862,"2,600.84",,621765.64
27-05-2025,UPIP2A253306877534KavyaMalhotrUPIUCBA,296865996867,,"13,400.57",635166.21
27-05-2025,UPIP2M123571831595NareshMishraUPIBKID,457782205468,"7,900.34",,627265.87
27-05-2025,UPIP2M468500614695UberIndiaUPIPAYTM,181467999957,790.15,,626475.72
27-05-2025,UPIP2M066739686917DunzoUPIICICI,392248207712,"1,180.87",,625294.85
27-05-2025,IMPS/056568147230/Ashish Nair/BDBL,215211421540,"42,700.64",,582594.21
30-05-2025,UPIP2M192932799052MamtaMalhotrUPIHDFC,279189777239,"11,800.07",,570794.14
30-05-2025,UPIP2M281990093131BSNLBroadbanUPIICICI,474669598258,250.86,,570543.28
31-05-2025,UPIP2M286460731975FlipkartUPIICICI,955434377073,240.18,,570303.10
01-06-2025,UPIP2M298876478702MyntraUPIPAYTM,847584698413,"3,550.63",,566752.47
01-06-2025,UPIP2M926876276721SachinVermaUPIBKID,690063426617,"4,750.16",,562002.31
01-06-2025,UPIP2M495761722677UberIndiaUPIPAYTM,362932482341,240.13,,561762.18
02-06-2025,UPIP2M279431516719DunzoUPIICICI,884777746278,310.39,,561451.79
02-06-2025,UPIP2M683462123085BSNLBroadbanUPIICICI,586853202131,"2,110.31",,559341.48
03-06-2025,UPIP2M177276240429PaytmMallUPIICICI,903349730594,900.43,,558441.05
03-06-2025,UPIP2M946513911628JioRechargeUPIPAYTM,339944810934,559.00,,557882.05
03-06-2025,UPIP2M879003271681PaytmMallUPIICICI,717702355050,"2,400.71",,555481.34
03-06-2025,UPIP2M729004855856BSNLBroadbanUPIICICI,162796255340,"2,540.85",,552940.49
03-06-2025,SALARY/S9804487008622/Tata Consultancy Service,092565643362,,"113,092.96",666033.45
03-06-2025,UPIP2M009349667018AmazonPayUPIPAYTM,239293480904,"4,600.31",,661433.14
04-06-2025,UPIP2M136515691029AmazonPayUPIICICI,602081487722,"2,340.66",,659092.48
04-06-2025,UPIP2M255296405979GopalKulkarnUPIBARB,865306088115,"1,200.58",,657891.90
04-06-2025,UPIP2M463499432161BSNLBroadbanUPIICICI,513692779288,"2,800.92",,655090.98
04-06-2025,NACH/MANDATE/RNT4944044/RENT MANDATE,872769880354,"21,000.00",,634090.98
04-06-2025,POS SHELL FUEL STATION LUCKNOW,273857568121,"3,550.52",,630540.46
05-06-2025,UPIP2M925806177498BlinkitUPIICICI,122734562521,940.71,,629599.75
05-06-2025,UPIP2M504805587164MeeshoUPIPAYTM,594409139112,"4,900.46",,624699.29
06-06-2025,POS MAX FASHION LUCKNOW,980529916465,"4,600.68",,620098.61
06-06-2025,POS MAX FASHION LUCKNOW,251921771937,"8,150.50",,611948.11
07-06-2025,UPIP2A083194107579PriyaSenUPIUCBA,642594638351,,"4,950.44",616898.55
08-06-2025,UPIP2M176311363187JioRechargeUPIPAYTM,654298669247,239.00,,616659.55
09-06-2025,UPIP2M631697810274RadhaMalhotrUPIBARB,442815767081,"12,050.87",,604608.68
09-06-2025,UPIP2M448652097465MakeMyTripUPIICICI,730958652643,849.00,,603759.68
09-06-2025,UPIP2M838391487530AdityaBirlaSUPILICI,399690721422,"5,700.00",,598059.68
10-06-2025,ATMCASHAXISVLF54223478LUCKNO,383532268896,"4,000.00",,594059.68
11-06-2025,NACH/MANDATE/LN437701607747/Axis Bank Auto Loan,058159367491,"21,000.00",,573059.68
12-06-2025,UPIP2M306804355096SumitDuttaUPISBIN,429229333393,"17,350.30",,555709.38
12-06-2025,UPIP2A396208021477MeenaMenonUPIBDBL,903689197719,,"3,500.75",559210.13
12-06-2025,POS INDIAN OIL LUCKNOW,284470700851,"2,350.60",,556859.53
12-06-2025,UPIP2A884866672765SaurabhKapooUPISBIN,228937897685,,"2,600.07",559459.60
12-06-2025,UPIP2M364150224875MohitMenonUPIBKID,045900424551,"20,900.56",,538559.04
13-06-2025,UPIP2M676477947698RaviVermaUPIHDFC,427528396775,"18,950.29",,519608.75
13-06-2025,ATMCASHAXISMMS55423478LUCKNO,346431532121,"7,000.00",,512608.75
14-06-2025,UPIP2M614581969795SwiggyUPIICICI,746756415516,"2,460.13",,510148.62
15-06-2025,UPIP2M607492001585KunalKulkarnUPIKKBK,119881168196,"9,000.43",,501148.19
16-06-2025,NACH/MANDATE/SIP2498505/Axis Mutual Fund,476804006662,"7,500.00",,493648.19
16-06-2025,UPIP2A901667780462HimanshuJainUPISBIN,972038997261,,"11,750.47",505398.66
17-06-2025,UPIP2M722069765819PhonePeMerchUPIICICI,282084155028,"1,320.29",,504078.37
18-06-2025,UPIP2M099258477868IndaneGasUPIICICI,693457796881,"2,050.08",,502028.29
19-06-2025,UPIP2M384567701241JioRechargeUPIPAYTM,224508559987,979.00,,501049.29
20-06-2025,POS INDIAN OIL LUCKNOW,675938714615,"3,550.36",,497498.93
21-06-2025,UPIP2M249774340793UberIndiaUPIPAYTM,770357476165,190.06,,497308.87
22-06-2025,UPIP2M3334648143411mgUPIICICI,744045782414,650.93,,496657.94
22-06-2025,UPIP2M567612248924SwatiChatterUPIPUNB,716511845500,"4,300.31",,492357.63
22-06-2025,UPIP2M987371709350VivekReddyUPIKKBK,984377418252,300.50,,492057.13
22-06-2025,UPIP2M401175334925PaytmMallUPIICICI,057627484357,400.96,,491656.17
23-06-2025,UPIP2M764778752366MSEDCLUPIUPIN,125898571942,"1,650.84",,490005.33
24-06-2025,ATMCASHAXISOJG71621165LUCKNO,406428890473,"3,000.00",,487005.33
24-06-2025,UPIP2M926309673770SiddharthRaoUPIBDBL,526553680552,"8,650.94",,478354.39
25-06-2025,INTEREST CREDIT,282683896912,,695.90,479050.29
26-06-2025,UPIP2M668651275619BSNLBroadbanUPIICICI,227600488548,650.16,,478400.13
26-06-2025,Monthly Service Chrgs,857952976074,590.00,,477810.13
26-06-2025,UPIP2A232480221763PoonamShuklaUPISBIN,156627643836,,"21,750.56",499560.69
26-06-2025,UPIP2A950714155517NaveenThaparUPIFDRL,247393992417,,"3,300.18",502860.87
26-06-2025,GST ON CHARGES,227483155761,106.20,,502754.67
27-06-2025,UPIP2M742555536840BigBasketUPIICICI,435713602391,"1,800.81",,500953.86
27-06-2025,UPIP2M428825959682OlaCabsUPIPAYTM,243639689826,740.04,,500213.82
27-06-2025,UPIP2M765091429959ZeptoUPIICICI,829936384191,"1,230.17",,498983.65
27-06-2025,POS LIFESTYLE STORES LUCKNOW,751390395120,"3,300.48",,495683.17
28-06-2025,ATMCASHAXISCEY78480357LUCKNO,672664082847,"3,500.00",,492183.17
28-06-2025,UPIP2M843057248172MinaBajajUPIUTIB,059966747195,"10,800.77",,481382.40
29-06-2025,POS HP PETROL PUMP LUCKNOW,765766743994,"4,300.04",,477082.36
01-07-2025,UPIP2M694797537116UberIndiaUPIICICI,799868549418,450.30,,476632.06
03-07-2025,POS V MART LUCKNOW,383760016842,"7,900.48",,468731.58
03-07-2025,UPIP2A186223119257NareshSaxenaUPIFDRL,224141591061,,"9,100.35",477831.93
03-07-2025,UPIP2M236011620784BSNLBroadbanUPIRAZORPAY,608969111726,799.00,,477032.93
04-07-2025,UPIP2M955812093942AdityaBirlaSUPILICI,895507667667,"5,700.00",,471332.93
05-07-2025,POS D MART LUCKNOW,770087091997,"6,650.26",,464682.67
05-07-2025,SALARY/S2951622395488/Tata Consultancy Service,154819014926,,"110,402.96",575085.63
05-07-2025,UPIP2M902813769656VijayMenonUPIBARB,634078905612,"12,800.14",,562285.49
05-07-2025,UPIP2M235114326565OlaCabsUPIPAYTM,078853475658,300.78,,561984.71
06-07-2025,ATMCASHAXISCNI53500022LUCKNO,325155891741,"1,000.00",,560984.71
06-07-2025,UPIP2A964175834298RekhaSaxenaUPIUCBA,971410771233,,"6,900.00",567884.71
06-07-2025,POS CENTRAL MALL LUCKNOW,676739228950,600.10,,567284.61
06-07-2025,UPIP2A369269781683SunitaBoseUPIBKID,772509673104,,"6,000.11",573284.72
07-07-2025,UPIP2M894176953451VishalBanerjUPIBKID,015505882324,"17,150.51",,556134.21
07-07-2025,UPIP2M856025974471DeepakChatteUPIKKBK,850564951605,"7,550.04",,548584.17
08-07-2025,UPIP2M895870228440OlaCabsUPIPAYTM,736763500332,470.08,,548114.09
08-07-2025,UPIP2A413886084042PoonamPandeyUPIKKBK,646380599832,,"14,700.44",562814.53
08-07-2025,UPIP2M901231263435DunzoUPIICICI,657104703802,"2,570.26",,560244.27
09-07-2025,NACH/MANDATE/RNT2339987/RENT MANDATE,306213322748,"21,000.00",,539244.27
09-07-2025,UPIP2M160436924073JioRechargeUPIPAYTM,201613335306,969.00,,538275.27
09-07-2025,UPIP2M701130971900ShreyaKulkarUPIUTIB,661806592997,"11,250.60",,527024.67
09-07-2025,UPIP2M691155226577JioRechargeUPIPAYTM,041345923242,469.00,,526555.67
12-07-2025,UPIP2M682312288016FlipkartUPIPAYTM,946615411408,"2,700.02",,523855.65
12-07-2025,NACH/MANDATE/LN437701607747/Axis Bank Auto Loan,461291189126,"21,000.00",,502855.65
13-07-2025,UPIP2A505596990785YogeshGhoshUPIBKID,604784998300,,"14,700.92",517556.57
13-07-2025,POS HP PETROL PUMP LUCKNOW,701001351111,"2,250.22",,515306.35
13-07-2025,UPIP2M604770297224MayaTiwariUPIBKID,700485779770,"2,900.15",,512406.20
13-07-2025,UPIP2A711868643501PrashantMishUPIUCBA,439933345678,,600.50,513006.70
14-07-2025,UPIP2M548400593780AmazonPayUPIICICI,051098978716,900.89,,512105.81
14-07-2025,UPIP2M522794885082RapidoUPIPAYTM,165126659027,810.30,,511295.51
14-07-2025,NACH/MANDATE/SIP8880943/Axis Mutual Fund,271701905833,"7,500.00",,503795.51
15-07-2025,ATMCASHAXISGID75812626LUCKNO,640856551311,"1,000.00",,502795.51
16-07-2025,UPIP2M608322033125PaytmMallUPIICICI,281903171262,280.61,,502514.90
16-07-2025,ATMCASHAXISGLH48040142LUCKNO,709532778548,"1,000.00",,501514.90
17-07-2025,POS LIFESTYLE STORES LUCKNOW,386585708038,"5,650.64",,495864.26
18-07-2025,UPIP2M817519254661OlaCabsUPIICICI,244695906369,"2,640.59",,493223.67
18-07-2025,ATMCASHAXISHKW16308233LUCKNO,375041767230,"6,500.00",,486723.67
18-07-2025,UPIP2M210079891189IndaneGasUPIICICI,081171030401,"2,250.07",,484473.60
18-07-2025,UPIP2M630758205221MSEDCLUPIUPIN,020434494000,"2,150.26",,482323.34
19-07-2025,UPIP2M984452926973BSNLBroadbanUPIICICI,093356166920,"2,410.05",,479913.29
19-07-2025,POS INDIAN OIL LUCKNOW,417094085337,"1,150.53",,478762.76
19-07-2025,UPIP2A249039889014VijayJainUPIUTIB,110583269381,,"10,450.83",489213.59
20-07-2025,UPIP2A032156484572DeepakSharmaUPIBARB,132550015597,,"8,850.86",498064.45
20-07-2025,UPIP2A834020845461SunilKhannaUPIBDBL,493218419383,,"2,700.18",500764.63
20-07-2025,UPIP2M869639472272MeeshoUPIPAYTM,855882434015,"3,750.50",,497014.13
25-07-2025,POS BHARAT PETROLEUM LUCKNOW,849642905847,"1,900.90",,495113.23
25-07-2025,UPIP2M807813688941JioRechargeUPIPAYTM,765782678622,189.00,,494924.23
25-07-2025,UPIP2M656533472155AmazonPayUPIICICI,450073194162,"2,680.09",,492244.14
26-07-2025,IMPS/372479442587/Arun Agarwal/HDFC,060242480096,"4,000.99",,488243.15
26-07-2025,Monthly Service Chrgs,995413073687,410.00,,487833.15
26-07-2025,GST ON CHARGES,779502132864,73.80,,487759.35
27-07-2025,UPIP2M732336286720MyntraUPIPAYTM,675585377562,"2,100.23",,485659.12
27-07-2025,ATMCASHAXISUSU34781123LUCKNO,033779719878,"8,500.00",,477159.12
27-07-2025,UPIP2M426166306893JioRechargeUPIPAYTM,441565225886,849.00,,476310.12
27-07-2025,UPIP2M852489843190BlinkitUPIICICI,711432107468,"1,480.25",,474829.87
27-07-2025,UPIP2M662368669648BlinkitUPIICICI,862270522910,120.86,,474709.01
28-07-2025,UPIP2M108872832944JioRechargeUPIPAYTM,021524697606,579.00,,474130.01
29-07-2025,UPIP2M184477179996PoonamMukherUPIFDRL,439044896210,"6,350.33",,467779.68
29-07-2025,UPIP2M501061450183UberIndiaUPIICICI,744336199091,"1,170.35",,466609.33
29-07-2025,UPIP2M601874319182NykaaUPIICICI,419091912428,499.00,,466110.33
30-07-2025,UPIP2M352225640456DunzoUPIICICI,782253355816,"2,540.52",,463569.81
30-07-2025,UPIP2M797852358204ArunDuttaUPIKKBK,200699945656,"10,300.04",,453269.77
30-07-2025,UPIP2A936148418905ArjunPatelUPIPUNB,499281522546,,"20,500.04",473769.81
31-07-2025,UPIP2A495832756757KamalDuttaUPIFDRL,224033818366,,"17,400.34",491170.15
01-08-2025,ATMCASHAXISNZF58797800LUCKNO,405657247700,"4,500.00",,486670.15
01-08-2025,POS MORE SUPER MARKET LUCKNOW,376325408776,"1,750.21",,484919.94
02-08-2025,POS RELIANCE MART LUCKNOW,990334169094,"4,200.99",,480718.95
02-08-2025,UPIP2M653647274519OlaCabsUPIPAYTM,837718764396,350.00,,480368.95
02-08-2025,ATMCASHAXISJCD47229716LUCKNO,638567620160,"3,500.00",,476868.95
02-08-2025,POS RELIANCE MART LUCKNOW,661111798664,"1,150.56",,475718.39
02-08-2025,UPIP2M357958898410AmazonPayUPIICICI,503840031554,"1,470.79",,474247.60
03-08-2025,UPIP2A158044093617SachinDuttaUPIFDRL,727196266342,,"13,650.40",487898.00
03-08-2025,UPIP2A492703011823PallaviRoyUPIUTIB,163006065560,,"17,550.64",505448.64
03-08-2025,UPIP2M336747221413RapidoUPIPAYTM,938153517245,390.18,,505058.46
04-08-2025,UPIP2A589810216231ShwetaMenonUPIUCBA,328783256366,,"14,600.38",519658.84
04-08-2025,UPIP2M487330308548JioRechargeUPIPAYTM,843767699929,219.00,,519439.84
04-08-2025,SALARY/S5307125309179/Tata Consultancy Service,422985733503,,"110,875.96",630315.80
04-08-2025,IMPS/998397369454/Anita Mishra/HDFC,789540576984,"34,800.43",,595515.37
05-08-2025,NACH/MANDATE/RNT4469811/RENT MANDATE,939479041207,"21,000.00",,574515.37
06-08-2025,UPIP2M122129181540OlaCabsUPIPAYTM,928190938631,500.52,,574014.85
06-08-2025,UPIP2M763786153359JioRechargeUPIPAYTM,216269909900,959.00,,573055.85
07-08-2025,UPIP2M521094398676BabitaBajajUPIPUNB,232514303627,"18,350.01",,554705.84
07-08-2025,UPIP2M886933390021PrashantShukUPIUCBA,754374492826,"11,600.55",,543105.29
07-08-2025,UPIP2M656290772915KamalBoseUPIFDRL,560259366720,"20,600.19",,522505.10
08-08-2025,UPIP2M046391598088AdityaBirlaSUPILICI,047707801188,"5,700.00",,516805.10
08-08-2025,UPIP2M481216477576DunzoUPIICICI,632849550678,300.72,,516504.38
09-08-2025,UPIP2M243857677063OlaCabsUPIPAYTM,351612193042,610.01,,515894.37
10-08-2025,UPIP2M121940275144PreetiDuttaUPISBIN,190583924759,"2,500.39",,513393.98
10-08-2025,ATMCASHAXISMKJ04620408LUCKNO,233069668621,"2,500.00",,510893.98
11-08-2025,UPIP2A141565449703PallaviMalhoUPISBIN,709218412821,,"21,450.99",532344.97
11-08-2025,NACH/MANDATE/LN437701607747/Axis Bank Auto Loan,510276633171,"21,000.00",,511344.97
12-08-2025,UPIP2M084915257272IndaneGasUPIICICI,989938801686,"1,950.79",,509394.18
13-08-2025,POS METRO CASH CARRY LUCKNOW,371781575948,550.39,,508843.79
13-08-2025,UPIP2M892005963903RajeshRoyUPIKKBK,820144099843,"3,800.55",,505043.24
15-08-2025,UPIP2A306594896751VijayBoseUPIUTIB,180946500253,,"2,700.19",507743.43
16-08-2025,POS HP PETROL PUMP LUCKNOW,580235536769,800.51,,506942.92
16-08-2025,UPIP2M081295945460JioRechargeUPIPAYTM,849726661414,439.00,,506503.92
17-08-2025,UPIP2A556106311647AmitAgarwalUPIBKID,160197691817,,"7,300.88",513804.80
17-08-2025,UPIP2M508913309507IRCTCUPIICICI,821523596840,999.00,,512805.80
17-08-2025,UPIP2M705704830940SapnaAgarwalUPIBARB,869974069373,"12,500.02",,500305.78
18-08-2025,UPIP2M113660681649MyntraUPIPAYTM,367918290766,450.83,,499854.95
18-08-2025,UPIP2M901262859413SwiggyUPIICICI,079082544456,"2,530.04",,497324.91
18-08-2025,UPIP2A054377597816SantoshBanerUPIBKID,246840336378,,"14,550.68",511875.59
18-08-2025,UPIP2M894658326586OlaCabsUPIICICI,809020167547,320.92,,511554.67
18-08-2025,NACH/MANDATE/SIP8003382/Axis Mutual Fund,672952665441,"7,500.00",,504054.67
19-08-2025,UPIP2M084236482296VandanaNambiUPIHDFC,515969942875,"9,000.52",,495054.15
20-08-2025,UPIP2M640403986398ZeptoUPIICICI,487614108031,"2,780.23",,492273.92
20-08-2025,UPIP2M209253700924NykaaUPIPAYTM,063496917584,450.11,,491823.81
20-08-2025,UPIP2M229128654983PaytmMallUPIICICI,423194141125,660.56,,491163.25
20-08-2025,UPIP2M884347382483ApolloPharmaUPIICICI,229287105276,920.85,,490242.40
21-08-2025,POS LIFESTYLE STORES LUCKNOW,410147990897,"5,250.20",,484992.20
22-08-2025,POS RELIANCE MART LUCKNOW,677824270390,"2,000.02",,482992.18
22-08-2025,UPIP2M149678751129OlaCabsUPIICICI,108711985177,"2,700.44",,480291.74
23-08-2025,UPIP2M114135105697OlaCabsUPIICICI,898970968283,890.92,,479400.82
23-08-2025,UPIP2M409777433101MSEDCLUPIUPIN,195239001635,"4,150.59",,475250.23
23-08-2025,UPIP2M886916117294BSNLBroadbanUPIRAZORPAY,171972285198,449.00,,474801.23
24-08-2025,UPIP2M383827319407OlaCabsUPIPAYTM,994826702069,440.12,,474361.11
24-08-2025,POS MORE SUPER MARKET LUCKNOW,971130115031,"8,150.24",,466210.87
24-08-2025,UPIP2M859503506402MyntraUPIPAYTM,013271217338,"5,400.55",,460810.32
24-08-2025,UPIP2M007778534746AmazonPayUPIICICI,798897494948,"2,740.87",,458069.45
25-08-2025,UPIP2M209590721448PoojaGhoshUPIUCBA,827154476514,"17,700.35",,440369.10
25-08-2025,UPIP2M107080936259ZomatoUPIICICI,191634049903,800.26,,439568.84
26-08-2025,ATMCASHAXISAIV34121852LUCKNO,122132283219,"3,500.00",,436068.84
27-08-2025,UPIP2M967728270374BSNLBroadbanUPIICICI,910716933196,"1,540.88",,434527.96
27-08-2025,IMPS/773302001413/Himanshu Mukherj/BARB,611239273039,"15,500.48",,419027.48
27-08-2025,UPIP2M959983478925OlaCabsUPIPAYTM,794800644547,850.79,,418176.69
27-08-2025,POS INDIAN OIL LUCKNOW,719327674132,"2,750.99",,415425.70
28-08-2025,UPIP2M193359679278BlinkitUPIICICI,383969768488,"2,330.54",,413095.16
28-08-2025,UPIP2M378070068114ZeptoUPIICICI,592598120114,"2,130.49",,410964.67
29-08-2025,UPIP2A473397130351PoojaAhujaUPIBDBL,573101437475,,"1,400.09",412364.76
29-08-2025,UPIP2M959326534624MeenaSharmaUPIKKBK,827772534547,"13,800.77",,398563.99
29-08-2025,UPIP2M540523547644JioRechargeUPIPAYTM,919750733922,909.00,,397654.99
30-08-2025,UPIP2A584056860397AnjaliPillaiUPIUCBA,140580432625,,"12,700.23",410355.22
30-08-2025,UPIP2M179649013205BigBasketUPIICICI,500079241719,810.15,,409545.07
01-09-2025,UPIP2M809003828748AshishRaoUPIFDRL,084228065919,"2,800.67",,406744.40
02-09-2025,SALARY/S8826698825477/Tata Consultancy Service,089375615503,,"112,199.96",518944.36
02-09-2025,POS HP PETROL PUMP LUCKNOW,609620526074,"2,000.24",,516944.12
03-09-2025,NACH/MANDATE/RNT3828818/RENT MANDATE,241703741059,"21,000.00",,495944.12
03-09-2025,UPIP2M568906708715JioRechargeUPIICICI,766905057126,"2,800.27",,493143.85
04-09-2025,UPIP2M238443774366JioRechargeUPIPAYTM,462432179768,829.00,,492314.85
04-09-2025,UPIP2M366941282122RapidoUPIPAYTM,805595132202,840.75,,491474.10
05-09-2025,UPIP2M881316122911SwiggyUPIICICI,501410784792,"1,030.49",,490443.61
05-09-2025,UPIP2M899104497944SunitaYadavUPIHDFC,879551453086,"18,850.48",,471593.13
05-09-2025,UPIP2M408676660209AdityaBirlaSUPILICI,115894468958,"5,700.00",,465893.13
05-09-2025,UPIP2A199999577958VikramSaxenaUPIHDFC,243942709063,,"21,750.86",487643.99
05-09-2025,UPIP2M582193142307FlipkartUPIPAYTM,676597457793,"5,800.60",,481843.39
06-09-2025,NEFT/N6066572285867/Hero MotoCorp Ltd/FDRL0294087,332781372428,,"15,000.61",496844.00
06-09-2025,UPIP2M580935642932SangitaDuttaUPIUCBA,129978184880,"1,750.38",,495093.62
06-09-2025,UPIP2M274250736194BigBasketUPIICICI,337675631890,570.49,,494523.13
06-09-2025,UPIP2A219525129452MinaJoshiUPIPUNB,480229712203,,"18,750.84",513273.97
07-09-2025,UPIP2M081447953801OlaCabsUPIPAYTM,853105944836,480.73,,512793.24
07-09-2025,UPIP2M650917077731MayaMukherjeUPIUCBA,635648290899,850.22,,511943.02
08-09-2025,POS METRO CASH CARRY LUCKNOW,540348740640,"4,100.86",,507842.16
08-09-2025,POS MAX FASHION LUCKNOW,529265473952,"7,450.87",,500391.29
09-09-2025,UPIP2M669615737911DunzoUPIICICI,745817653776,"1,170.69",,499220.60
10-09-2025,NACH/MANDATE/LN437701607747/Axis Bank Auto Loan,473445903343,"21,000.00",,478220.60
11-09-2025,UPIP2M854036922016VishalChopraUPIFDRL,700304729768,"19,400.73",,458819.87
11-09-2025,ATMCASHAXISDSR64170197LUCKNO,427835905820,"6,000.00",,452819.87
11-09-2025,UPIP2M029051877679RapidoUPIPAYTM,828529061732,720.05,,452099.82
12-09-2025,IMPS/068050105741/Tarun Mehta/FDRL,448361960165,"11,700.61",,440399.21
12-09-2025,UPIP2M510078401096BSNLBroadbanUPIICICI,935827493276,"2,180.60",,438218.61
12-09-2025,POS BIG BAZAAR LUCKNOW,206111216779,"8,100.77",,430117.84
12-09-2025,ATMCASHAXISTEB00111907LUCKNO,053527172235,"9,000.00",,421117.84
12-09-2025,UPIP2M398760358322IndaneGasUPIICICI,095610944679,"2,350.82",,418767.02
12-09-2025,UPIP2M843680144418JioRechargeUPIPAYTM,635545186016,809.00,,417958.02
13-09-2025,UPIP2M353726740132NikhilKumarUPIKKBK,896861703744,"1,100.80",,416857.22
13-09-2025,UPIP2M844644040106GauravIyerUPIBKID,693692480346,"4,300.02",,412557.20
13-09-2025,UPIP2M775362779300MSEDCLUPIUPIN,614249362001,"4,100.39",,408456.81
13-09-2025,UPIP2M685287264121SwiggyUPIICICI,546052582039,"2,440.25",,406016.56
14-09-2025,NACH/MANDATE/SIP7047503/Axis Mutual Fund,391738650101,"7,500.00",,398516.56
14-09-2025,UPIP2M685328762382NykaaUPIPAYTM,763358499615,"1,150.69",,397365.87
14-09-2025,POS V MART LUCKNOW,138682942842,"4,450.13",,392915.74
15-09-2025,UPIP2A149509970340PankajSinghUPIBKID,140432582874,,"18,000.48",410916.22
15-09-2025,UPIP2A972443084390RameshSenUPIBDBL,401752180615,,"15,800.63",426716.85
16-09-2025,ATMCASHAXISUTA95165060LUCKNO,525412400089,"4,000.00",,422716.85
17-09-2025,ATMCASHAXISFTZ14625287LUCKNO,569695227427,"8,000.00",,414716.85
18-09-2025,UPIP2M534034974517JioRechargeUPIPAYTM,763987397999,869.00,,413847.85
18-09-2025,UPIP2M115044372520UberIndiaUPIPAYTM,202018003885,480.05,,413367.80
18-09-2025,UPIP2A979298035670JyotiPandeyUPIKKBK,255144028519,,"1,700.12",415067.92
20-09-2025,UPIP2M830761443206JioRechargeUPIPAYTM,181202481162,499.00,,414568.92
20-09-2025,UPIP2M715723098372NykaaUPIPAYTM,764542193419,"4,050.92",,410518.00
20-09-2025,ATMCASHAXISZZY28088478LUCKNO,120067105208,"3,000.00",,407518.00
20-09-2025,UPIP2A628379384661PoojaMishraUPIUTIB,973114922493,,"13,850.53",421368.53
21-09-2025,UPIP2M568271265771OlaCabsUPIPAYTM,074772087986,890.74,,420477.79
21-09-2025,POS INDIAN OIL LUCKNOW,055838862489,"3,850.73",,416627.06
22-09-2025,UPIP2A674153942881RajeshIyerUPIBKID,141578116335,,"12,900.32",429527.38
22-09-2025,POS VISHAL MEGA MART LUCKNOW,303378041925,"3,100.53",,426426.85
23-09-2025,UPIP2M309628238589PhonePeMerchUPIICICI,886508768495,"2,640.35",,423786.50
23-09-2025,UPIP2A408708596740HarishGhoshUPIHDFC,012437684865,,"2,500.50",426287.00
23-09-2025,UPIP2A775922009683VikasShahUPIKKBK,690418444228,,"9,050.92",435337.92
23-09-2025,POS INDIAN OIL LUCKNOW,130544848290,"3,050.34",,432287.58
24-09-2025,UPIP2A270074061344SapnaKapoorUPISBIN,288236954848,,"20,850.59",453138.17
24-09-2025,UPIP2M700091743728MamtaJoshiUPIUTIB,178233003987,"20,100.47",,433037.70
24-09-2025,ATMCASHAXISYDY06601353LUCKNO,822528895730,"9,500.00",,423537.70
25-09-2025,UPIP2M465108416138BSNLBroadbanUPIRAZORPAY,837813042689,849.00,,422688.70
25-09-2025,UPIP2M263906957901JioRechargeUPIPAYTM,334668702901,199.00,,422489.70
25-09-2025,UPIP2M266432295272KavitaBajajUPIHDFC,163974513897,"13,800.97",,408688.73
26-09-2025,UPIP2A650856243491BrijeshAhujaUPIBARB,469319788252,,"11,500.75",420189.48
26-09-2025,POS STAR BAZAAR LUCKNOW,136178051451,"8,300.72",,411888.76
27-09-2025,POS LIFESTYLE STORES LUCKNOW,437983196086,"6,300.74",,405588.02
28-09-2025,UPIP2M657031521130JioRechargeUPIICICI,029015382538,700.43,,404887.59
28-09-2025,UPIP2M166823764383AshaNaikUPIBARB,730248911597,500.68,,404386.91
28-09-2025,INTEREST CREDIT,198416288684,,225.55,404612.46
29-09-2025,UPIP2M855811526130AmazonPayUPIICICI,348675340184,"1,810.22",,402802.24
30-09-2025,UPIP2M513583731557ZomatoUPIICICI,713790523880,460.63,,402341.61
01-10-2025,UPIP2M095773850646GirishShahUPIBKID,138876186464,"2,600.78",,399740.83
01-10-2025,UPIP2M588531882358AmazonPayUPIICICI,308491215893,"2,330.24",,397410.59
02-10-2025,SALARY/S3749389036326/Tata Consultancy Service,332939021894,,"114,668.96",512079.55
02-10-2025,POS PANTALOONS LUCKNOW,344093685521,"8,300.73",,503778.82
04-10-2025,POS MORE SUPER MARKET LUCKNOW,287820744959,"1,200.80",,502578.02
04-10-2025,UPIP2M541882244135NehaSrivastaUPIBKID,836867511566,"12,050.33",,490527.69
04-10-2025,UPIP2M758862242260PhonePeMerchUPIICICI,962788399387,"2,420.65",,488107.04
04-10-2025,UPIP2M676290227951VarshaNambiaUPISBIN,921854368151,"4,650.13",,483456.91
04-10-2025,UPIP2M640330852348ZomatoUPIICICI,410794822723,"2,340.08",,481116.83
05-10-2025,NACH/MANDATE/RNT4130009/RENT MANDATE,834444029317,"21,000.00",,460116.83
05-10-2025,NACH/MANDATE/LN437701607747/Axis Bank Auto Loan,235082374832,"21,000.00",,439116.83
06-10-2025,UPIP2M812344447254JioRechargeUPIPAYTM,215928856989,389.00,,438727.83
06-10-2025,POS MAX FASHION LUCKNOW,565231074602,"8,350.10",,430377.73
06-10-2025,UPIP2M249133603429SanjayKulkarUPIBDBL,476839554620,"9,150.16",,421227.57
06-10-2025,UPIP2M638060117723FlipkartUPIICICI,472194044061,"2,280.66",,418946.91
06-10-2025,UPIP2M108629426063NykaaUPIICICI,961153791063,299.00,,418647.91
07-10-2025,POS BIG BAZAAR LUCKNOW,256026806748,"6,900.15",,411747.76
08-10-2025,UPIP2M0970094045611mgUPIICICI,505513256250,210.55,,411537.21
09-10-2025,UPIP2M127977272401MayaSethiUPIHDFC,790465449270,"18,150.58",,393386.63
10-10-2025,POS STAR BAZAAR LUCKNOW,117467385660,"4,100.91",,389285.72
10-10-2025,UPIP2M010963350602SeemaYadavUPIKKBK,781683098120,"9,150.00",,380135.72
10-10-2025,UPIP2M978810137207UberIndiaUPIPAYTM,211338160970,140.69,,379995.03
12-10-2025,UPIP2M620785946317SwiggyUPIICICI,042373648126,"1,050.36",,378944.67
12-10-2025,UPIP2M364099785685KamalBanerjeUPIBKID,739020894664,"16,400.41",,362544.26
12-10-2025,UPIP2M138067290713OlaCabsUPIICICI,048996558725,550.03,,361994.23
13-10-2025,UPIP2M315983269022MSEDCLUPIUPIN,537219492520,"2,500.50",,359493.73
13-10-2025,UPIP2M924566560279AdityaBirlaSUPILICI,113546762297,"5,700.00",,353793.73
14-10-2025,UPIP2A527088907401AnilIyerUPIBKID,959330541524,,"12,100.24",365893.97
14-10-2025,UPIP2M408617839590BSNLBroadbanUPIRAZORPAY,670761988367,799.00,,365094.97
14-10-2025,UPIP2M169159289909IndaneGasUPIICICI,451367603647,"1,900.74",,363194.23
15-10-2025,UPIP2M434801167281AmazonPayUPIICICI,105529355676,"1,670.10",,361524.13
16-10-2025,UPIP2M485840985713UberIndiaUPIICICI,201845679343,450.92,,361073.21
16-10-2025,UPIP2M350861374471OlaCabsUPIPAYTM,378700986352,80.34,,360992.87
17-10-2025,UPIP2M920425144472RapidoUPIPAYTM,113231027955,610.01,,360382.86
17-10-2025,POS RELIANCE PETROLEUM LUCKNOW,237986845106,"2,500.53",,357882.33
17-10-2025,UPIP2M375525736442JioRechargeUPIPAYTM,665569704372,539.00,,357343.33
17-10-2025,UPIP2M843862394468MayaPillaiUPIKKBK,804079557054,"3,950.35",,353392.98
18-10-2025,UPIP2M952160203089ShivamPillaiUPIUTIB,347809813381,"11,950.13",,341442.85
19-10-2025,UPIP2M938696264821NykaaUPIPAYTM,933486980282,"3,450.70",,337992.15
19-10-2025,UPIP2M095091097392PaytmMallUPIICICI,675392113050,620.20,,337371.95
19-10-2025,NACH/MANDATE/SIP7515460/Axis Mutual Fund,146250239216,"7,500.00",,329871.95
19-10-2025,IMPS/033133682171/Seema Nair/SBIN,772958011635,"37,700.16",,292171.79
20-10-2025,POS HP PETROL PUMP LUCKNOW,888962649827,"4,000.75",,288171.04
20-10-2025,UPIP2M979390593743BigBasketUPIICICI,992936503111,150.71,,288020.33
21-10-2025,UPIP2A314210851864SangitaJainUPIBKID,094615535035,,"3,850.23",291870.56
21-10-2025,UPIP2M334750238138MyntraUPIPAYTM,375266494791,"1,450.60",,290419.96
23-10-2025,ATMCASHAXISJYG46311706LUCKNO,275783178229,"6,000.00",,284419.96
25-10-2025,POS SHELL FUEL STATION LUCKNOW,908323225126,"1,850.82",,282569.14
25-10-2025,UPIP2M600774981786SureshDuttaUPIBDBL,805204492603,"11,050.43",,271518.71
26-10-2025,UPIP2A114405963448NareshKumarUPIKKBK,714252736397,,"20,550.20",292068.91
26-10-2025,UPIP2M179097935197RapidoUPIPAYTM,667577586295,850.20,,291218.71
27-10-2025,UPIP2A116292181817VishalSinghUPIBARB,790018616198,,"20,850.22",312068.93
28-10-2025,UPIP2M019366378712UberIndiaUPIPAYTM,159095186802,530.97,,311537.96
28-10-2025,ATMCASHAXISJXV65547530LUCKNO,035905357820,"9,500.00",,302037.96
29-10-2025,UPIP2M696872312448AmitKapoorUPIUTIB,409082316812,"15,150.78",,286887.18
29-10-2025,UPIP2M354432080189SunilShuklaUPIHDFC,833609078122,"5,250.48",,281636.70
29-10-2025,UPIP2M687818110819BlinkitUPIICICI,457764730565,"2,320.24",,279316.46
30-10-2025,UPIP2M291033767495OlaCabsUPIICICI,516082123786,270.74,,279045.72
30-10-2025,UPIP2A269793763039BabitaMenonUPIBARB,089703361924,,"3,150.24",282195.96
31-10-2025,UPIP2A789913945619SwatiDesaiUPIBARB,705247371742,,"7,600.86",289796.82
31-10-2025,UPIP2A251256588044SachinMishraUPIBKID,673807918283,,"18,050.91",307847.73
01-11-2025,UPIP2M760011898630JioRechargeUPIICICI,898981992786,"2,220.22",,305627.51
01-11-2025,IMPS/285881856763/Anita Kapoor/KKBK,492215989055,"25,300.28",,280327.23
01-11-2025,UPIP2M791176985895MukeshNambiaUPIFDRL,020021120683,"3,800.29",,276526.94
02-11-2025,POS HP PETROL PUMP LUCKNOW,910834311401,"2,350.33",,274176.61
02-11-2025,UPIP2M840313776377SapnaPatilUPIPUNB,923015600396,"17,150.61",,257026.00
02-11-2025,UPIP2A735912898371KunalSaxenaUPIPUNB,478185355983,,"14,300.87",271326.87
02-11-2025,SALARY/S9186710216423/Tata Consultancy Service,805745515777,,"114,011.96",385338.83
03-11-2025,UPIP2M514669321239SantoshSinghUPIBKID,724036830571,"2,750.58",,382588.25
03-11-2025,UPIP2M075283829884MyntraUPIPAYTM,546545461554,"2,700.38",,379887.87
03-11-2025,UPIP2M888616658996VandanaPillaUPIHDFC,108208975610,"10,450.68",,369437.19
04-11-2025,UPIP2A406565425550RajanGuptaUPIFDRL,548082930164,,"18,150.67",387587.86
04-11-2025,UPIP2M020009565787JioRechargeUPIPAYTM,366040921054,569.00,,387018.86
04-11-2025,UPIP2M541231446187MyntraUPIPAYTM,608673593280,"4,350.11",,382668.75
04-11-2025,UPIP2M724456396961OlaCabsUPIPAYTM,369314800669,470.68,,382198.07
05-11-2025,NACH/MANDATE/RNT2406679/RENT MANDATE,836170767217,"21,000.00",,361198.07
05-11-2025,POS CENTRAL MALL LUCKNOW,605569206902,300.07,,360898.00
05-11-2025,UPIP2M872936760043ZomatoUPIICICI,980607895183,"1,970.44",,358927.56
05-11-2025,ATMCASHAXISMBD60759634LUCKNO,729626602924,"7,500.00",,351427.56
06-11-2025,UPIP2M474582750937ZeptoUPIICICI,803257899699,"2,140.29",,349287.27
06-11-2025,ATMCASHAXISWJD92701125LUCKNO,204501869231,"9,000.00",,340287.27
08-11-2025,ATMCASHAXISPZO45306675LUCKNO,223511628963,"2,500.00",,337787.27
08-11-2025,UPIP2M633074660183AnilNaikUPIUTIB,310616865456,"7,950.19",,329837.08
09-11-2025,POS RELIANCE MART LUCKNOW,902215498654,"1,900.68",,327936.40
09-11-2025,UPIP2M456410761991RapidoUPIPAYTM,224279570209,370.06,,327566.34
10-11-2025,UPIP2M746059027507AnkitBajajUPIUCBA,563246632535,"4,100.20",,323466.14
10-11-2025,UPIP2M541648812789OlaCabsUPIPAYTM,875536826545,790.85,,322675.29
10-11-2025,NACH/MANDATE/LN437701607747/Axis Bank Auto Loan,924058752981,"21,000.00",,301675.29
11-11-2025,UPIP2M637612148635MSEDCLUPIUPIN,270811367376,"3,150.41",,298524.88
11-11-2025,POS SHOPPERS STOP LUCKNOW,737001678113,400.21,,298124.67
13-11-2025,UPIP2M706960332150AdityaBirlaSUPILICI,769023555527,"5,700.00",,292424.67
13-11-2025,UPIP2M599748378774JioRechargeUPIPAYTM,683308597773,219.00,,292205.67
13-11-2025,UPIP2M019902799846UberIndiaUPIPAYTM,765039425043,390.09,,291815.58
15-11-2025,UPIP2M619808264268OlaCabsUPIPAYTM,234702526737,620.98,,291194.60
15-11-2025,UPIP2M260389693519GeetaMishraUPIKKBK,410140401763,"8,400.29",,282794.31
16-11-2025,UPIP2M903663146527JioRechargeUPIPAYTM,901914670099,719.00,,282075.31
17-11-2025,ATMCASHAXISVSJ94609199LUCKNO,685710913104,"9,000.00",,273075.31
18-11-2025,NACH/MANDATE/SIP9969684/Axis Mutual Fund,682112041619,"7,500.00",,265575.31
18-11-2025,UPIP2A729947996228PoonamNambiaUPIUCBA,153805202706,,"15,900.02",281475.33
18-11-2025,UPIP2M200700673813OlaCabsUPIICICI,801038712761,"2,750.37",,278724.96
19-11-2025,POS METRO CASH CARRY LUCKNOW,197286930863,"6,350.85",,272374.11
19-11-2025,UPIP2A702506749022LalitKumarUPIHDFC,853637886536,,"17,900.91",290275.02
19-11-2025,UPIP2M147059809934FlipkartUPIICICI,408211671198,"1,230.77",,289044.25
20-11-2025,UPIP2M170291476105BSNLBroadbanUPIRAZORPAY,498873437536,749.00,,288295.25
20-11-2025,UPIP2M981025143822BrijeshChoprUPISBIN,525614703656,"20,150.05",,268145.20
20-11-2025,UPIP2M373382333303RameshShahUPISBIN,440356757463,"20,650.31",,247494.89
20-11-2025,UPIP2M602249919698PoonamSenUPIBDBL,573766289054,"11,850.45",,235644.44
20-11-2025,UPIP2M793070047022ZomatoUPIICICI,691810724608,"2,740.45",,232903.99
21-11-2025,UPIP2M057529244393AmazonPayUPIPAYTM,550497551228,"1,200.33",,231703.66
22-11-2025,UPIP2M816672705376FlipkartUPIICICI,991553579840,280.73,,231422.93
22-11-2025,POS CENTRAL MALL LUCKNOW,307295597377,"5,200.46",,226222.47
23-11-2025,UPIP2A429543263639RohitShuklaUPISBIN,276064527501,,"16,450.11",242672.58
24-11-2025,UPIP2A358802566035SeemaDesaiUPIKKBK,021509823428,,"17,350.87",260023.45
25-11-2025,UPIP2M155092325867ShwetaTiwariUPIKKBK,239138214771,"9,100.57",,250922.88
25-11-2025,POS BHARAT PETROLEUM LUCKNOW,877678824059,"2,700.95",,248221.93
26-11-2025,UPIP2M646441255732IndaneGasUPIICICI,321898262708,"1,550.52",,246671.41
27-11-2025,UPIP2M789754056769NykaaUPIICICI,358254686917,499.00,,246172.41
27-11-2025,UPIP2M378385578030ZeptoUPIICICI,786723688969,190.31,,245982.10
27-11-2025,UPIP2M935219586046OlaCabsUPIPAYTM,463499488946,290.95,,245691.15
28-11-2025,UPIP2M594006235595SpotifyUPIICICI,902776122844,899.00,,244792.15
28-11-2025,UPIP2M063674017661JioRechargeUPIPAYTM,110422916653,309.00,,244483.15
29-11-2025,UPIP2M530987747794FlipkartUPIICICI,217993806286,"2,640.85",,241842.30
30-11-2025,UPIP2M781034786133PhonePeMerchUPIICICI,692350671785,"2,230.38",,239611.92
01-12-2025,UPIP2M105428580810OlaCabsUPIPAYTM,951520256024,460.16,,239151.76
01-12-2025,Monthly Service Chrgs,503051083591,460.00,,238691.76
01-12-2025,UPIP2M182955142745MamtaTiwariUPIBARB,782651099556,"16,150.16",,222541.60
01-12-2025,GST ON CHARGES,248397159397,82.80,,222458.80
01-12-2025,UPIP2M440666126874DunzoUPIICICI,990123876412,"2,030.56",,220428.24
01-12-2025,UPIP2A369574861380VishalKumarUPIBKID,452166782806,,"1,550.84",221979.08
01-12-2025,UPIP2M397952072037ZomatoUPIICICI,921200917065,"1,560.89",,220418.19
02-12-2025,UPIP2A503199291998RenuPillaiUPIUCBA,345657528528,,"19,800.41",240218.60
03-12-2025,UPIP2M496241871404PoonamTiwariUPISBIN,581735529051,"10,450.15",,229768.45
03-12-2025,SALARY/S6504616349896/Tata Consultancy Service,750401846861,,"112,521.96",342290.41
04-12-2025,UPIP2M128571029772AmazonPayUPIPAYTM,717060333962,400.40,,341890.01
04-12-2025,UPIP2M540566790881UberIndiaUPIPAYTM,475598221723,560.90,,341329.11
05-12-2025,UPIP2M658099331414OlaCabsUPIPAYTM,852878874765,500.86,,340828.25
06-12-2025,NACH/MANDATE/RNT7011683/RENT MANDATE,693389160969,"21,000.00",,319828.25
07-12-2025,UPIP2M496622803734ZeptoUPIICICI,854870957711,"2,210.41",,317617.84
07-12-2025,UPIP2M525707259040RapidoUPIPAYTM,124318136295,320.64,,317297.20
07-12-2025,NACH/MANDATE/LN437701607747/Axis Bank Auto Loan,560854725012,"21,000.00",,296297.20
07-12-2025,UPIP2M879176306826BSNLBroadbanUPIRAZORPAY,680588871037,349.00,,295948.20
09-12-2025,UPIP2M673583240279DunzoUPIICICI,008145844724,"1,700.44",,294247.76
09-12-2025,UPIP2M223557057391AnitaPillaiUPIBDBL,138623123214,"14,650.01",,279597.75
09-12-2025,UPIP2M399298489606MSEDCLUPIUPIN,775028543026,900.21,,278697.54
09-12-2025,UPIP2A285753859679SushmaNaikUPIKKBK,287501306743,,"13,850.46",292548.00
10-12-2025,UPIP2M788042865084SnehaDuttaUPIHDFC,154641813261,"2,150.73",,290397.27
10-12-2025,UPIP2M809322037230SwiggyUPIICICI,403808655222,530.65,,289866.62
10-12-2025,UPIP2M425987717141ShivamKhannaUPIFDRL,118929155725,"9,300.05",,280566.57
11-12-2025,UPIP2M932196566560IndaneGasUPIICICI,223409005495,"2,500.11",,278066.46
11-12-2025,ATMCASHAXISLMV01827896LUCKNO,604515971167,"3,000.00",,275066.46
11-12-2025,UPIP2M235454449499AdityaBirlaSUPILICI,068970074990,"5,700.00",,269366.46
12-12-2025,UPIP2M688854168954UberIndiaUPIICICI,718573230903,"1,760.36",,267606.10
13-12-2025,NEFT/N9815674666648/Reliance Retail Ltd/HDFC0213672,031293229567,,"41,500.54",309106.64
13-12-2025,UPIP2M085392972245JioRechargeUPIPAYTM,597213937725,619.00,,308487.64
13-12-2025,UPIP2M319389562698RajeshGuptaUPIUCBA,418094586384,"2,250.33",,306237.31
15-12-2025,UPIP2M683331693577JioRechargeUPIPAYTM,291252981549,779.00,,305458.31
16-12-2025,UPIP2M168883420830BSNLBroadbanUPIICICI,543598476105,"1,410.52",,304047.79
16-12-2025,NACH/MANDATE/SIP1015847/Axis Mutual Fund,450473473003,"7,500.00",,296547.79
17-12-2025,UPIP2M015165120415SwiggyUPIICICI,075044901487,"1,670.71",,294877.08
18-12-2025,UPIP2M724224969752SnehaGhoshUPIKKBK,078748049021,"12,400.55",,282476.53
18-12-2025,POS MORE SUPER MARKET LUCKNOW,026851494232,"1,250.87",,281225.66
19-12-2025,UPIP2M559878819608JioRechargeUPIICICI,752908846455,180.21,,281045.45
19-12-2025,UPIP2M656545164568RapidoUPIPAYTM,618203852309,250.25,,280795.20
19-12-2025,UPIP2M963596045049JioRechargeUPIPAYTM,044051244293,319.00,,280476.20
20-12-2025,UPIP2M305967775188ZomatoUPIICICI,903311552370,"1,220.56",,279255.64
20-12-2025,UPIP2M565327120068OlaCabsUPIICICI,957076045552,"1,960.49",,277295.15
22-12-2025,POS BIG BAZAAR LUCKNOW,108321179631,"1,750.46",,275544.69
23-12-2025,UPIP2M948196881941MeeshoUPIPAYTM,004602177269,"3,550.95",,271993.74
23-12-2025,UPIP2M501206859920UberIndiaUPIICICI,645526488694,"2,430.13",,269563.61
24-12-2025,UPIP2M019016010718DunzoUPIICICI,629609983578,"1,170.72",,268392.89
25-12-2025,ATMCASHAXISPEP60404080LUCKNO,824202175912,"9,000.00",,259392.89
25-12-2025,UPIP2M347746946953UberIndiaUPIPAYTM,945787963387,810.20,,258582.69
25-12-2025,UPIP2M884094784569NykaaUPIPAYTM,864737441140,"2,850.44",,255732.25
26-12-2025,UPIP2M252730374809PaytmMallUPIICICI,185636993081,"1,800.72",,253931.53
27-12-2025,ATMCASHAXISESM78791937LUCKNO,659494770565,"2,000.00",,251931.53
27-12-2025,UPIP2M146078591389BigBasketUPIICICI,751990551213,820.19,,251111.34
28-12-2025,POS V MART LUCKNOW,485675237284,"1,250.34",,249861.00
28-12-2025,INTEREST CREDIT,844985651487,,795.47,250656.47
28-12-2025,UPIP2M388435782069GirishSenUPIFDRL,946874443622,"14,900.15",,235756.32
28-12-2025,ATMCASHAXISAVA64699562LUCKNO,545850703196,"1,000.00",,234756.32
28-12-2025,POS SHELL FUEL STATION LUCKNOW,649905465815,"3,350.60",,231405.72
29-12-2025,UPIP2M647811570976BigBasketUPIICICI,392712321646,"2,370.36",,229035.36
30-12-2025,POS RELIANCE PETROLEUM LUCKNOW,580724114575,"4,500.23",,224535.13
30-12-2025,UPIP2M346325808027PhonePeMerchUPIICICI,802637965843,"1,850.44",,222684.69
01-01-2026,UPIP2M434026670679UberIndiaUPIPAYTM,570975007008,460.09,,222224.60
02-01-2026,UPIP2M085913434214FlipkartUPIICICI,339258926523,"1,860.16",,220364.44
02-01-2026,UPIP2M955056024400VijayKhannaUPIBARB,486939533674,"8,300.56",,212063.88
02-01-2026,SALARY/S8300709257553/Tata Consultancy Service,638279150195,,"109,970.96",322034.84
03-01-2026,UPIP2M700615904542BSNLBroadbanUPIRAZORPAY,004927031083,699.00,,321335.84
03-01-2026,POS STAR BAZAAR LUCKNOW,476323087308,"2,550.08",,318785.76
03-01-2026,UPIP2M561655117095ZomatoUPIICICI,023946385303,"2,500.15",,316285.61
03-01-2026,ATMCASHAXISYEA43643858LUCKNO,834733553921,"4,500.00",,311785.61
05-01-2026,UPIP2M673055344992DunzoUPIICICI,598706891796,940.38,,310845.23
05-01-2026,UPIP2M033625761019JioRechargeUPIPAYTM,132633728275,709.00,,310136.23
05-01-2026,UPIP2M927029214984BlinkitUPIICICI,689326283303,"2,790.82",,307345.41
05-01-2026,NACH/MANDATE/RNT1965833/RENT MANDATE,622958668272,"21,000.00",,286345.41
06-01-2026,NACH/MANDATE/LN437701607747/Axis Bank Auto Loan,095647909794,"21,000.00",,265345.41
06-01-2026,UPIP2M267628878090DunzoUPIICICI,217713103132,"2,800.08",,262545.33
06-01-2026,UPIP2M445095419404ArchanaNairUPIKKBK,144638412978,"18,900.20",,243645.13
07-01-2026,UPIP2M982617264045MeeshoUPIPAYTM,427781945033,"2,350.45",,241294.68
07-01-2026,UPIP2M742605816759PaytmMallUPIICICI,930139351420,"2,040.26",,239254.42
08-01-2026,UPIP2M093516616841ZomatoUPIICICI,865875023487,"1,840.02",,237414.40
08-01-2026,UPIP2M702927170778SunilBoseUPIBARB,674777107661,450.69,,236963.71
08-01-2026,UPIP2M382631885680OlaCabsUPIPAYTM,201074223680,900.40,,236063.31
08-01-2026,UPIP2M651646588925SangitaAhujaUPIHDFC,279320622090,"4,100.86",,231962.45
09-01-2026,UPIP2M746563464421OlaCabsUPIPAYTM,883322058005,750.20,,231212.25
09-01-2026,UPIP2M577127832927ZeptoUPIICICI,969717885819,"1,900.20",,229312.05
09-01-2026,UPIP2M870430124278BlinkitUPIICICI,823233975134,830.17,,228481.88
10-01-2026,ATMCASHAXISAMT79801979LUCKNO,623044989376,"6,000.00",,222481.88
11-01-2026,UPIP2M110374581812AdityaBirlaSUPILICI,947693064984,"5,700.00",,216781.88
11-01-2026,UPIP2M883890041460SwiggyUPIICICI,905925142386,"2,340.30",,214441.58
11-01-2026,UPIP2M216763600185ZeptoUPIICICI,512228574316,"2,340.51",,212101.07
12-01-2026,NACH/MANDATE/SIP2828677/Axis Mutual Fund,625481741301,"7,500.00",,204601.07
12-01-2026,UPIP2M949597475194UberIndiaUPIPAYTM,513770105214,820.95,,203780.12
13-01-2026,UPIP2A163180654288HarishMalhotUPIFDRL,391146713612,,"7,300.22",211080.34
13-01-2026,UPIP2M626377179388ZeptoUPIICICI,629193582824,240.34,,210840.00
13-01-2026,ATMCASHAXISWNN04850128LUCKNO,044704835924,"1,500.00",,209340.00
13-01-2026,POS D MART LUCKNOW,410622850346,"5,100.80",,204239.20
14-01-2026,UPIP2M007411942827JioRechargeUPIPAYTM,878409825692,779.00,,203460.20
14-01-2026,UPIP2A173357469531ArjunThaparUPIFDRL,533635370810,,"12,100.92",215561.12
14-01-2026,UPIP2M085591467932BlinkitUPIICICI,359429093240,500.36,,215060.76
15-01-2026,POS BIG BAZAAR LUCKNOW,538527304425,"2,200.16",,212860.60
15-01-2026,POS SHOPPERS STOP LUCKNOW,550193119811,"2,200.98",,210659.62
16-01-2026,UPIP2M903401902128IndaneGasUPIICICI,027432888136,"1,850.71",,208808.91
16-01-2026,UPIP2M006880882422MeeshoUPIPAYTM,013451318333,"2,500.85",,206308.06
16-01-2026,POS BHARAT PETROLEUM LUCKNOW,922933543421,"3,600.98",,202707.08
17-01-2026,UPIP2M548463921084OlaCabsUPIPAYTM,825758285594,720.50,,201986.58
17-01-2026,POS LIFESTYLE STORES LUCKNOW,571298655940,"3,050.04",,198936.54
17-01-2026,UPIP2A056263457224SoniaBajajUPIFDRL,648586437718,,"9,650.28",208586.82
18-01-2026,UPIP2M152876605020SwiggyUPIICICI,459051518862,400.93,,208185.89
18-01-2026,POS LIFESTYLE STORES LUCKNOW,509534573137,"2,150.12",,206035.77
18-01-2026,UPIP2M388846439018BlinkitUPIICICI,441631327810,"1,560.08",,204475.69
18-01-2026,UPIP2M579527979239FlipkartUPIPAYTM,964341096509,"4,500.87",,199974.82
19-01-2026,UPIP2M683960694521DunzoUPIICICI,534148791864,"2,650.02",,197324.80
20-01-2026,ATMCASHAXISRFM32417950LUCKNO,637272924971,"8,000.00",,189324.80
21-01-2026,UPIP2A607514399847RameshSaxenaUPIUTIB,327264073763,,"13,400.89",202725.69
22-01-2026,UPIP2M244286744355MSEDCLUPIUPIN,202792509889,"3,750.10",,198975.59
22-01-2026,UPIP2M059499441991BrijeshPillaUPISBIN,478437267249,"4,100.41",,194875.18
24-01-2026,UPIP2M840437625309SushmaBoseUPIBARB,329853030151,"11,650.47",,183224.71
24-01-2026,UPIP2M576513556759BlinkitUPIICICI,435441528426,780.10,,182444.61
24-01-2026,UPIP2M308820029708JioRechargeUPIPAYTM,106606758819,759.00,,181685.61
24-01-2026,UPIP2M487882024540JioRechargeUPIPAYTM,284645102501,309.00,,181376.61
26-01-2026,POS SHOPPERS STOP LUCKNOW,783487084075,"4,100.34",,177276.27
26-01-2026,UPIP2M762061767054BlinkitUPIICICI,803653992399,410.20,,176866.07
28-01-2026,POS BHARAT PETROLEUM LUCKNOW,390121359077,"3,550.40",,173315.67
28-01-2026,UPIP2A173566639728NehaDuttaUPIUCBA,929016946846,,"7,800.81",181116.48
28-01-2026,UPIP2M274863510941RapidoUPIPAYTM,040100212804,490.63,,180625.85
28-01-2026,UPIP2A029867796971KapilNambiarUPIHDFC,379071350643,,"3,400.78",184026.63
29-01-2026,ATMCASHAXISAUB32494028LUCKNO,587055623031,"5,500.00",,178526.63
29-01-2026,UPIP2A652613800545LataPatilUPIUCBA,447831433682,,"3,850.80",182377.43
30-01-2026,UPIP2A308033064342SunilGhoshUPIHDFC,859367168351,,"21,900.89",204278.32
01-02-2026,UPIP2A629202460842SachinSrivasUPIPUNB,222432079600,,"16,000.79",220279.11
01-02-2026,UPIP2A416079780495YogeshPillaiUPIPUNB,695791814734,,"17,150.21",237429.32
02-02-2026,UPIP2A182929945935DeepakSenUPIUTIB,719785093963,,"6,750.85",244180.17
02-02-2026,SALARY/S0185399801486/Tata Consultancy Service,632824697797,,"110,152.96",354333.13
03-02-2026,UPIP2M594721895300BSNLBroadbanUPIICICI,660512989037,"1,980.03",,352353.10
04-02-2026,POS BIG BAZAAR LUCKNOW,095684506022,"7,800.08",,344553.02
04-02-2026,UPIP2M447119749686SaurabhMehtaUPIFDRL,326047777367,"6,200.62",,338352.40
04-02-2026,UPIP2M900260504951BigBasketUPIICICI,473056083245,230.67,,338121.73
05-02-2026,POS BRAND FACTORY LUCKNOW,014278953245,"4,800.48",,333321.25
05-02-2026,UPIP2M781647962004BigBasketUPIICICI,135933349437,"1,880.19",,331441.06
05-02-2026,NACH/MANDATE/RNT4366000/RENT MANDATE,328309811302,"21,000.00",,310441.06
05-02-2026,POS SHELL FUEL STATION LUCKNOW,125664716029,"3,000.11",,307440.95
06-02-2026,UPIP2M653614890821MayaBoseUPIBDBL,409060793220,"13,650.30",,293790.65
08-02-2026,NACH/MANDATE/LN437701607747/Axis Bank Auto Loan,066703964672,"21,000.00",,272790.65
08-02-2026,UPIP2M161835839956BSNLBroadbanUPIICICI,554242717957,"1,510.24",,271280.41
08-02-2026,UPIP2M464983115012AdityaBirlaSUPILICI,605847695023,"5,700.00",,265580.41
08-02-2026,UPIP2M751406322223BSNLBroadbanUPIICICI,238529991057,"1,060.77",,264519.64
08-02-2026,POS SHOPPERS STOP LUCKNOW,039969203054,"5,500.73",,259018.91
08-02-2026,UPIP2M008605329577JioRechargeUPIPAYTM,369105769371,979.00,,258039.91
09-02-2026,UPIP2A736030027005MeenaBoseUPIHDFC,384787241771,,"4,200.30",262240.21
09-02-2026,UPIP2A257134363524ManojNaikUPIBARB,834108486770,,"9,250.55",271490.76
09-02-2026,ATMCASHAXISCST26900379LUCKNO,065660191755,"6,500.00",,264990.76
09-02-2026,UPIP2M806982826912MSEDCLUPIUPIN,106890153559,"2,800.18",,262190.58
10-02-2026,UPIP2M002864823630RapidoUPIPAYTM,064413723485,830.84,,261359.74
10-02-2026,UPIP2M302068373534FlipkartUPIICICI,625232356774,"2,160.69",,259199.05
10-02-2026,POS METRO CASH CARRY LUCKNOW,393305008825,"7,000.53",,252198.52
10-02-2026,POS SHELL FUEL STATION LUCKNOW,016410143503,"1,500.46",,250698.06
10-02-2026,UPIP2M511081278854PhonePeMerchUPIICICI,465533899115,"2,460.95",,248237.11
11-02-2026,UPIP2M752985590441RapidoUPIPAYTM,987587647093,670.35,,247566.76
11-02-2026,UPIP2M127730391590JioRechargeUPIPAYTM,410592498979,539.00,,247027.76
11-02-2026,UPIP2M234610626430IndaneGasUPIICICI,634960100140,"1,200.26",,245827.50
13-02-2026,NACH/MANDATE/SIP0305973/Axis Mutual Fund,878081080239,"7,500.00",,238327.50
13-02-2026,POS RELIANCE MART LUCKNOW,061919358725,"3,100.34",,235227.16
13-02-2026,POS BHARAT PETROLEUM LUCKNOW,602176844923,"1,650.62",,233576.54
14-02-2026,ATMCASHAXISHHU43757088LUCKNO,098371238040,"1,500.00",,232076.54
14-02-2026,UPIP2A619984345530SumitDesaiUPIBKID,213687744314,,"8,900.77",240977.31
16-02-2026,UPIP2M946924963321DunzoUPIICICI,401797909950,"1,470.05",,239507.26
16-02-2026,UPIP2M728100916667RajanSharmaUPIBARB,979293449946,"10,650.30",,228856.96
16-02-2026,IMPS/003060983272/Kavita Patil/PUNB,109914575566,"8,900.92",,219956.04
16-02-2026,UPIP2M863027560892OlaCabsUPIPAYTM,389166307649,440.14,,219515.90
17-02-2026,UPIP2M035434058480UberIndiaUPIPAYTM,240390265357,700.92,,218814.98
17-02-2026,UPIP2M214939841619PriyaAhujaUPIKKBK,515161874161,"8,650.41",,210164.57
18-02-2026,UPIP2M832121478923UberIndiaUPIPAYTM,199831250535,580.87,,209583.70
20-02-2026,ATMCASHAXISVKL34241322LUCKNO,930316636795,"8,000.00",,201583.70
20-02-2026,UPIP2M095104533448JyotiPillaiUPIHDFC,530887528103,"21,050.52",,180533.18
20-02-2026,NEFT/N6926191845047/Dr Reddys Laboratori/BARB0293084,258722350359,,"18,000.25",198533.43
21-02-2026,UPIP2M451769944244OlaCabsUPIPAYTM,373456082838,880.95,,197652.48
22-02-2026,UPIP2M380273874542MyntraUPIPAYTM,113687492416,"1,550.10",,196102.38
24-02-2026,UPIP2M042672942832BSNLBroadbanUPIRAZORPAY,246874949456,"1,299.00",,194803.38
25-02-2026,UPIP2M911246903009PreetiPandeyUPIHDFC,045935516343,"21,800.91",,173002.47
26-02-2026,UPIP2M205095473301MeeshoUPIPAYTM,899781301108,"1,700.09",,171302.38
26-02-2026,POS RELIANCE MART LUCKNOW,920087712970,"3,950.56",,167351.82
27-02-2026,UPIP2A258694683959LataNairUPIFDRL,076081367382,,"10,400.52",177752.34
27-02-2026,Monthly Service Chrgs,443001794295,330.00,,177422.34
27-02-2026,GST ON CHARGES,668661541502,59.40,,177362.94
01-03-2026,UPIP2M596617223879KavitaVermaUPIFDRL,993671254898,"10,700.84",,166662.10
02-03-2026,SALARY/S5377718374520/Tata Consultancy Service,511837569090,,"112,039.96",278702.06
02-03-2026,UPIP2M437522008756UberIndiaUPIPAYTM,366264032876,490.15,,278211.91
03-03-2026,ATMCASHAXISAPW08589764LUCKNO,239687052818,"5,000.00",,273211.91
03-03-2026,UPIP2M180998771204BlinkitUPIICICI,427390006395,630.46,,272581.45
03-03-2026,UPIP2M583082855863BigBasketUPIICICI,031993513975,190.66,,272390.79
03-03-2026,UPIP2M859617131799BigBasketUPIICICI,620542437680,"1,440.25",,270950.54
03-03-2026,UPIP2M428070339491JioRechargeUPIPAYTM,702150579551,309.00,,270641.54
03-03-2026,UPIP2M381432103633OlaCabsUPIICICI,701712286345,"1,250.60",,269390.94
04-03-2026,UPIP2M712022063526BSNLBroadbanUPIRAZORPAY,355488133503,"1,049.00",,268341.94
04-03-2026,NACH/MANDATE/LN437701607747/Axis Bank Auto Loan,042561455802,"21,000.00",,247341.94
04-03-2026,UPIP2M322152193099DunzoUPIICICI,640604585100,420.42,,246921.52
04-03-2026,UPIP2M344732950413SwiggyUPIICICI,431252543538,"2,290.99",,244630.53
05-03-2026,NACH/MANDATE/RNT8802106/RENT MANDATE,935799877818,"21,000.00",,223630.53
05-03-2026,UPIP2M266173996460JioRechargeUPIPAYTM,689795884434,929.00,,222701.53
05-03-2026,UPIP2M920150312827OlaCabsUPIPAYTM,138555951162,650.22,,222051.31
06-03-2026,IMPS/620231865881/Akash Iyer/UTIB,972842455869,"38,700.65",,183350.66
06-03-2026,POS RELIANCE MART LUCKNOW,019997245024,"5,450.62",,177900.04
07-03-2026,POS SHELL FUEL STATION LUCKNOW,065783706207,"3,750.90",,174149.14
08-03-2026,UPIP2M063262133659SaurabhRaoUPIBDBL,814917572982,"16,100.50",,158048.64
09-03-2026,UPIP2M360128371770ArjunVermaUPIPUNB,770686043856,"12,100.62",,145948.02
09-03-2026,UPIP2M403355997954PreetiBanerjUPIBDBL,954582370572,"6,050.26",,139897.76
09-03-2026,UPIP2M986979436112LalitGhoshUPIUCBA,239745390732,"3,550.94",,136346.82
09-03-2026,UPIP2M425982634627AdityaBirlaSUPILICI,141363595669,"5,700.00",,130646.82
10-03-2026,UPIP2M551006197675SantoshPillaUPIBARB,476148874068,"19,500.51",,111146.31
10-03-2026,UPIP2M327960356844SwiggyUPIICICI,520510110474,"2,400.64",,108745.67
11-03-2026,ATMCASHAXISBUF55321289LUCKNO,471114481687,"6,000.00",,102745.67
12-03-2026,UPIP2M084911338345OlaCabsUPIPAYTM,562893575171,860.50,,101885.17
12-03-2026,UPIP2M558956574258NareshKapoorUPIBDBL,591913211071,"10,350.18",,91534.99
13-03-2026,UPIP2A429694918059SachinPillaiUPIFDRL,558146493173,,"12,700.65",104235.64
13-03-2026,NACH/MANDATE/SIP9453900/Axis Mutual Fund,264548902547,"7,500.00",,96735.64
13-03-2026,POS SHELL FUEL STATION LUCKNOW,695550947503,"3,150.04",,93585.60
14-03-2026,UPIP2M216234610957GeetaMenonUPIBARB,513873926885,"13,500.47",,80085.13
14-03-2026,UPIP2M866454751146AnilDubeyUPIBDBL,534002354111,"16,000.74",,64084.39
15-03-2026,UPIP2M532661723040NetmedsUPIICICI,897753862926,"3,080.39",,61004.00
15-03-2026,UPIP2M287698706849SwiggyUPIICICI,875125453061,"2,740.62",,58263.38
16-03-2026,UPIP2M802205775645KunalSethiUPIPUNB,711424490168,"13,100.76",,45162.62
17-03-2026,POS HP PETROL PUMP LUCKNOW,405738815208,"2,800.38",,42362.24
19-03-2026,ATMCASHAXISXKT43500934LUCKNO,592850913447,"6,500.00",,35862.24
19-03-2026,UPIP2M533398851586SpotifyUPIICICI,098406807623,499.00,,35363.24
19-03-2026,UPIP2M420186484069MSEDCLUPIUPIN,561497889043,"1,400.17",,33963.07
20-03-2026,POS CENTRAL MALL LUCKNOW,380388892197,"5,100.86",,28862.21
21-03-2026,UPIP2M454545380090IndaneGasUPIICICI,279526298469,850.85,,28011.36
21-03-2026,UPIP2M627937388165SwiggyUPIICICI,833772548148,"1,240.04",,26771.32
23-03-2026,POS SHOPPERS STOP LUCKNOW,673816629046,800.52,,25970.80
23-03-2026,UPIP2M086921440057BigBasketUPIICICI,796690511322,"1,970.29",,24000.51
23-03-2026,UPIP2A211465090515ManishBajajUPIPUNB,846067926322,,"4,650.83",28651.34
23-03-2026,UPIP2M940705810186BlinkitUPIICICI,463794793223,"1,540.34",,27111.00
23-03-2026,UPIP2A827357830213SushmaJainUPIBDBL,634805682679,,"3,150.11",30261.11
23-03-2026,UPIP2A678457466156MeenaRoyUPIBARB,014582037641,,"21,400.49",51661.60
24-03-2026,UPIP2M581972640395MyntraUPIPAYTM,729294705648,"3,600.55",,48061.05
24-03-2026,UPIP2A912469113405PoonamChopraUPIUCBA,219825208683,,"3,100.42",51161.47
25-03-2026,UPIP2A156515066284RaviKulkarniUPIHDFC,692441211198,,"15,150.80",66312.27
25-03-2026,INTEREST CREDIT,251995985457,,195.14,66507.41
25-03-2026,UPIP2M863883774079RapidoUPIPAYTM,524839440841,460.34,,66047.07
25-03-2026,UPIP2A491629610893AmitNairUPIUTIB,703444952217,,"4,650.80",70697.87
26-03-2026,UPIP2M227367282107MamtaChaudhaUPIPUNB,468840479825,"16,400.78",,54297.09
26-03-2026,UPIP2M249906714132JioRechargeUPIPAYTM,560249571871,719.00,,53578.09
27-03-2026,UPIP2M020047593095SwiggyUPIICICI,671581975425,"2,400.87",,51177.22
27-03-2026,UPIP2A001835569507ShivamMehtaUPIKKBK,504325390794,,"16,300.81",67478.03
28-03-2026,UPIP2A577693775498SureshReddyUPIKKBK,402185917007,,"19,300.49",86778.52
28-03-2026,UPIP2M748856140817ManishBanerjUPIBKID,912499662621,"21,900.34",,64878.18
29-03-2026,UPIP2M567764951402JioRechargeUPIPAYTM,959860087952,199.00,,64679.18
29-03-2026,UPIP2M769509294535JioRechargeUPIPAYTM,257781131634,609.00,,64070.18
31-03-2026,ATMCASHAXISGYK42747504LUCKNO,445622517318,"2,500.00",,61570.18
01-04-2026,UPIP2A238636562216MohitPillaiUPIUCBA,815969157076,,"17,850.15",79420.33
01-04-2026,UPIP2M259845865647MayaAgarwalUPIBARB,963502874674,"8,500.00",,70920.33
01-04-2026,UPIP2M286414783248BlinkitUPIICICI,304747703859,"1,570.40",,69349.93
01-04-2026,UPIP2M244858045062RajanPandeyUPIBDBL,371915267727,"13,450.19",,55899.74
02-04-2026,UPIP2A667936553174KavitaKapoorUPIUTIB,603787550660,,"13,850.56",69750.30
04-04-2026,POS BHARAT PETROLEUM LUCKNOW,607402802986,"3,150.67",,66599.63
04-04-2026,UPIP2M612142966648RapidoUPIPAYTM,724453500173,150.54,,66449.09
05-04-2026,SALARY/S4425290735083/Tata Consultancy Service,473536198497,,"113,769.96",180219.05
05-04-2026,ATMCASHAXISGDA68742592LUCKNO,906403345203,"9,500.00",,170719.05
05-04-2026,UPIP2M824459713698BSNLBroadbanUPIICICI,950277686346,710.71,,170008.34
06-04-2026,UPIP2M828766725391BSNLBroadbanUPIRAZORPAY,359382450697,"1,249.00",,168759.34
06-04-2026,UPIP2A278779853892AbhishekKhanUPIKKBK,876412705148,,"5,500.14",174259.48
08-04-2026,UPIP2M333727087002AdityaBirlaSUPILICI,434284461662,"5,700.00",,168559.48
08-04-2026,UPIP2M303611943198JioRechargeUPIPAYTM,239581340319,989.00,,167570.48
08-04-2026,NACH/MANDATE/RNT3163172/RENT MANDATE,092828705234,"21,000.00",,146570.48
09-04-2026,POS SHOPPERS STOP LUCKNOW,372984052837,"6,750.07",,139820.41
09-04-2026,UPIP2M568861585346BigBasketUPIICICI,335616687660,700.84,,139119.57
09-04-2026,NACH/MANDATE/LN437701607747/Axis Bank Auto Loan,230462785945,"21,000.00",,118119.57
10-04-2026,UPIP2M589617042682GirishGhoshUPIBARB,698532944432,"7,850.91",,110268.66
11-04-2026,UPIP2M380126970591MohitDasUPISBIN,552662086900,"13,350.06",,96918.60
11-04-2026,POS BHARAT PETROLEUM LUCKNOW,323295222382,"1,950.30",,94968.30
13-04-2026,NACH/MANDATE/SIP6258214/Axis Mutual Fund,876071984992,"7,500.00",,87468.30
13-04-2026,UPIP2M355364977009MakeMyTripUPIICICI,308223419983,949.00,,86519.30
14-04-2026,UPIP2M529402249637AmazonPayUPIICICI,651469681473,"2,270.85",,84248.45
15-04-2026,UPIP2M376044655701FlipkartUPIICICI,355583655635,180.98,,84067.47
15-04-2026,UPIP2A337626710270SnehaKulkarnUPISBIN,966838547874,,"18,550.44",102617.91
15-04-2026,UPIP2M853991161736MSEDCLUPIUPIN,063477468760,"3,500.48",,99117.43
15-04-2026,UPIP2A234617287278RaniBoseUPIUTIB,691673737730,,"15,150.73",114268.16
16-04-2026,UPIP2M498067901909RaniYadavUPIBDBL,568731295564,"8,450.65",,105817.51
16-04-2026,POS RELIANCE PETROLEUM LUCKNOW,300515386019,"1,150.44",,104667.07
17-04-2026,UPIP2M024789215405ZeptoUPIICICI,970863807573,480.65,,104186.42
18-04-2026,UPIP2M841349907775OlaCabsUPIICICI,798175319730,140.79,,104045.63
18-04-2026,UPIP2M406440710705JioRechargeUPIPAYTM,479681169543,699.00,,103346.63
18-04-2026,UPIP2M121316660091JioRechargeUPIPAYTM,470476700071,639.00,,102707.63
19-04-2026,UPIP2M402505243300ZeptoUPIICICI,340646989887,390.31,,102317.32
19-04-2026,UPIP2M852787976643BlinkitUPIICICI,995579230847,"1,320.44",,100996.88
20-04-2026,UPIP2M360895381241VishalReddyUPIPUNB,592979171972,"1,650.20",,99346.68
20-04-2026,UPIP2M934131096543UberIndiaUPIICICI,324074800359,150.70,,99195.98
20-04-2026,POS V MART LUCKNOW,502875943522,650.16,,98545.82
21-04-2026,UPIP2A181430320695KunalThaparUPIBDBL,085131233112,,"2,400.33",100946.15
21-04-2026,UPIP2M972671767271SumitPillaiUPIUTIB,408776779371,"15,200.39",,85745.76
22-04-2026,UPIP2M499581759612NykaaUPIPAYTM,663347844213,"5,500.46",,80245.30
22-04-2026,POS RELIANCE MART LUCKNOW,548008943606,"1,200.14",,79045.16
23-04-2026,UPIP2M153016464176ZeptoUPIICICI,232105678747,140.08,,78905.08
23-04-2026,UPIP2M895383374842JioRechargeUPIPAYTM,072626903976,739.00,,78166.08
24-04-2026,UPIP2M481458631127JioRechargeUPIPAYTM,045758758602,879.00,,77287.08
24-04-2026,UPIP2M025381318340IndaneGasUPIICICI,728358468046,"1,400.49",,75886.59
24-04-2026,UPIP2M276649985244ZomatoUPIICICI,676777797569,"1,440.07",,74446.52
24-04-2026,UPIP2M467385313255UberIndiaUPIICICI,576959087603,"1,600.26",,72846.26
25-04-2026,UPIP2M823328900173RajanDubeyUPIHDFC,963297284212,"19,450.03",,53396.23
25-04-2026,UPIP2A653777840109RakeshSenUPIBKID,613112888777,,"15,150.73",68546.96
25-04-2026,UPIP2A233231788582VishalNaikUPISBIN,938804292826,,"5,900.00",74446.96
26-04-2026,POS BHARAT PETROLEUM LUCKNOW,254607457931,"4,400.02",,70046.94
26-04-2026,UPIP2M624098657572OlaCabsUPIPAYTM,386036548035,380.82,,69666.12
26-04-2026,UPIP2M457330397305NykaaUPIPAYTM,528618987108,"4,050.90",,65615.22
26-04-2026,UPIP2M538809155039GauravShuklaUPIBKID,929595617829,"9,700.00",,55915.22
27-04-2026,UPIP2M574423864582OlaCabsUPIPAYTM,776633683199,720.52,,55194.70
27-04-2026,ATMCASHAXISNTZ88865462LUCKNO,614318164334,"1,500.00",,53694.70
28-04-2026,UPIP2M844875259350UberIndiaUPIPAYTM,918963363124,90.26,,53604.44
29-04-2026,UPIP2M314697808240DunzoUPIICICI,987282212777,320.38,,53284.06
29-04-2026,Monthly Service Chrgs,557522771996,80.00,,53204.06
29-04-2026,GST ON CHARGES,503379032326,14.40,,53189.66
30-04-2026,UPIP2A205559971915DeepaSenUPIBDBL,525309257493,,"5,050.73",58240.39
30-04-2026,UPIP2M854580482066SaritaSenUPIBARB,104587329064,450.11,,57790.28
01-05-2026,UPIP2M616881399004FlipkartUPIICICI,665242823205,"1,180.71",,56609.57
01-05-2026,UPIP2A961958523497SeemaMukherjUPIBDBL,173726543634,,"14,050.04",70659.61
01-05-2026,UPIP2M171485955512PaytmMallUPIICICI,849549722543,"1,920.03",,68739.58
01-05-2026,UPIP2M855801518753ZomatoUPIICICI,056221227543,"1,640.82",,67098.76
02-05-2026,POS SHELL FUEL STATION LUCKNOW,061636768210,"2,950.12",,64148.64
02-05-2026,UPIP2A292682527387PreetiKapoorUPIFDRL,052512029526,,"10,800.30",74948.94
02-05-2026,UPIP2M109990672440AmazonPayUPIICICI,766217842581,"2,170.65",,72778.29
02-05-2026,POS STAR BAZAAR LUCKNOW,735257410508,"3,250.35",,69527.94
03-05-2026,UPIP2A895388239526ShwetaRaoUPIUTIB,710920152945,,500.82,70028.76
03-05-2026,SALARY/S4578363649865/Tata Consultancy Service,720904814958,,"112,865.96",182894.72
03-05-2026,UPIP2M411679175962LalitKulkarnUPIPUNB,534960966096,"1,700.24",,181194.48
04-05-2026,UPIP2M262957078442BSNLBroadbanUPIICICI,311517174950,"1,900.12",,179294.36
04-05-2026,ATMCASHAXISYAW41714801LUCKNO,603396897694,"1,500.00",,177794.36
05-05-2026,UPIP2M622283578901VarshaIyerUPIHDFC,625036141856,"5,800.73",,171993.63
05-05-2026,UPIP2M143368439192DeepakRaoUPIBKID,993646923720,"18,550.24",,153443.39
05-05-2026,UPIP2A655415005013MukeshRoyUPIPUNB,138536664596,,"9,800.08",163243.47
06-05-2026,ATMCASHAXISLGL74848829LUCKNO,921928763171,"8,500.00",,154743.47
06-05-2026,NACH/MANDATE/RNT2510494/RENT MANDATE,995535340514,"21,000.00",,133743.47
06-05-2026,UPIP2M143137503546NikhilSrivasUPISBIN,709459726068,"20,600.95",,113142.52
06-05-2026,UPIP2M846733037613UberIndiaUPIICICI,966533331908,"2,600.00",,110542.52
06-05-2026,UPIP2M052349772662MyntraUPIPAYTM,878446214422,450.53,,110091.99
07-05-2026,UPIP2A731001627889RadhaYadavUPIBDBL,463482744860,,"14,850.95",124942.94
07-05-2026,UPIP2M914358643418NykaaUPIPAYTM,861836049055,"2,150.19",,122792.75
08-05-2026,ATMCASHAXISQRZ42071374LUCKNO,517228982589,"1,000.00",,121792.75
09-05-2026,UPIP2M620143535724GeetaIyerUPIBDBL,574136404050,"11,250.67",,110542.08
09-05-2026,NACH/MANDATE/LN437701607747/Axis Bank Auto Loan,462892766664,"21,000.00",,89542.08
