Bank Name,KOTAK MAHINDRA BANK LTD
Account Number,9892156611
Account Holder Name,RAJESH NAMBIAR
Branch,VASTRAPUR
IFSC Code,KKBK0831615
Statement Period,02-12-2024 To 09-05-2026

Date,Description,Ref/ChequeNo,Debit,Credit,Balance
02-12-2024,UPI/DR/463088896349/BSNL/ICICI/bsnlbroadband@upi/UPI,850196385827,550.67,,1510963.52
04-12-2024,SALARY CREDIT/S9131272669931/Reliance Retail Ltd,127062050513,,"52,050.01",1563013.53
04-12-2024,UPI/DR/625619390800/Ola/PAYTM/olamoney@ola/UPI,408360417370,610.75,,1562402.78
04-12-2024,UPI/DR/671300850953/Vijay/BKID/vijaypate58@oksbi/UPI,157630584910,"9,400.30",,1553002.48
05-12-2024,POS MORE SUPER MARKET PATNA,295580640927,"6,250.51",,1546751.97
05-12-2024,UPI/DR/851678699066/Paytm/ICICI/paytm@paytm/UPI,353950471969,"2,210.30",,1544541.67
07-12-2024,ATM-CASH-WDL/WVI489096/PATNA,023764332991,"5,500.00",,1539041.67
07-12-2024,UPI/DR/797438336687/Bajaj/LICI/licindia@licindia/UPI,895062369902,"6,900.00",,1532141.67
07-12-2024,UPI/CR/764607829166/Siddharth/BDBL/siddharthshah13@ybl/UPI,447348189247,,"20,900.06",1553041.73
08-12-2024,UPI/CR/598550016109/Sachin/UTIB/sachin.srivastava@aubank/UPI,134385959290,,"19,000.59",1572042.32
08-12-2024,POS BRAND FACTORY PATNA,794024687031,"5,950.95",,1566091.37
08-12-2024,UPI/DR/900137423239/Flipkart/PAYTM/flipkart@ybl/UPI,145082077237,"2,850.35",,1563241.02
08-12-2024,NACH/MANDATE/RNT1267107/RENT MANDATE,382985656088,"14,000.00",,1549241.02
09-12-2024,UPI/CR/293724328667/Lalit/UCBA/lalitkulk98@ptaxis/UPI,273257959260,,"10,100.13",1559341.15
09-12-2024,UPI/DR/604018357784/Dunzo/ICICI/dunzo@razorpay/UPI,478162212425,"2,780.90",,1556560.25
10-12-2024,UPI/DR/510619387061/Jio/ICICI/jio@paytm/UPI,985156837018,"2,410.87",,1554149.38
10-12-2024,UPI/DR/081435329321/BESCOM/UPIN/bescompayment@upi/UPI,532019144198,"3,900.63",,1550248.75
11-12-2024,ATM-CASH-WDL/WBW789089/PATNA,422765282970,"8,000.00",,1542248.75
11-12-2024,POS VISHAL MEGA MART PATNA,879931111975,400.60,,1541848.15
11-12-2024,UPI/CR/441948616714/Rani/BARB/0617434060@okaxis/UPI,959382709311,,"1,050.89",1542899.04
12-12-2024,POS MORE SUPER MARKET PATNA,795429667799,"7,000.47",,1535898.57
13-12-2024,UPI/CR/007339512722/Rajesh/BKID/rajeshpati50@ptsbi/UPI,170801285923,,"9,600.72",1545499.29
14-12-2024,UPI/DR/580607866774/BigBasket/ICICI/bigbasket@ybl/UPI,496892556353,560.40,,1544938.89
14-12-2024,POS BHARAT PETROLEUM PATNA,613163112551,"2,300.81",,1542638.08
15-12-2024,IMPS-069179587925-Sunil Naik,325833371852,"30,300.46",,1512337.62
17-12-2024,UPI/DR/789211874940/Flipkart/ICICI/flipkart@ybl/UPI,276564438112,930.73,,1511406.89
17-12-2024,UPI/DR/433815164281/PhonePe/ICICI/phonepe@ybl/UPI,308355350875,"2,470.63",,1508936.26
17-12-2024,ATM-CASH-WDL/DNR178963/PATNA,313546207913,"6,000.00",,1502936.26
18-12-2024,UPI/CR/199352417679/Ramesh/UTIB/ramesh.chaudhary@ibl/UPI,812043782536,,"17,700.48",1520636.74
18-12-2024,UPI/CR/850539825306/Anita/FDRL/7224590787@axl/UPI,537449390226,,150.36,1520787.10
18-12-2024,POS BHARAT PETROLEUM PATNA,728296628081,"4,100.66",,1516686.44
19-12-2024,UPI/DR/908370475678/Rani/BDBL/rani.khanna@okaxis/UPI,599666381729,"8,550.21",,1508136.23
19-12-2024,UPI/DR/755084056563/Myntra/PAYTM/myntra@ybl/UPI,321644908972,"5,000.88",,1503135.35
20-12-2024,UPI/CR/119397077823/Naresh/FDRL/naresh173@oksbi/UPI,078776935008,,"16,800.66",1519936.01
21-12-2024,UPI/DR/246898050201/Seema/KKBK/seemabaja84@pthdfc/UPI,971911469399,"7,650.25",,1512285.76
21-12-2024,UPI/DR/859719160903/Rapido/PAYTM/rapido@icici/UPI,362184228155,100.28,,1512185.48
21-12-2024,UPI/DR/996736531181/Airtel/PAYTM/airtel@axis/UPI,031377541134,729.00,,1511456.48
21-12-2024,UPI/DR/698750053205/ACT/RAZORPAY/broadband@paytm/UPI,513984724288,449.00,,1511007.48
22-12-2024,UPI/DR/240217505443/Myntra/PAYTM/myntra@ybl/UPI,623165692976,"1,750.85",,1509256.63
22-12-2024,POS RELIANCE PETROLEUM PATNA,583706002682,"2,650.80",,1506605.83
22-12-2024,UPI/DR/452306951998/Himanshu/UCBA/3256346558@aubank/UPI,656754301262,900.73,,1505705.10
23-12-2024,UPI/DR/874696846116/Zepto/ICICI/zepto@apl/UPI,529438754575,370.39,,1505334.71
23-12-2024,POS SHOPPERS STOP PATNA,472933780016,"4,600.69",,1500734.02
24-12-2024,UPI/DR/345969704830/Jyoti/PUNB/jyoti158@axl/UPI,983227426275,"15,150.13",,1485583.89
24-12-2024,UPI/DR/116974376241/Rajan/UCBA/rajan.malhotra@apl/UPI,046894494865,"10,750.00",,1474833.89
25-12-2024,UPI/DR/017788298489/Airtel/PAYTM/airtel@axis/UPI,127221875842,219.00,,1474614.89
25-12-2024,UPI/DR/931971666055/Swiggy/ICICI/swiggy@icici/UPI,032081559319,210.90,,1474403.99
26-12-2024,UPI/DR/131330194027/Indane/ICICI/indanegas@upi/UPI,832793275973,"1,250.76",,1473153.23
26-12-2024,POS BRAND FACTORY PATNA,441627511633,"7,400.21",,1465753.02
26-12-2024,UPI/CR/485249630466/Varsha/KKBK/varshaseth19@axl/UPI,940121079520,,"13,850.91",1479603.93
26-12-2024,INTEREST CREDIT,441693181594,,820.72,1480424.65
26-12-2024,UPI/DR/628668519799/Rapido/PAYTM/rapido@icici/UPI,042808036998,230.03,,1480194.62
26-12-2024,POS INDIAN OIL PATNA,913021147674,"3,350.71",,1476843.91
26-12-2024,UPI/CR/870521129089/Deepa/BARB/deepakapo63@apl/UPI,317366591386,,"17,450.11",1494294.02
27-12-2024,UPI/DR/566982012030/Babita/PUNB/babitashar90@pthdfc/UPI,372177299088,"8,350.06",,1485943.96
28-12-2024,UPI/DR/266110222609/BigBasket/ICICI/bigbasket@ybl/UPI,983288663389,"1,170.47",,1484773.49
28-12-2024,ATM-CASH-WDL/EGG631094/PATNA,586668445429,"8,500.00",,1476273.49
01-01-2025,SALARY CREDIT/S3122290355373/Reliance Retail Ltd,209500601238,,"53,726.01",1529999.50
01-01-2025,IMPS-444505698922-Kavita Banerjee,095688722109,"36,600.03",,1493399.47
01-01-2025,POS BIG BAZAAR PATNA,520383808071,"6,500.29",,1486899.18
02-01-2025,UPI/DR/195648064621/Kiran/HDFC/kiran.srivastava@ptsbi/UPI,241347502815,"16,650.84",,1470248.34
02-01-2025,UPI/CR/729543599708/Santosh/PUNB/santosh745@kotak/UPI,476938971047,,750.97,1470999.31
02-01-2025,UPI/DR/302003029964/Uber/PAYTM/uber@paytm/UPI,655314136878,750.10,,1470249.21
02-01-2025,UPI/DR/566005271168/Varun/BDBL/varun918@okicici/UPI,386740047292,"7,100.71",,1463148.50
03-01-2025,UPI/DR/997650729788/Ola/PAYTM/olamoney@ola/UPI,989693762085,340.87,,1462807.63
03-01-2025,UPI/DR/905603785306/Dunzo/ICICI/dunzo@razorpay/UPI,481005324949,"2,000.70",,1460806.93
04-01-2025,UPI/DR/667139062794/Jio/ICICI/jio@paytm/UPI,470215757342,"1,370.35",,1459436.58
04-01-2025,NACH/MANDATE/RNT7509313/RENT MANDATE,157462490732,"14,000.00",,1445436.58
04-01-2025,POS SHELL FUEL STATION PATNA,318291972927,"2,000.12",,1443436.46
05-01-2025,UPI/DR/524592889958/Vijay/HDFC/8810617216@ptsbi/UPI,335214028010,"8,850.20",,1434586.26
05-01-2025,ATM-CASH-WDL/RGL935677/PATNA,604040854398,"3,000.00",,1431586.26
06-01-2025,UPI/CR/681223618704/Rekha/FDRL/rekha774@apl/UPI,664509286071,,"18,500.57",1450086.83
06-01-2025,UPI/DR/077836231384/Airtel/PAYTM/airtel@axis/UPI,925174386345,179.00,,1449907.83
08-01-2025,ATM-CASH-WDL/NBP023797/PATNA,038907624042,"8,000.00",,1441907.83
08-01-2025,IMPS-200520842302-Mohan Chopra,764440433728,"22,400.14",,1419507.69
09-01-2025,POS D MART PATNA,872094600254,"7,450.18",,1412057.51
09-01-2025,UPI/DR/059617253841/ACT/RAZORPAY/broadband@paytm/UPI,977335528802,"1,099.00",,1410958.51
10-01-2025,ATM-CASH-WDL/VAZ143931/PATNA,999494166014,"7,500.00",,1403458.51
11-01-2025,UPI/DR/166375969411/Indane/ICICI/indanegas@upi/UPI,368520469056,850.71,,1402607.80
11-01-2025,UPI/DR/913986543449/Bajaj/LICI/licindia@licindia/UPI,967548817497,"6,900.00",,1395707.80
12-01-2025,UPI/CR/835520277170/Krishna/UCBA/krishna669@aubank/UPI,717284828606,,"3,050.47",1398758.27
12-01-2025,UPI/DR/425170798661/Rapido/PAYTM/rapido@icici/UPI,282607794098,500.22,,1398258.05
13-01-2025,UPI/DR/081356447449/Ola/PAYTM/olamoney@ola/UPI,916519189192,730.06,,1397527.99
13-01-2025,UPI/DR/497601871046/Airtel/PAYTM/airtel@axis/UPI,714047259358,999.00,,1396528.99
14-01-2025,UPI/DR/724252554658/Paytm/ICICI/paytm@paytm/UPI,458503499967,"2,740.32",,1393788.67
14-01-2025,ATM-CASH-WDL/OZH386630/PATNA,930963477001,"5,500.00",,1388288.67
14-01-2025,UPI/DR/547666454553/Vikram/BDBL/vikram.kumar@upi/UPI,317771580355,"12,000.01",,1376288.66
15-01-2025,UPI/DR/188280561823/PhonePe/ICICI/phonepe@ybl/UPI,919354157477,"1,540.69",,1374747.97
15-01-2025,UPI/DR/519091270844/Myntra/ICICI/myntra@ybl/UPI,605206728884,949.00,,1373798.97
15-01-2025,UPI/DR/579363945619/BESCOM/UPIN/bescompayment@upi/UPI,917495334317,"3,550.62",,1370248.35
16-01-2025,UPI/DR/653270404060/Mahesh/HDFC/maheshthap60@ptaxis/UPI,348517525517,"1,750.50",,1368497.85
17-01-2025,UPI/DR/541246427688/Swiggy/ICICI/swiggy@icici/UPI,988990932011,"1,820.99",,1366676.86
17-01-2025,UPI/DR/857524549899/Airtel/PAYTM/airtel@axis/UPI,508645960539,629.00,,1366047.86
19-01-2025,POS SHELL FUEL STATION PATNA,389759376371,"3,750.00",,1362297.86
20-01-2025,POS INDIAN OIL PATNA,301652258752,"4,150.15",,1358147.71
21-01-2025,POS INDIAN OIL PATNA,074897776695,"3,750.39",,1354397.32
21-01-2025,UPI/DR/271200154846/BSNL/ICICI/bsnlbroadband@upi/UPI,636109984666,"2,800.19",,1351597.13
21-01-2025,UPI/DR/389295390844/BSNL/ICICI/bsnlbroadband@upi/UPI,075196201058,120.27,,1351476.86
22-01-2025,UPI/DR/947408156360/Airtel/PAYTM/airtel@axis/UPI,410772844602,579.00,,1350897.86
23-01-2025,UPI/DR/223782543620/Rapido/PAYTM/rapido@icici/UPI,724698960861,260.88,,1350636.98
24-01-2025,UPI/CR/675811423462/Deepak/FDRL/deepak483@paytm/UPI,434709564482,,150.35,1350787.33
24-01-2025,POS BIG BAZAAR PATNA,121995288048,"1,800.77",,1348986.56
25-01-2025,UPI/DR/351315545182/Flipkart/PAYTM/flipkart@ybl/UPI,609256167900,"5,800.49",,1343186.07
25-01-2025,POS CENTRAL MALL PATNA,553569233580,"5,200.07",,1337986.00
25-01-2025,UPI/DR/253681446163/Airtel/PAYTM/airtel@axis/UPI,653283154153,869.00,,1337117.00
25-01-2025,UPI/DR/258742995138/Anil/BARB/6698570697@okaxis/UPI,523967764571,"20,750.94",,1316366.06
26-01-2025,UPI/DR/859327223948/Blinkit/ICICI/blinkit@kotak/UPI,625004203884,700.17,,1315665.89
26-01-2025,UPI/DR/590833317564/Neha/KKBK/6411495348@aubank/UPI,255497699960,"19,350.78",,1296315.11
28-01-2025,UPI/DR/648669697488/Nykaa/PAYTM/nykaa@razorpay/UPI,969389662405,"4,400.87",,1291914.24
28-01-2025,ACCOUNT MAINTENANCE CHARGES,568155549770,390.00,,1291524.24
28-01-2025,GST ON CHARGES,695072090929,70.20,,1291454.04
29-01-2025,UPI/CR/665450865731/Anita/BKID/anita.das@paytm/UPI,616461948460,,"12,450.46",1303904.50
31-01-2025,UPI/DR/706002929414/Zepto/ICICI/zepto@apl/UPI,961415689370,"1,570.28",,1302334.22
31-01-2025,UPI/CR/656708395028/Gopal/KKBK/2052005830@paytm/UPI,300745751097,,"10,250.66",1312584.88
31-01-2025,UPI/DR/596959190484/Blinkit/ICICI/blinkit@kotak/UPI,304891067843,"2,600.52",,1309984.36
02-02-2025,SALARY CREDIT/S7267061980949/Reliance Retail Ltd,717517317515,,"51,979.01",1361963.37
03-02-2025,UPI/CR/301162721511/Brijesh/PUNB/8082897626@ptyes/UPI,301169805946,,"3,800.83",1365764.20
05-02-2025,UPI/DR/078125794669/Sushma/UCBA/5210593876@ptsbi/UPI,547954313843,"10,350.84",,1355413.36
05-02-2025,POS SHELL FUEL STATION PATNA,932802453619,"3,100.96",,1352312.40
05-02-2025,UPI/DR/367214664041/Meesho/PAYTM/meesho@ybl/UPI,020600084630,"1,750.31",,1350562.09
05-02-2025,NACH/MANDATE/RNT7907366/RENT MANDATE,544496593832,"14,000.00",,1336562.09
05-02-2025,UPI/DR/701610029803/Bajaj/LICI/licindia@licindia/UPI,499151564083,"6,900.00",,1329662.09
07-02-2025,POS CENTRAL MALL PATNA,579043300296,"2,350.89",,1327311.20
08-02-2025,UPI/DR/299282941270/Dunzo/ICICI/dunzo@razorpay/UPI,659732919498,"2,800.08",,1324511.12
08-02-2025,POS SHELL FUEL STATION PATNA,641945775708,"2,700.93",,1321810.19
09-02-2025,UPI/DR/258383683064/Rapido/PAYTM/rapido@icici/UPI,709181204630,110.73,,1321699.46
09-02-2025,UPI/DR/927819285692/Mukesh/UTIB/mukesh696@kotak/UPI,470812294908,"20,550.39",,1301149.07
10-02-2025,UPI/CR/777094971039/Kapil/PUNB/kapil.gupta@okaxis/UPI,109435927457,,"18,600.40",1319749.47
11-02-2025,POS RELIANCE PETROLEUM PATNA,526981779134,"3,850.56",,1315898.91
11-02-2025,UPI/DR/517602845993/Paytm/ICICI/paytm@paytm/UPI,520624327537,"1,080.07",,1314818.84
12-02-2025,UPI/CR/681927165694/Santosh/UTIB/santoshdutt29@ptaxis/UPI,960017474064,,"20,300.62",1335119.46
12-02-2025,UPI/DR/919112954235/Zomato/ICICI/zomato@axisbank/UPI,791061220700,"2,670.07",,1332449.39
13-02-2025,UPI/DR/064741726388/BSNL/ICICI/bsnlbroadband@upi/UPI,655572999308,"2,360.76",,1330088.63
14-02-2025,UPI/DR/884797606851/Zomato/ICICI/zomato@axisbank/UPI,134948078510,330.36,,1329758.27
14-02-2025,UPI/DR/599231926486/Uber/ICICI/uber@paytm/UPI,868770125691,"1,640.64",,1328117.63
15-02-2025,UPI/DR/910088683308/Anil/UCBA/6001149086@aubank/UPI,669490162216,"10,100.12",,1318017.51
15-02-2025,UPI/DR/138578628074/Pankaj/BDBL/pankaj766@okhdfcbank/UPI,674339888181,"13,400.92",,1304616.59
15-02-2025,UPI/DR/677836498191/Rahul/PUNB/rahul467@apl/UPI,060663309466,"6,800.57",,1297816.02
16-02-2025,ATM-CASH-WDL/EIX360955/PATNA,611077758772,"2,500.00",,1295316.02
16-02-2025,POS SHOPPERS STOP PATNA,021307844188,"2,250.88",,1293065.14
17-02-2025,UPI/DR/128874087779/Flipkart/ICICI/flipkart@ybl/UPI,256428470441,270.21,,1292794.93
17-02-2025,UPI/DR/846997888082/Seema/BARB/1017577294@ptsbi/UPI,674651368071,"7,850.58",,1284944.35
18-02-2025,UPI/DR/091097029906/BSNL/ICICI/bsnlbroadband@upi/UPI,310237257192,"2,400.01",,1282544.34
18-02-2025,UPI/CR/950987857779/Shweta/UTIB/shwetasen17@ibl/UPI,922640471014,,"18,600.43",1301144.77
19-02-2025,ATM-CASH-WDL/FBS995140/PATNA,605141554891,"4,000.00",,1297144.77
19-02-2025,UPI/DR/939665604997/BESCOM/UPIN/bescompayment@upi/UPI,103699373384,"2,350.33",,1294794.44
20-02-2025,UPI/DR/196964323926/Ola/PAYTM/olamoney@ola/UPI,258223548338,400.20,,1294394.24
21-02-2025,UPI/DR/466815880521/Amazon/PAYTM/amazon@apl/UPI,905621508871,"1,300.55",,1293093.69
22-02-2025,UPI/DR/403786279968/Dinesh/UTIB/dinesh488@kotak/UPI,588471696725,"17,450.56",,1275643.13
22-02-2025,UPI/DR/114329025444/Indane/ICICI/indanegas@upi/UPI,174835730417,"1,700.42",,1273942.71
22-02-2025,UPI/DR/707110407212/Uber/PAYTM/uber@paytm/UPI,467884658684,650.94,,1273291.77
24-02-2025,UPI/DR/881635540811/Paytm/ICICI/paytm@paytm/UPI,503249112355,780.81,,1272510.96
24-02-2025,UPI/DR/710586134481/Swiggy/ICICI/swiggy@icici/UPI,074034771788,180.38,,1272330.58
24-02-2025,POS D MART PATNA,655054871983,"8,100.91",,1264229.67
24-02-2025,UPI/DR/315906097250/PhonePe/ICICI/phonepe@ybl/UPI,793002379364,"1,430.86",,1262798.81
25-02-2025,UPI/CR/917565750939/Mohan/BDBL/mohan.rao@ibl/UPI,212079109573,,"17,600.75",1280399.56
25-02-2025,UPI/DR/010543080171/Deepa/FDRL/0381769510@axl/UPI,502537431360,"3,500.66",,1276898.90
25-02-2025,POS V MART PATNA,942731606765,"4,650.25",,1272248.65
25-02-2025,UPI/DR/430412088378/Airtel/PAYTM/airtel@axis/UPI,881921843437,819.00,,1271429.65
26-02-2025,UPI/DR/740492753305/Blinkit/ICICI/blinkit@kotak/UPI,879767720634,590.73,,1270838.92
26-02-2025,UPI/DR/427606664799/Swiggy/ICICI/swiggy@icici/UPI,598393240205,400.18,,1270438.74
26-02-2025,UPI/DR/858061198816/ACT/RAZORPAY/broadband@paytm/UPI,361213344535,599.00,,1269839.74
27-02-2025,UPI/DR/874734336950/Airtel/PAYTM/airtel@axis/UPI,539177620751,639.00,,1269200.74
27-02-2025,POS CENTRAL MALL PATNA,828314033710,"3,150.61",,1266050.13
28-02-2025,UPI/CR/265872245890/Jyoti/BARB/7148547509@okicici/UPI,829772567571,,"16,650.49",1282700.62
28-02-2025,POS SHOPPERS STOP PATNA,367208620296,"1,550.83",,1281149.79
28-02-2025,UPI/DR/456948333928/Airtel/PAYTM/airtel@axis/UPI,041778291505,779.00,,1280370.79
28-02-2025,POS V MART PATNA,469064100288,"2,650.62",,1277720.17
01-03-2025,ATM-CASH-WDL/BJM807266/PATNA,995058257249,"9,500.00",,1268220.17
01-03-2025,ATM-CASH-WDL/YNO622415/PATNA,257334770787,"4,000.00",,1264220.17
01-03-2025,ATM-CASH-WDL/JNB255016/PATNA,420669108769,"10,000.00",,1254220.17
01-03-2025,SALARY CREDIT/S3498784016684/Reliance Retail Ltd,536284929291,,"49,513.01",1303733.18
01-03-2025,UPI/DR/911745648695/Vandana/FDRL/vandana.reddy@upi/UPI,310788501179,"1,100.45",,1302632.73
02-03-2025,UPI/DR/612685783034/Flipkart/ICICI/flipkart@ybl/UPI,925606295116,"1,160.34",,1301472.39
02-03-2025,UPI/DR/744003272419/Blinkit/ICICI/blinkit@kotak/UPI,412824667769,930.02,,1300542.37
02-03-2025,UPI/DR/399983748442/Siddharth/PUNB/8118132577@apl/UPI,706049869476,"17,550.71",,1282991.66
02-03-2025,UPI/DR/478297644740/Amazon/ICICI/amazon@apl/UPI,233572520050,"2,790.71",,1280200.95
02-03-2025,UPI/CR/414674555866/Saurabh/UCBA/7141490768@paytm/UPI,604033626398,,"8,650.41",1288851.36
03-03-2025,POS VISHAL MEGA MART PATNA,422572127588,"6,550.29",,1282301.07
03-03-2025,IMPS-533006927768-Seema Menon,262214161429,"10,200.13",,1272100.94
03-03-2025,UPI/CR/002800277957/Rahul/BKID/rahul.nambiar@oksbi/UPI,198580043541,,"9,000.87",1281101.81
03-03-2025,IMPS-414584411776-Neha Joshi,135870913596,"18,900.16",,1262201.65
04-03-2025,NACH/MANDATE/RNT3472800/RENT MANDATE,396823184781,"14,000.00",,1248201.65
05-03-2025,UPI/DR/421823257339/Airtel/PAYTM/airtel@axis/UPI,710962266915,189.00,,1248012.65
06-03-2025,POS MORE SUPER MARKET PATNA,467982238655,950.11,,1247062.54
06-03-2025,UPI/DR/840415382746/PhonePe/ICICI/phonepe@ybl/UPI,268086555255,"2,320.86",,1244741.68
06-03-2025,ATM-CASH-WDL/IKK768909/PATNA,040173602382,"9,500.00",,1235241.68
07-03-2025,POS HP PETROL PUMP PATNA,857616508665,"3,250.55",,1231991.13
07-03-2025,UPI/CR/775402718762/Kavya/HDFC/kavyamish64@paytm/UPI,475849719398,,"1,600.88",1233592.01
09-03-2025,UPI/DR/184426451870/BigBasket/ICICI/bigbasket@ybl/UPI,864523635254,730.29,,1232861.72
09-03-2025,UPI/DR/403398302365/Bajaj/LICI/licindia@licindia/UPI,644581481051,"6,900.00",,1225961.72
09-03-2025,UPI/DR/175662804229/Sarita/HDFC/sarita.chatterjee@pthdfc/UPI,535595581754,"14,300.20",,1211661.52
09-03-2025,UPI/CR/260645828428/Pankaj/UTIB/pankajroy91@aubank/UPI,482547545450,,"18,050.92",1229712.44
09-03-2025,UPI/DR/871838747941/Airtel/PAYTM/airtel@axis/UPI,882007634602,479.00,,1229233.44
10-03-2025,POS HP PETROL PUMP PATNA,229519437624,"1,300.16",,1227933.28
11-03-2025,UPI/DR/230030217218/Rapido/PAYTM/rapido@icici/UPI,877224927035,240.20,,1227693.08
11-03-2025,UPI/DR/622403192417/Amazon/PAYTM/amazon@apl/UPI,239515678173,"5,750.88",,1221942.20
11-03-2025,UPI/DR/881418460451/Netmeds/ICICI/netmeds@paytm/UPI,230777167972,"2,650.43",,1219291.77
11-03-2025,UPI/DR/736901361281/BESCOM/UPIN/bescompayment@upi/UPI,231214123212,"3,850.72",,1215441.05
11-03-2025,UPI/CR/652209768879/Pallavi/UTIB/pallavichop74@okicici/UPI,871915291315,,"7,450.90",1222891.95
13-03-2025,UPI/DR/465098159768/Amit/KKBK/amitsing93@oksbi/UPI,060611713314,"13,050.22",,1209841.73
13-03-2025,ATM-CASH-WDL/ESQ941515/PATNA,812976556744,"8,500.00",,1201341.73
14-03-2025,ATM-CASH-WDL/PWM397724/PATNA,160418999250,"9,500.00",,1191841.73
14-03-2025,UPI/DR/707479994210/Flipkart/PAYTM/flipkart@ybl/UPI,403906050983,"2,700.60",,1189141.13
15-03-2025,UPI/DR/767547361601/Zomato/ICICI/zomato@axisbank/UPI,299604799046,520.51,,1188620.62
15-03-2025,POS V MART PATNA,575879045449,"5,400.64",,1183219.98
16-03-2025,UPI/DR/431698122276/Amazon/ICICI/amazon@apl/UPI,211264776504,"2,740.84",,1180479.14
16-03-2025,UPI/DR/511889070605/Ola/PAYTM/olamoney@ola/UPI,367502324586,550.95,,1179928.19
16-03-2025,POS D MART PATNA,907852015164,"1,250.03",,1178678.16
16-03-2025,UPI/DR/687749052075/Ritu/KKBK/7775744243@ptaxis/UPI,359826572867,"15,850.39",,1162827.77
17-03-2025,POS RELIANCE MART PATNA,476696860403,"4,050.80",,1158776.97
17-03-2025,UPI/CR/112190638932/Kavita/BDBL/3302484352@apl/UPI,681290621685,,"17,550.59",1176327.56
18-03-2025,UPI/CR/321892810069/Anjali/KKBK/anjali535@okhdfcbank/UPI,826269017239,,450.75,1176778.31
18-03-2025,UPI/DR/510661409345/Neha/SBIN/4328878969@axl/UPI,151651668542,"1,300.46",,1175477.85
18-03-2025,UPI/DR/058248094825/Indane/ICICI/indanegas@upi/UPI,119407180394,850.88,,1174626.97
18-03-2025,UPI/DR/689772323174/Airtel/PAYTM/airtel@axis/UPI,063622740736,249.00,,1174377.97
20-03-2025,UPI/DR/068710853173/Uber/PAYTM/uber@paytm/UPI,734560758002,880.64,,1173497.33
20-03-2025,POS MORE SUPER MARKET PATNA,482229040010,"4,250.39",,1169246.94
21-03-2025,UPI/DR/346848064202/Amazon/ICICI/amazon@apl/UPI,315666296389,"1,500.70",,1167746.24
22-03-2025,UPI/CR/682382558938/Suresh/BARB/suresh481@axl/UPI,965795156958,,"5,900.34",1173646.58
22-03-2025,UPI/DR/884622750752/Flipkart/ICICI/flipkart@ybl/UPI,527033910806,"2,800.03",,1170846.55
22-03-2025,UPI/DR/226510347172/Amazon/PAYTM/amazon@apl/UPI,796144791381,"2,350.42",,1168496.13
23-03-2025,UPI/DR/565964165820/Apollo/ICICI/apollopharmacy@ybl/UPI,676003716520,749.00,,1167747.13
24-03-2025,NEFT/N0955247759686/Maruti Suzuki India,230687401801,,"33,000.82",1200747.95
24-03-2025,UPI/CR/595791752182/Vandana/BARB/vandana150@ibl/UPI,957921253449,,"13,700.89",1214448.84
25-03-2025,UPI/CR/569998588370/Ankit/UTIB/1948306369@okicici/UPI,502231029154,,"16,550.15",1230998.99
25-03-2025,UPI/DR/434207039697/Rapido/PAYTM/rapido@icici/UPI,188998353524,310.03,,1230688.96
26-03-2025,POS SHELL FUEL STATION PATNA,479148263752,"2,850.31",,1227838.65
26-03-2025,POS D MART PATNA,273229462331,700.66,,1227137.99
26-03-2025,INTEREST CREDIT,263304206815,,765.70,1227903.69
26-03-2025,UPI/DR/920303329710/Jio/ICICI/jio@paytm/UPI,843617282227,"2,430.00",,1225473.69
27-03-2025,UPI/DR/236866219736/Hotstar/ICICI/hotstar@hdfcbank/UPI,027129361660,799.00,,1224674.69
27-03-2025,UPI/DR/171188841391/Sneha/KKBK/sneha.naik@okaxis/UPI,125288380346,"8,600.20",,1216074.49
28-03-2025,UPI/CR/342669258732/Dinesh/BKID/dineshgupt47@ptaxis/UPI,995851376290,,"21,650.87",1237725.36
28-03-2025,UPI/DR/455703054442/Rahul/SBIN/6220048463@okhdfcbank/UPI,639285234854,"2,550.70",,1235174.66
30-03-2025,UPI/DR/839419392836/Ola/ICICI/olamoney@ola/UPI,475882088748,"1,670.18",,1233504.48
30-03-2025,ATM-CASH-WDL/CVB950661/PATNA,748194714536,"3,500.00",,1230004.48
31-03-2025,UPI/DR/097224530896/Amazon/ICICI/amazon@apl/UPI,714998922218,"2,630.13",,1227374.35
01-04-2025,POS PANTALOONS PATNA,129564837917,"1,450.35",,1225924.00
01-04-2025,UPI/DR/345451775067/Harish/BARB/harish.singh@ptaxis/UPI,275860135029,"20,750.27",,1205173.73
01-04-2025,UPI/CR/043093434293/Mohan/KKBK/mohanshah91@upi/UPI,713198741903,,"1,300.85",1206474.58
02-04-2025,UPI/DR/853545519036/Uber/PAYTM/uber@paytm/UPI,203146807968,130.52,,1206344.06
02-04-2025,UPI/DR/484404350889/Ola/PAYTM/olamoney@ola/UPI,926210062781,490.87,,1205853.19
02-04-2025,UPI/DR/015173002038/Airtel/PAYTM/airtel@axis/UPI,966176944933,729.00,,1205124.19
02-04-2025,UPI/DR/714751927391/Uber/PAYTM/uber@paytm/UPI,255639698651,580.24,,1204543.95
02-04-2025,UPI/DR/433914714807/Lalit/FDRL/lalit.singh@ptyes/UPI,785806640989,"11,150.75",,1193393.20
03-04-2025,UPI/DR/684537648310/Uber/PAYTM/uber@paytm/UPI,205653175052,270.59,,1193122.61
03-04-2025,SALARY CREDIT/S6652055476728/Reliance Retail Ltd,571773368136,,"49,951.01",1243073.62
04-04-2025,POS BRAND FACTORY PATNA,082260258567,"3,350.43",,1239723.19
04-04-2025,UPI/DR/379822620577/BigBasket/ICICI/bigbasket@ybl/UPI,698420218692,"1,630.37",,1238092.82
05-04-2025,POS MORE SUPER MARKET PATNA,078453231903,"8,150.27",,1229942.55
05-04-2025,UPI/DR/566701095580/MedPlus/ICICI/medplus@icici/UPI,948496139674,"2,050.73",,1227891.82
06-04-2025,UPI/DR/797063276792/Bajaj/LICI/licindia@licindia/UPI,394298907079,"6,900.00",,1220991.82
06-04-2025,NACH/MANDATE/RNT1136413/RENT MANDATE,371470862638,"14,000.00",,1206991.82
07-04-2025,ATM-CASH-WDL/UCX126530/PATNA,006399187795,"8,500.00",,1198491.82
07-04-2025,UPI/DR/743262854641/Hotstar/ICICI/hotstar@hdfcbank/UPI,650926919348,249.00,,1198242.82
07-04-2025,UPI/DR/094884361146/Brijesh/BARB/brijesh.banerjee@ptaxis/UPI,806139147667,"10,250.55",,1187992.27
08-04-2025,POS HP PETROL PUMP PATNA,044416199721,"3,800.36",,1184191.91
08-04-2025,IMPS-369629983601-Poonam Gupta,410150793139,"2,000.47",,1182191.44
08-04-2025,UPI/DR/359330444178/Ola/PAYTM/olamoney@ola/UPI,143246471837,140.17,,1182051.27
09-04-2025,POS BHARAT PETROLEUM PATNA,917950129955,"1,350.69",,1180700.58
10-04-2025,UPI/CR/638900440962/Asha/BDBL/8435089899@upi/UPI,197279731901,,"3,600.58",1184301.16
10-04-2025,UPI/DR/682835825437/Dunzo/ICICI/dunzo@razorpay/UPI,361400880859,"1,320.41",,1182980.75
11-04-2025,UPI/DR/835358780535/Zomato/ICICI/zomato@axisbank/UPI,420730193175,"1,180.29",,1181800.46
11-04-2025,UPI/DR/678566868268/Indane/ICICI/indanegas@upi/UPI,908003107914,800.80,,1180999.66
11-04-2025,UPI/DR/404489560467/Airtel/PAYTM/airtel@axis/UPI,795835298471,619.00,,1180380.66
13-04-2025,UPI/DR/590240282687/Airtel/PAYTM/airtel@axis/UPI,927709832596,579.00,,1179801.66
14-04-2025,UPI/DR/772298686319/BESCOM/UPIN/bescompayment@upi/UPI,146232496351,"1,800.15",,1178001.51
14-04-2025,UPI/DR/732760611998/Sapna/KKBK/sapnachat76@okicici/UPI,625898085238,"20,400.67",,1157600.84
15-04-2025,UPI/CR/706700017482/Varsha/HDFC/varsha.sethi@okicici/UPI,790694473795,,350.82,1157951.66
15-04-2025,UPI/CR/139211971544/Brijesh/UTIB/brijeshmeht97@ptaxis/UPI,648492278278,,"8,750.83",1166702.49
16-04-2025,UPI/DR/312187636384/Swiggy/ICICI/swiggy@icici/UPI,684778354645,"1,440.06",,1165262.43
16-04-2025,UPI/DR/606848583002/Blinkit/ICICI/blinkit@kotak/UPI,234817348028,"2,710.98",,1162551.45
16-04-2025,UPI/DR/144902298182/BigBasket/ICICI/bigbasket@ybl/UPI,033211630483,830.66,,1161720.79
17-04-2025,POS D MART PATNA,275773799634,"5,800.63",,1155920.16
17-04-2025,UPI/DR/212997496281/Abhishek/BDBL/1539832176@paytm/UPI,065357987440,"18,050.86",,1137869.30
19-04-2025,UPI/DR/544669787977/Zepto/ICICI/zepto@apl/UPI,942068456015,"1,440.31",,1136428.99
19-04-2025,ATM-CASH-WDL/CAC637613/PATNA,082787720051,"6,000.00",,1130428.99
20-04-2025,UPI/CR/526681719571/Vijay/BARB/vijaykuma90@upi/UPI,173363638551,,"11,550.69",1141979.68
20-04-2025,ATM-CASH-WDL/FHX966420/PATNA,098053584508,"10,000.00",,1131979.68
20-04-2025,UPI/DR/831732890581/Airtel/PAYTM/airtel@axis/UPI,309494217752,949.00,,1131030.68
21-04-2025,POS SHOPPERS STOP PATNA,091346828337,550.16,,1130480.52
22-04-2025,ATM-CASH-WDL/WGI346070/PATNA,536032756639,"2,500.00",,1127980.52
22-04-2025,UPI/DR/744285345089/Amazon/PAYTM/amazon@apl/UPI,868153152755,"3,100.64",,1124879.88
22-04-2025,UPI/CR/695759428832/Mukesh/PUNB/4997594908@upi/UPI,968532195634,,150.90,1125030.78
23-04-2025,POS RELIANCE MART PATNA,198128447353,650.27,,1124380.51
23-04-2025,UPI/DR/596549069698/Paytm/ICICI/paytm@paytm/UPI,046308468657,"1,930.76",,1122449.75
23-04-2025,UPI/DR/361849296174/ACT/RAZORPAY/broadband@paytm/UPI,749749844210,799.00,,1121650.75
25-04-2025,POS CENTRAL MALL PATNA,845320186724,"8,400.50",,1113250.25
26-04-2025,POS BHARAT PETROLEUM PATNA,848276545428,"3,200.65",,1110049.60
27-04-2025,POS SHOPPERS STOP PATNA,541279107465,"2,150.51",,1107899.09
27-04-2025,UPI/DR/875150785760/Uber/ICICI/uber@paytm/UPI,162961415991,"1,380.31",,1106518.78
27-04-2025,UPI/CR/017547474099/Divya/UCBA/divyanair44@ptsbi/UPI,298219040474,,"3,200.46",1109719.24
27-04-2025,UPI/CR/793189285364/Rekha/FDRL/rekha493@axl/UPI,689391735427,,"20,450.12",1130169.36
28-04-2025,UPI/DR/510404373971/BigBasket/ICICI/bigbasket@ybl/UPI,592122290796,750.91,,1129418.45
28-04-2025,UPI/DR/770273297993/Rapido/PAYTM/rapido@icici/UPI,778108591451,190.17,,1129228.28
28-04-2025,UPI/DR/597373352007/Airtel/PAYTM/airtel@axis/UPI,719238488545,359.00,,1128869.28
28-04-2025,UPI/DR/365749720658/Zepto/ICICI/zepto@apl/UPI,218421053025,"1,160.82",,1127708.46
29-04-2025,UPI/DR/474715732456/Uber/ICICI/uber@paytm/UPI,100913341384,940.82,,1126767.64
30-04-2025,ATM-CASH-WDL/OXC838763/PATNA,828339917240,"6,000.00",,1120767.64
01-05-2025,POS HP PETROL PUMP PATNA,598966431349,"2,600.46",,1118167.18
01-05-2025,UPI/DR/243372924473/Zomato/ICICI/zomato@axisbank/UPI,779920415371,240.77,,1117926.41
01-05-2025,UPI/DR/612872273102/Anjali/FDRL/anjalijosh83@ptaxis/UPI,688593394134,"15,000.21",,1102926.20
01-05-2025,POS PANTALOONS PATNA,983443845624,"4,900.45",,1098025.75
02-05-2025,UPI/CR/898549545147/Usha/PUNB/ushasing91@okhdfcbank/UPI,458384008650,,"9,800.44",1107826.19
02-05-2025,UPI/DR/782896141728/Maya/UTIB/6235783347@oksbi/UPI,927563114213,"6,050.45",,1101775.74
02-05-2025,POS STAR BAZAAR PATNA,989783714278,"7,850.63",,1093925.11
03-05-2025,UPI/CR/253627286613/Divya/BDBL/2099334194@ptyes/UPI,591864021363,,"19,000.59",1112925.70
03-05-2025,SALARY CREDIT/S8070550699189/Reliance Retail Ltd,742703637889,,"49,684.01",1162609.71
03-05-2025,POS MORE SUPER MARKET PATNA,986377321765,"4,550.77",,1158058.94
03-05-2025,UPI/DR/802950953758/Paytm/ICICI/paytm@paytm/UPI,713086893309,"2,310.71",,1155748.23
04-05-2025,UPI/DR/262103776391/ACT/RAZORPAY/broadband@paytm/UPI,148874538106,"1,099.00",,1154649.23
04-05-2025,UPI/DR/146031530708/Myntra/ICICI/myntra@ybl/UPI,474214046735,199.00,,1154450.23
04-05-2025,UPI/DR/814563549960/Bajaj/LICI/licindia@licindia/UPI,975645265281,"6,900.00",,1147550.23
05-05-2025,UPI/DR/395659103683/Paytm/ICICI/paytm@paytm/UPI,792368099065,"2,060.90",,1145489.33
06-05-2025,POS SHOPPERS STOP PATNA,879689285703,"4,800.53",,1140688.80
06-05-2025,POS MAX FASHION PATNA,262933931695,"6,000.89",,1134687.91
07-05-2025,UPI/DR/337320352280/Ola/ICICI/olamoney@ola/UPI,556719862609,"1,880.07",,1132807.84
08-05-2025,NACH/MANDATE/RNT6133624/RENT MANDATE,621753087554,"14,000.00",,1118807.84
08-05-2025,UPI/DR/872713568126/Krishna/FDRL/krishna891@okaxis/UPI,481910411586,"2,350.72",,1116457.12
09-05-2025,UPI/CR/526368732874/Poonam/PUNB/poonam137@aubank/UPI,283402526178,,"16,650.70",1133107.82
10-05-2025,UPI/DR/443430494895/Sapna/KKBK/sapna.mishra@okicici/UPI,665591226985,"8,200.90",,1124906.92
10-05-2025,UPI/DR/682929947096/Vikram/UTIB/vikrammeht54@upi/UPI,732531519039,"17,100.51",,1107806.41
10-05-2025,UPI/DR/592489076329/Rapido/PAYTM/rapido@icici/UPI,511582063869,220.77,,1107585.64
12-05-2025,UPI/DR/202235374506/Deepa/HDFC/deepachau60@ptsbi/UPI,038242719127,"2,900.78",,1104684.86
12-05-2025,UPI/DR/632301527541/Swiggy/ICICI/swiggy@icici/UPI,737963944885,"1,130.45",,1103554.41
13-05-2025,UPI/CR/116670981562/Rakesh/BDBL/rakesh.bose@okicici/UPI,815032050992,,"16,350.03",1119904.44
13-05-2025,UPI/DR/736134396918/Airtel/PAYTM/airtel@axis/UPI,130804176787,429.00,,1119475.44
13-05-2025,UPI/DR/757605033993/Sushma/PUNB/7405733681@axl/UPI,067419013180,"6,050.88",,1113424.56
14-05-2025,ATM-CASH-WDL/MUW739406/PATNA,820593709055,"4,500.00",,1108924.56
14-05-2025,UPI/DR/060951356607/Ramesh/UCBA/ramesh754@ptyes/UPI,664367291534,"6,000.87",,1102923.69
14-05-2025,POS V MART PATNA,479198673970,"1,400.33",,1101523.36
14-05-2025,POS RELIANCE PETROLEUM PATNA,939913371829,"2,300.06",,1099223.30
16-05-2025,UPI/DR/670536549778/Rapido/PAYTM/rapido@icici/UPI,231647999475,290.72,,1098932.58
16-05-2025,ATM-CASH-WDL/ZQQ297183/PATNA,111474313310,"7,500.00",,1091432.58
17-05-2025,UPI/DR/761868836897/Sumit/FDRL/sumitgupt83@apl/UPI,755104250635,650.53,,1090782.05
17-05-2025,UPI/DR/139979860806/Airtel/PAYTM/airtel@axis/UPI,575692940168,639.00,,1090143.05
17-05-2025,UPI/DR/418131281276/Poonam/HDFC/poonam345@okicici/UPI,671357432637,"18,150.72",,1071992.33
18-05-2025,UPI/DR/374544145759/BSNL/ICICI/bsnlbroadband@upi/UPI,475025230208,"1,590.44",,1070401.89
19-05-2025,UPI/DR/814294115259/Ola/ICICI/olamoney@ola/UPI,314982579036,130.89,,1070271.00
19-05-2025,UPI/DR/620814917627/Nykaa/PAYTM/nykaa@razorpay/UPI,840340876951,"1,150.57",,1069120.43
19-05-2025,UPI/DR/341204443705/Santosh/BKID/santoshkhan84@ptyes/UPI,868993104221,"21,800.25",,1047320.18
21-05-2025,UPI/DR/038997948548/Indane/ICICI/indanegas@upi/UPI,878763003547,"2,600.44",,1044719.74
21-05-2025,POS HP PETROL PUMP PATNA,810498165580,800.96,,1043918.78
21-05-2025,UPI/DR/588268770224/BigBasket/ICICI/bigbasket@ybl/UPI,901131964795,540.44,,1043378.34
22-05-2025,UPI/DR/262546180897/Ola/PAYTM/olamoney@ola/UPI,154703931058,610.13,,1042768.21
22-05-2025,UPI/DR/221376150956/Zomato/ICICI/zomato@axisbank/UPI,829068360328,"2,100.06",,1040668.15
22-05-2025,UPI/CR/089325518480/Rajesh/HDFC/rajesh728@oksbi/UPI,062303988279,,"20,300.08",1060968.23
23-05-2025,UPI/CR/491564686616/Vishal/PUNB/vishal.kumar@ptsbi/UPI,222257983504,,"6,550.56",1067518.79
23-05-2025,UPI/DR/268357932590/BESCOM/UPIN/bescompayment@upi/UPI,660164635096,"3,000.34",,1064518.45
24-05-2025,UPI/DR/593325695960/Airtel/PAYTM/airtel@axis/UPI,107208633315,909.00,,1063609.45
25-05-2025,ATM-CASH-WDL/QJJ353388/PATNA,962742449849,"5,000.00",,1058609.45
25-05-2025,ATM-CASH-WDL/PQR423108/PATNA,719505004735,"4,000.00",,1054609.45
26-05-2025,UPI/DR/945756297043/Sachin/BKID/sachin.iyer@paytm/UPI,653470541713,"3,450.40",,1051159.05
26-05-2025,ATM-CASH-WDL/BYF792004/PATNA,991140906591,"3,000.00",,1048159.05
26-05-2025,UPI/DR/337813548777/Vijay/PUNB/vijaymalh25@oksbi/UPI,568503959560,"10,000.59",,1038158.46
27-05-2025,UPI/DR/436872386148/Zepto/ICICI/zepto@apl/UPI,096253034029,"1,000.15",,1037158.31
27-05-2025,UPI/DR/312603037636/Uber/PAYTM/uber@paytm/UPI,698747947752,550.56,,1036607.75
28-05-2025,POS HP PETROL PUMP PATNA,710440630876,"2,450.44",,1034157.31
28-05-2025,UPI/CR/993929889274/Brijesh/KKBK/brijesh808@ptyes/UPI,964571415667,,"11,850.91",1046008.22
28-05-2025,ACCOUNT MAINTENANCE CHARGES,100456048594,220.00,,1045788.22
28-05-2025,GST ON CHARGES,765311880840,39.60,,1045748.62
28-05-2025,UPI/DR/270877338074/Mukesh/BKID/5193393969@paytm/UPI,732444066598,"10,750.51",,1034998.11
28-05-2025,UPI/DR/545895845575/Paytm/ICICI/paytm@paytm/UPI,026814469276,"1,920.73",,1033077.38
28-05-2025,UPI/DR/986169862482/Pallavi/FDRL/pallavi871@ibl/UPI,927005145050,"13,950.99",,1019126.39
29-05-2025,UPI/DR/489733963296/Rapido/PAYTM/rapido@icici/UPI,275548098766,520.54,,1018605.85
29-05-2025,POS RELIANCE MART PATNA,242202872837,"1,250.69",,1017355.16
29-05-2025,UPI/DR/044646422822/Zomato/ICICI/zomato@axisbank/UPI,001292424368,"1,680.73",,1015674.43
29-05-2025,POS HP PETROL PUMP PATNA,495702758563,"3,150.56",,1012523.87
31-05-2025,ATM-CASH-WDL/XMJ172182/PATNA,961971479197,"7,500.00",,1005023.87
31-05-2025,UPI/DR/315631637202/Naresh/UCBA/5628742189@kotak/UPI,124714324657,"2,300.61",,1002723.26
01-06-2025,POS SHELL FUEL STATION PATNA,669575116859,"3,950.58",,998772.68
01-06-2025,UPI/DR/016738281504/Rapido/PAYTM/rapido@icici/UPI,513041688768,790.70,,997981.98
01-06-2025,POS BHARAT PETROLEUM PATNA,129122249494,"3,450.86",,994531.12
01-06-2025,SALARY CREDIT/S8785028298495/Reliance Retail Ltd,771688947714,,"50,511.01",1045042.13
02-06-2025,NACH/MANDATE/RNT2190693/RENT MANDATE,779521425275,"14,000.00",,1031042.13
02-06-2025,UPI/DR/760616328054/Airtel/PAYTM/airtel@axis/UPI,821693705900,189.00,,1030853.13
02-06-2025,UPI/CR/072107711662/Dinesh/HDFC/0082523676@aubank/UPI,075028968162,,"16,650.13",1047503.26
03-06-2025,UPI/CR/318481406741/Ritu/BKID/0712927045@aubank/UPI,424291476166,,"19,550.34",1067053.60
04-06-2025,POS METRO CASH CARRY PATNA,787055400888,"4,300.78",,1062752.82
06-06-2025,UPI/DR/501866179619/Bajaj/LICI/licindia@licindia/UPI,784645028340,"6,900.00",,1055852.82
07-06-2025,UPI/DR/011922193860/Usha/UCBA/usha.pillai@pthdfc/UPI,148728445624,"12,700.92",,1043151.90
08-06-2025,UPI/DR/868434041432/Ola/PAYTM/olamoney@ola/UPI,849944702537,340.70,,1042811.20
09-06-2025,UPI/CR/193302435176/Usha/SBIN/2298589194@oksbi/UPI,343789522259,,"9,000.25",1051811.45
09-06-2025,ATM-CASH-WDL/FGA245442/PATNA,007891529065,"10,000.00",,1041811.45
09-06-2025,POS V MART PATNA,671580430351,"5,550.13",,1036261.32
10-06-2025,UPI/CR/505513859507/Manoj/BARB/1897474290@okaxis/UPI,394549756443,,"2,600.05",1038861.37
10-06-2025,UPI/DR/908672695019/Rekha/PUNB/9510064186@okhdfcbank/UPI,170708834841,"12,950.56",,1025910.81
10-06-2025,UPI/DR/564290855148/Jyoti/BDBL/jyoti.sen@okicici/UPI,622865498504,"18,700.43",,1007210.38
10-06-2025,POS RELIANCE PETROLEUM PATNA,351992830079,"2,850.98",,1004359.40
11-06-2025,UPI/DR/717126695005/Blinkit/ICICI/blinkit@kotak/UPI,183701899633,"2,780.15",,1001579.25
11-06-2025,UPI/CR/645966291319/Varsha/UCBA/varshajain66@okaxis/UPI,932666654259,,"6,100.59",1007679.84
11-06-2025,UPI/DR/039996158917/Pankaj/BARB/6219734063@ptsbi/UPI,196003632632,"14,400.13",,993279.71
12-06-2025,POS METRO CASH CARRY PATNA,111714873276,"2,050.94",,991228.77
12-06-2025,UPI/DR/533777803767/Ola/ICICI/olamoney@ola/UPI,221074918727,"2,260.71",,988968.06
13-06-2025,POS INDIAN OIL PATNA,151054088442,"3,050.54",,985917.52
13-06-2025,UPI/DR/216217178827/PhonePe/ICICI/phonepe@ybl/UPI,280971542876,960.91,,984956.61
14-06-2025,UPI/DR/688898256220/Manish/BKID/manish363@okicici/UPI,130132561819,"5,250.29",,979706.32
15-06-2025,UPI/DR/392961718636/Zomato/ICICI/zomato@axisbank/UPI,753541636814,"1,600.53",,978105.79
15-06-2025,UPI/CR/800805783355/Suresh/PUNB/sureshkapo26@upi/UPI,997423597928,,"3,950.23",982056.02
15-06-2025,ATM-CASH-WDL/PGM421347/PATNA,856183725350,"1,000.00",,981056.02
15-06-2025,UPI/DR/698705675803/Blinkit/ICICI/blinkit@kotak/UPI,820262469598,"2,260.36",,978795.66
15-06-2025,UPI/CR/842077028979/Yogesh/BDBL/yogeshkhan62@kotak/UPI,098624308676,,"21,750.10",1000545.76
16-06-2025,UPI/DR/496855387684/Girish/PUNB/girishshar39@okhdfcbank/UPI,922409487875,"15,700.31",,984845.45
17-06-2025,UPI/DR/016954879006/PhonePe/ICICI/phonepe@ybl/UPI,425215299579,620.35,,984225.10
17-06-2025,UPI/CR/993933908261/Neha/UTIB/neha.jain@oksbi/UPI,264392298279,,"20,450.67",1004675.77
17-06-2025,POS BIG BAZAAR PATNA,565813137340,"2,350.08",,1002325.69
18-06-2025,UPI/DR/383927862765/ACT/RAZORPAY/broadband@paytm/UPI,797768529955,999.00,,1001326.69
19-06-2025,UPI/DR/216457902993/Myntra/PAYTM/myntra@ybl/UPI,734453589755,500.46,,1000826.23
19-06-2025,UPI/DR/134962134360/Airtel/PAYTM/airtel@axis/UPI,413886202946,509.00,,1000317.23
19-06-2025,UPI/DR/345300750718/Dunzo/ICICI/dunzo@razorpay/UPI,512077984035,"2,790.74",,997526.49
21-06-2025,UPI/DR/266457419321/Ola/PAYTM/olamoney@ola/UPI,941168907820,420.18,,997106.31
21-06-2025,UPI/DR/106082276883/Rahul/BDBL/rahul979@ptsbi/UPI,469332271007,450.08,,996656.23
22-06-2025,UPI/DR/800117150627/Ankit/PUNB/ankit.ahuja@apl/UPI,736056910845,"13,700.82",,982955.41
22-06-2025,UPI/DR/514195106863/BESCOM/UPIN/bescompayment@upi/UPI,450007169910,"1,600.74",,981354.67
24-06-2025,UPI/DR/119512000945/Dunzo/ICICI/dunzo@razorpay/UPI,502489808511,680.51,,980674.16
25-06-2025,INTEREST CREDIT,807004348436,,840.11,981514.27
25-06-2025,UPI/DR/002514561482/Indane/ICICI/indanegas@upi/UPI,261210038904,900.26,,980614.01
28-06-2025,UPI/CR/380689828664/Ashish/BARB/ashish.desai@ptsbi/UPI,383227682644,,"4,150.51",984764.52
29-06-2025,UPI/DR/567889228607/Mukesh/UCBA/mukeshnaik62@ybl/UPI,877544933331,"19,300.89",,965463.63
29-06-2025,UPI/DR/373673507551/Uber/ICICI/uber@paytm/UPI,161421109130,"1,290.64",,964172.99
30-06-2025,UPI/CR/355508072135/Rajesh/BKID/rajesh.roy@okicici/UPI,455588236172,,"8,600.08",972773.07
01-07-2025,ATM-CASH-WDL/OCR312020/PATNA,827881868873,"8,000.00",,964773.07
01-07-2025,SALARY CREDIT/S6460705982618/Reliance Retail Ltd,717615480516,,"53,795.01",1018568.08
01-07-2025,UPI/CR/795474845153/Rajan/SBIN/rajan.mukherjee@okhdfcbank/UPI,009125352943,,"15,100.25",1033668.33
01-07-2025,UPI/CR/004019182270/Seema/PUNB/0662560444@pthdfc/UPI,034078273673,,"12,050.36",1045718.69
02-07-2025,POS SHOPPERS STOP PATNA,373202479273,"4,350.11",,1041368.58
03-07-2025,UPI/CR/437842572422/Pallavi/SBIN/pallavi474@okicici/UPI,684047934304,,"3,250.43",1044619.01
04-07-2025,UPI/DR/110340352184/Abhishek/HDFC/8184002991@paytm/UPI,759795034995,"13,800.22",,1030818.79
04-07-2025,UPI/DR/469279862507/Airtel/PAYTM/airtel@axis/UPI,020586909101,669.00,,1030149.79
04-07-2025,UPI/DR/815931175949/Bajaj/LICI/licindia@licindia/UPI,306091508472,"6,900.00",,1023249.79
05-07-2025,UPI/DR/474884289132/1mg/ICICI/tatahealth@icici/UPI,523308314235,"2,960.65",,1020289.14
05-07-2025,NACH/MANDATE/RNT2654278/RENT MANDATE,657996255968,"14,000.00",,1006289.14
05-07-2025,ATM-CASH-WDL/FPZ650286/PATNA,620145465738,"8,000.00",,998289.14
06-07-2025,UPI/CR/419267648146/Sanjay/UTIB/6212046744@apl/UPI,197324113573,,"6,600.71",1004889.85
07-07-2025,UPI/CR/576529047565/Sushma/BARB/0991985331@ibl/UPI,436067689697,,"10,350.40",1015240.25
08-07-2025,UPI/DR/527682071389/Flipkart/PAYTM/flipkart@ybl/UPI,309256053098,"3,100.89",,1012139.36
08-07-2025,ATM-CASH-WDL/YQH475140/PATNA,117205196092,"10,000.00",,1002139.36
09-07-2025,POS SHELL FUEL STATION PATNA,527172657764,"2,450.22",,999689.14
11-07-2025,UPI/DR/616413350183/Indane/ICICI/indanegas@upi/UPI,600459096619,"1,150.34",,998538.80
11-07-2025,POS SHELL FUEL STATION PATNA,857986801837,"3,900.91",,994637.89
11-07-2025,UPI/DR/387410925055/ACT/RAZORPAY/broadband@paytm/UPI,921763755977,949.00,,993688.89
11-07-2025,UPI/DR/135481967292/Anil/UTIB/1767696854@ybl/UPI,530397754283,"10,950.75",,982738.14
11-07-2025,UPI/DR/487458237486/Airtel/PAYTM/airtel@axis/UPI,287885933795,519.00,,982219.14
12-07-2025,UPI/DR/104510949159/Uber/PAYTM/uber@paytm/UPI,269686701483,490.96,,981728.18
12-07-2025,UPI/DR/095328087322/Ola/ICICI/olamoney@ola/UPI,081597509480,"1,780.13",,979948.05
12-07-2025,UPI/DR/613235541027/Flipkart/PAYTM/flipkart@ybl/UPI,873755005940,"2,450.30",,977497.75
13-07-2025,UPI/DR/177080771692/Usha/SBIN/ushakapo53@apl/UPI,015670655938,"14,350.21",,963147.54
13-07-2025,UPI/CR/741376251759/Poonam/HDFC/poonam479@paytm/UPI,506758532372,,"12,900.87",976048.41
13-07-2025,UPI/DR/250596917654/Gopal/UTIB/gopalpill68@pthdfc/UPI,229613750480,"2,150.71",,973897.70
13-07-2025,UPI/DR/146329435440/Zomato/ICICI/zomato@axisbank/UPI,732922560039,"2,160.62",,971737.08
14-07-2025,UPI/DR/146910769279/Airtel/PAYTM/airtel@axis/UPI,354611033260,449.00,,971288.08
14-07-2025,UPI/DR/439317143464/Zomato/ICICI/zomato@axisbank/UPI,649600094757,"1,730.77",,969557.31
15-07-2025,UPI/DR/012102867788/Rapido/PAYTM/rapido@icici/UPI,111775856984,690.35,,968866.96
16-07-2025,UPI/DR/371227050602/Uber/ICICI/uber@paytm/UPI,518879690384,"1,170.22",,967696.74
17-07-2025,UPI/DR/626924887368/Naresh/UCBA/naresh.tiwari@upi/UPI,412627743525,"20,550.06",,947146.68
17-07-2025,UPI/DR/421519500290/Amazon/PAYTM/amazon@apl/UPI,270793799026,"2,600.45",,944546.23
18-07-2025,POS D MART PATNA,373828825593,"4,850.47",,939695.76
19-07-2025,IMPS-154373069760-Radha Reddy,633273310231,"29,100.14",,910595.62
19-07-2025,UPI/DR/117088954008/Kavya/BDBL/5230442323@paytm/UPI,714655703752,"16,500.45",,894095.17
19-07-2025,UPI/DR/101269470905/Meena/UTIB/0905747273@upi/UPI,987798723538,"14,950.35",,879144.82
23-07-2025,UPI/DR/895274014183/Zomato/ICICI/zomato@axisbank/UPI,757311778610,830.81,,878314.01
23-07-2025,UPI/DR/546920718625/PhonePe/ICICI/phonepe@ybl/UPI,345932165094,"2,700.70",,875613.31
23-07-2025,UPI/DR/736885492801/Swati/FDRL/7522441146@okhdfcbank/UPI,790058546219,"7,700.27",,867913.04
23-07-2025,UPI/DR/141793363617/BESCOM/UPIN/bescompayment@upi/UPI,231748130787,"2,900.29",,865012.75
23-07-2025,POS CENTRAL MALL PATNA,744815732792,"3,600.01",,861412.74
23-07-2025,UPI/DR/039674263966/Uber/PAYTM/uber@paytm/UPI,967060325609,270.83,,861141.91
25-07-2025,UPI/CR/483376398048/Anjali/BDBL/9684947276@paytm/UPI,684890241204,,"21,350.72",882492.63
26-07-2025,UPI/DR/497114503902/PhonePe/ICICI/phonepe@ybl/UPI,062607423261,180.74,,882311.89
27-07-2025,GST ON CHARGES,374930987402,73.80,,882238.09
27-07-2025,ACCOUNT MAINTENANCE CHARGES,608792408662,410.00,,881828.09
27-07-2025,UPI/DR/706860278059/Amazon/ICICI/amazon@apl/UPI,053714041483,"2,020.60",,879807.49
28-07-2025,UPI/CR/938225388218/Nisha/SBIN/nisha.chatterjee@okicici/UPI,146352746855,,"8,800.36",888607.85
28-07-2025,UPI/DR/066777000872/Pankaj/BKID/7234576816@ptyes/UPI,397897381364,"16,000.31",,872607.54
28-07-2025,UPI/DR/828221420555/Ola/ICICI/olamoney@ola/UPI,497719938129,"2,650.37",,869957.17
29-07-2025,UPI/DR/661232537500/Practo/ICICI/practo@paytm/UPI,872835403268,599.00,,869358.17
29-07-2025,UPI/CR/463248198699/Vandana/PUNB/7484463352@pthdfc/UPI,282646088872,,"6,450.38",875808.55
29-07-2025,UPI/DR/290907461167/Rajan/BDBL/0929379415@ibl/UPI,072620645434,900.95,,874907.60
31-07-2025,POS V MART PATNA,727957486382,"6,450.79",,868456.81
02-08-2025,UPI/DR/336161855528/Mohan/HDFC/mohan709@apl/UPI,724811078104,"6,200.10",,862256.71
03-08-2025,SALARY CREDIT/S0953106118952/Reliance Retail Ltd,271565815488,,"54,393.01",916649.72
04-08-2025,POS VISHAL MEGA MART PATNA,993041338788,"6,500.01",,910149.71
04-08-2025,UPI/DR/068240030694/Paytm/ICICI/paytm@paytm/UPI,010288403107,"1,630.07",,908519.64
05-08-2025,IMPS-518550172688-Dinesh Menon,231739206203,"18,100.41",,890419.23
05-08-2025,UPI/DR/370821234777/Naresh/HDFC/naresh.mehta@pthdfc/UPI,294444267284,"10,100.52",,880318.71
05-08-2025,UPI/DR/595294591356/Shivam/BKID/shivam817@ptsbi/UPI,808108061362,"11,550.18",,868768.53
05-08-2025,POS INDIAN OIL PATNA,269641047982,"1,200.34",,867568.19
06-08-2025,UPI/DR/750286714643/Suresh/UCBA/1404985662@ibl/UPI,321428096918,"2,500.83",,865067.36
06-08-2025,UPI/DR/858151109736/Zomato/ICICI/zomato@axisbank/UPI,608372716259,"1,580.29",,863487.07
06-08-2025,NACH/MANDATE/RNT6958911/RENT MANDATE,181318683809,"14,000.00",,849487.07
06-08-2025,UPI/DR/059629501922/Zepto/ICICI/zepto@apl/UPI,312001926728,"2,250.91",,847236.16
06-08-2025,POS SHELL FUEL STATION PATNA,242543505283,"1,800.13",,845436.03
08-08-2025,UPI/DR/611410992459/Bajaj/LICI/licindia@licindia/UPI,360651344263,"6,900.00",,838536.03
08-08-2025,POS SHOPPERS STOP PATNA,503197231985,"4,400.67",,834135.36
09-08-2025,UPI/DR/021875791856/PhonePe/ICICI/phonepe@ybl/UPI,717944966528,"1,180.68",,832954.68
10-08-2025,ATM-CASH-WDL/GIR586251/PATNA,200778601865,"6,000.00",,826954.68
10-08-2025,UPI/CR/286170113530/Mamta/UTIB/mamta194@axl/UPI,245501196413,,"10,050.70",837005.38
11-08-2025,UPI/CR/571376533165/Ankit/BKID/ankitpate64@ptaxis/UPI,718485885930,,"8,500.05",845505.43
12-08-2025,UPI/DR/008869884728/Amazon/PAYTM/amazon@apl/UPI,167038510877,"2,800.45",,842704.98
13-08-2025,UPI/DR/148761955409/Airtel/PAYTM/airtel@axis/UPI,475675408017,329.00,,842375.98
13-08-2025,UPI/DR/945150579573/Rapido/PAYTM/rapido@icici/UPI,698218884119,680.40,,841695.58
13-08-2025,UPI/DR/272045982429/Dunzo/ICICI/dunzo@razorpay/UPI,907542727332,"1,830.71",,839864.87
13-08-2025,UPI/DR/112367567253/Swiggy/ICICI/swiggy@icici/UPI,721941888390,"1,330.16",,838534.71
14-08-2025,UPI/DR/805314711587/Rapido/PAYTM/rapido@icici/UPI,629617554958,650.39,,837884.32
14-08-2025,UPI/CR/280917032648/Sunita/UCBA/sunitatiwa51@ptyes/UPI,475144424250,,"15,650.79",853535.11
14-08-2025,POS SHOPPERS STOP PATNA,984929720479,"3,600.74",,849934.37
15-08-2025,POS RELIANCE PETROLEUM PATNA,517962302171,"3,800.75",,846133.62
15-08-2025,UPI/CR/831397764893/Ashish/KKBK/ashish.patel@ptyes/UPI,911948458919,,"12,900.66",859034.28
17-08-2025,UPI/DR/822657645082/Flipkart/PAYTM/flipkart@ybl/UPI,438142758112,"5,250.04",,853784.24
17-08-2025,ATM-CASH-WDL/GJL247384/PATNA,905868388501,"5,500.00",,848284.24
18-08-2025,UPI/CR/747603487584/Brijesh/UCBA/brijesh.patel@okhdfcbank/UPI,011661595720,,"1,200.29",849484.53
19-08-2025,UPI/DR/060175156108/ACT/RAZORPAY/broadband@paytm/UPI,029890594907,649.00,,848835.53
20-08-2025,UPI/CR/280665660250/Deepak/BARB/deepakmalh45@axl/UPI,682182477345,,"20,550.03",869385.56
21-08-2025,UPI/DR/775533867532/Indane/ICICI/indanegas@upi/UPI,149346239701,"1,400.00",,867985.56
21-08-2025,UPI/DR/556359527532/Nisha/UCBA/nisha.kapoor@kotak/UPI,717636497576,"17,150.45",,850835.11
22-08-2025,UPI/DR/659881094178/BESCOM/UPIN/bescompayment@upi/UPI,060081309723,"3,950.05",,846885.06
22-08-2025,UPI/DR/995661324769/Ola/PAYTM/olamoney@ola/UPI,703967260754,330.84,,846554.22
22-08-2025,UPI/DR/873410756702/Blinkit/ICICI/blinkit@kotak/UPI,592406248508,"2,060.63",,844493.59
23-08-2025,UPI/DR/874378720845/Airtel/PAYTM/airtel@axis/UPI,194588311212,619.00,,843874.59
24-08-2025,UPI/CR/327126378339/Seema/UCBA/seemapill53@paytm/UPI,687365372032,,"3,000.55",846875.14
25-08-2025,UPI/CR/993653085923/Shivam/UCBA/0668805319@ptyes/UPI,234326623050,,"20,900.24",867775.38
25-08-2025,UPI/DR/408051666134/Paytm/ICICI/paytm@paytm/UPI,618508078340,"1,510.51",,866264.87
25-08-2025,UPI/CR/697001011200/Swati/UCBA/swatichop38@okhdfcbank/UPI,864993064575,,"4,150.20",870415.07
26-08-2025,UPI/DR/040186193365/Maya/UCBA/maya.saxena@pthdfc/UPI,470097037003,"5,300.93",,865114.14
26-08-2025,UPI/CR/574877364482/Isha/SBIN/ishasriv35@ptaxis/UPI,211080440020,,"4,250.06",869364.20
27-08-2025,UPI/DR/945253666327/Priya/UTIB/priya538@okaxis/UPI,089580615983,"2,050.17",,867314.03
27-08-2025,ATM-CASH-WDL/FHU864228/PATNA,150250107724,"10,000.00",,857314.03
29-08-2025,UPI/DR/908295995530/Kunal/SBIN/kunalpill24@pthdfc/UPI,309492186219,"3,250.47",,854063.56
29-08-2025,POS BRAND FACTORY PATNA,072971951547,"8,450.32",,845613.24
30-08-2025,POS HP PETROL PUMP PATNA,722449751452,"3,400.10",,842213.14
30-08-2025,POS CENTRAL MALL PATNA,835435406114,"3,200.70",,839012.44
31-08-2025,ATM-CASH-WDL/DHF147819/PATNA,821990849640,"8,500.00",,830512.44
01-09-2025,UPI/DR/655141272619/Jyoti/SBIN/6848899589@pthdfc/UPI,384683505550,"12,450.83",,818061.61
02-09-2025,SALARY CREDIT/S1361930248784/Reliance Retail Ltd,835193949105,,"54,362.01",872423.62
02-09-2025,UPI/CR/335113996906/Nisha/HDFC/nisha.menon@oksbi/UPI,291136442495,,"11,450.78",883874.40
03-09-2025,ATM-CASH-WDL/FGR493453/PATNA,239890074464,"8,000.00",,875874.40
03-09-2025,POS RELIANCE MART PATNA,463282320923,"7,700.13",,868174.27
04-09-2025,POS RELIANCE MART PATNA,502579211499,"5,450.79",,862723.48
04-09-2025,ATM-CASH-WDL/WSZ474579/PATNA,327473456637,"3,000.00",,859723.48
04-09-2025,IMPS-423643687863-Kunal Desai,206543401972,"31,900.30",,827823.18
04-09-2025,UPI/DR/970252906031/Rapido/PAYTM/rapido@icici/UPI,255851316321,840.96,,826982.22
05-09-2025,UPI/CR/989958696073/Rajan/BKID/rajanjosh42@ybl/UPI,573277045532,,"3,450.99",830433.21
05-09-2025,UPI/DR/910591612497/Renu/BKID/renu326@pthdfc/UPI,807095109656,"13,700.43",,816732.78
06-09-2025,UPI/DR/942389791332/Ola/PAYTM/olamoney@ola/UPI,257971962968,170.64,,816562.14
06-09-2025,NACH/MANDATE/RNT3977748/RENT MANDATE,968800311720,"14,000.00",,802562.14
06-09-2025,POS SHELL FUEL STATION PATNA,303357244265,"1,750.87",,800811.27
07-09-2025,UPI/DR/499080913684/Zomato/ICICI/zomato@axisbank/UPI,972148171906,660.32,,800150.95
08-09-2025,UPI/DR/649966558032/Airtel/PAYTM/airtel@axis/UPI,841158154683,179.00,,799971.95
08-09-2025,ATM-CASH-WDL/CZQ314318/PATNA,898385745146,"2,500.00",,797471.95
08-09-2025,UPI/DR/717125186364/Asha/UTIB/asha596@aubank/UPI,084684605029,"12,150.12",,785321.83
10-09-2025,UPI/CR/556227592393/Gopal/PUNB/gopalbaja15@ibl/UPI,569423679845,,"1,400.45",786722.28
10-09-2025,UPI/DR/825871437573/Paytm/ICICI/paytm@paytm/UPI,462151703159,380.96,,786341.32
10-09-2025,UPI/DR/626621595883/Flipkart/PAYTM/flipkart@ybl/UPI,241791457794,"1,300.89",,785040.43
10-09-2025,UPI/DR/671212928875/Bajaj/LICI/licindia@licindia/UPI,477710551707,"6,900.00",,778140.43
10-09-2025,UPI/DR/932598305351/Flipkart/ICICI/flipkart@ybl/UPI,917269548151,"1,140.41",,777000.02
10-09-2025,UPI/DR/171991584112/Ola/PAYTM/olamoney@ola/UPI,214942561769,710.14,,776289.88
11-09-2025,UPI/CR/716214615752/Kunal/SBIN/kunalpill41@aubank/UPI,916595109753,,"18,000.42",794290.30
11-09-2025,UPI/DR/999762187494/Airtel/PAYTM/airtel@axis/UPI,208297487094,959.00,,793331.30
11-09-2025,ATM-CASH-WDL/KEX087070/PATNA,243915884318,"1,500.00",,791831.30
13-09-2025,ATM-CASH-WDL/UZJ285109/PATNA,069727784137,"6,000.00",,785831.30
14-09-2025,UPI/DR/518028957442/Flipkart/PAYTM/flipkart@ybl/UPI,623829908796,"2,550.44",,783280.86
15-09-2025,UPI/DR/965436241637/Rapido/PAYTM/rapido@icici/UPI,009459040620,490.19,,782790.67
15-09-2025,UPI/DR/908542418539/Zomato/ICICI/zomato@axisbank/UPI,521478676019,610.91,,782179.76
15-09-2025,UPI/DR/984281393899/Airtel/PAYTM/airtel@axis/UPI,997656953951,969.00,,781210.76
16-09-2025,UPI/CR/209307664164/Kavita/UCBA/0531906957@okicici/UPI,463866350889,,"16,700.99",797911.75
16-09-2025,UPI/DR/617306795579/Amazon/ICICI/amazon@apl/UPI,434242779058,870.06,,797041.69
16-09-2025,UPI/CR/111409232377/Deepa/SBIN/deepasriv33@okicici/UPI,735659631592,,"10,450.24",807491.93
17-09-2025,POS BHARAT PETROLEUM PATNA,357918071538,"3,300.71",,804191.22
17-09-2025,UPI/DR/182775561101/Indane/ICICI/indanegas@upi/UPI,871172870064,"2,400.52",,801790.70
18-09-2025,UPI/DR/150361054233/Radha/BARB/radhadutt68@paytm/UPI,114613164601,"2,700.53",,799090.17
19-09-2025,UPI/DR/589384847645/ACT/RAZORPAY/broadband@paytm/UPI,813731026667,999.00,,798091.17
19-09-2025,UPI/CR/516699423288/Krishna/PUNB/krishna.sharma@pthdfc/UPI,267674694163,,"17,800.91",815892.08
19-09-2025,UPI/DR/266117231761/Rapido/PAYTM/rapido@icici/UPI,075349807347,450.96,,815441.12
21-09-2025,UPI/DR/350405326719/Abhishek/PUNB/abhishekmeht19@ptsbi/UPI,452141125159,"3,150.37",,812290.75
21-09-2025,UPI/DR/186704537442/BESCOM/UPIN/bescompayment@upi/UPI,203678929331,"1,450.70",,810840.05
21-09-2025,POS D MART PATNA,252180585857,"2,000.53",,808839.52
23-09-2025,UPI/DR/820562715105/Ola/ICICI/olamoney@ola/UPI,092856048743,"2,520.75",,806318.77
24-09-2025,UPI/DR/173946116441/Flipkart/PAYTM/flipkart@ybl/UPI,347365210307,"3,400.65",,802918.12
26-09-2025,NEFT/N5590312213526/Cognizant Technology,968698334628,,"36,000.11",838918.23
26-09-2025,UPI/CR/666570807415/Mohit/BDBL/mohit.ahuja@upi/UPI,350358350986,,"13,800.35",852718.58
26-09-2025,GST ON CHARGES,691946936462,21.60,,852696.98
26-09-2025,ACCOUNT MAINTENANCE CHARGES,809694461669,120.00,,852576.98
27-09-2025,UPI/CR/654983049253/Kapil/KKBK/kapil640@pthdfc/UPI,787597163399,,"6,600.46",859177.44
28-09-2025,UPI/DR/544339757104/Uber/ICICI/uber@paytm/UPI,947965930618,"1,840.15",,857337.29
28-09-2025,INTEREST CREDIT,708146842532,,520.49,857857.78
28-09-2025,POS RELIANCE PETROLEUM PATNA,947068495742,"3,050.10",,854807.68
29-09-2025,UPI/DR/508662448113/Meena/PUNB/meena.mishra@ptsbi/UPI,235224580784,"19,300.37",,835507.31
29-09-2025,UPI/DR/708837346381/Spotify/ICICI/spotify@icici/UPI,524302837762,899.00,,834608.31
30-09-2025,POS BHARAT PETROLEUM PATNA,093687670426,"1,150.40",,833457.91
01-10-2025,ATM-CASH-WDL/YYI928345/PATNA,076539732914,"9,500.00",,823957.91
01-10-2025,ATM-CASH-WDL/AIQ709796/PATNA,933262945263,"9,000.00",,814957.91
01-10-2025,UPI/DR/831098069350/Dunzo/ICICI/dunzo@razorpay/UPI,000452083310,670.30,,814287.61
02-10-2025,POS PANTALOONS PATNA,846575660955,"7,000.53",,807287.08
02-10-2025,SALARY CREDIT/S6842933107368/Reliance Retail Ltd,050980119281,,"51,763.01",859050.09
02-10-2025,UPI/CR/919508950303/Ashish/FDRL/ashish943@aubank/UPI,335591633068,,"5,950.97",865001.06
04-10-2025,POS SHOPPERS STOP PATNA,206805439279,"8,300.52",,856700.54
04-10-2025,UPI/DR/118014387321/Bajaj/LICI/licindia@licindia/UPI,103082897408,"6,900.00",,849800.54
04-10-2025,NACH/MANDATE/RNT6173770/RENT MANDATE,743306846695,"14,000.00",,835800.54
05-10-2025,UPI/CR/446587316152/Sumit/BDBL/sumit171@axl/UPI,013200683327,,"8,850.65",844651.19
05-10-2025,UPI/DR/404102341672/Ola/ICICI/olamoney@ola/UPI,275254853613,"2,450.05",,842201.14
06-10-2025,UPI/CR/496709485326/Pooja/UTIB/pooja.joshi@oksbi/UPI,248977889285,,"14,900.55",857101.69
06-10-2025,UPI/DR/359895701567/Airtel/PAYTM/airtel@axis/UPI,667946413630,729.00,,856372.69
06-10-2025,UPI/DR/905895520417/Zepto/ICICI/zepto@apl/UPI,653183989139,810.81,,855561.88
06-10-2025,UPI/DR/600995655562/Paytm/ICICI/paytm@paytm/UPI,995477885838,870.23,,854691.65
07-10-2025,POS SHELL FUEL STATION PATNA,665839886370,"4,050.66",,850640.99
08-10-2025,UPI/DR/282486850974/Uber/ICICI/uber@paytm/UPI,933830598687,"2,210.66",,848430.33
08-10-2025,UPI/DR/809042513843/PhonePe/ICICI/phonepe@ybl/UPI,289335637032,"1,740.36",,846689.97
09-10-2025,POS V MART PATNA,649393866416,"1,100.80",,845589.17
09-10-2025,ATM-CASH-WDL/URK419530/PATNA,793217624572,"3,000.00",,842589.17
09-10-2025,UPI/DR/618961535601/Manoj/UTIB/manoj460@pthdfc/UPI,190234364775,"2,650.66",,839938.51
11-10-2025,UPI/DR/975841070303/Ola/ICICI/olamoney@ola/UPI,337785524462,"1,450.56",,838487.95
12-10-2025,UPI/DR/513538296517/Jio/ICICI/jio@paytm/UPI,297577670145,"1,590.92",,836897.03
12-10-2025,UPI/DR/171522332516/Meesho/PAYTM/meesho@ybl/UPI,591955563175,800.35,,836096.68
13-10-2025,UPI/DR/846437146672/Airtel/PAYTM/airtel@axis/UPI,826527280042,899.00,,835197.68
14-10-2025,UPI/DR/764546650389/Hotstar/ICICI/hotstar@hdfcbank/UPI,697886611081,899.00,,834298.68
14-10-2025,UPI/DR/630699075738/PhonePe/ICICI/phonepe@ybl/UPI,047407361482,"2,390.26",,831908.42
15-10-2025,UPI/DR/694810063910/ACT/RAZORPAY/broadband@paytm/UPI,103380032761,499.00,,831409.42
15-10-2025,POS METRO CASH CARRY PATNA,739762502084,"1,400.17",,830009.25
16-10-2025,UPI/DR/720556532232/Ola/ICICI/olamoney@ola/UPI,187130419134,"1,990.22",,828019.03
17-10-2025,UPI/DR/674067958705/Flipkart/ICICI/flipkart@ybl/UPI,630326347769,"2,110.93",,825908.10
17-10-2025,UPI/DR/697756722895/Indane/ICICI/indanegas@upi/UPI,179785826461,"1,050.54",,824857.56
18-10-2025,POS CENTRAL MALL PATNA,389980308993,"7,950.83",,816906.73
18-10-2025,UPI/DR/886218860375/BESCOM/UPIN/bescompayment@upi/UPI,140249097217,"1,400.85",,815505.88
18-10-2025,ATM-CASH-WDL/PCO779730/PATNA,247806319368,"7,500.00",,808005.88
18-10-2025,UPI/DR/706653910033/Varsha/BDBL/varsha.sharma@axl/UPI,126081587693,"20,250.77",,787755.11
19-10-2025,UPI/DR/005779811047/Flipkart/ICICI/flipkart@ybl/UPI,624431445642,390.00,,787365.11
20-10-2025,UPI/DR/066948246558/Ola/ICICI/olamoney@ola/UPI,802370486057,510.53,,786854.58
20-10-2025,UPI/DR/755628539563/Uber/PAYTM/uber@paytm/UPI,742370846927,150.45,,786704.13
20-10-2025,UPI/DR/901360675862/Uber/PAYTM/uber@paytm/UPI,245200529583,810.03,,785894.10
21-10-2025,UPI/DR/190612708719/Jio/ICICI/jio@paytm/UPI,781372598053,180.31,,785713.79
22-10-2025,UPI/DR/626868529260/Vandana/KKBK/8906890947@ibl/UPI,642567219838,"19,600.91",,766112.88
22-10-2025,UPI/DR/349197476583/Myntra/PAYTM/myntra@ybl/UPI,296652167882,"5,200.02",,760912.86
22-10-2025,UPI/DR/820889474848/Ola/ICICI/olamoney@ola/UPI,157639404360,"1,600.54",,759312.32
22-10-2025,UPI/DR/557944253535/Rapido/PAYTM/rapido@icici/UPI,617689854920,90.59,,759221.73
23-10-2025,UPI/CR/865709105067/Shivam/BDBL/shivam459@axl/UPI,939166399929,,"21,150.49",780372.22
24-10-2025,UPI/DR/937436023444/Rapido/PAYTM/rapido@icici/UPI,365215200901,320.89,,780051.33
25-10-2025,UPI/CR/167126639487/Rohit/UCBA/rohit.yadav@aubank/UPI,644113563436,,"16,000.01",796051.34
25-10-2025,UPI/CR/673037529892/Rani/FDRL/rani795@oksbi/UPI,149601476247,,"11,050.52",807101.86
26-10-2025,UPI/DR/496999798215/Spotify/ICICI/spotify@icici/UPI,888525351734,749.00,,806352.86
26-10-2025,UPI/DR/735377904271/Flipkart/PAYTM/flipkart@ybl/UPI,763797357338,750.29,,805602.57
26-10-2025,UPI/DR/007505032985/Zomato/ICICI/zomato@axisbank/UPI,628729901550,"2,420.68",,803181.89
26-10-2025,UPI/DR/827374265204/Siddharth/HDFC/siddharth.desai@aubank/UPI,925078713884,"18,050.03",,785131.86
26-10-2025,ATM-CASH-WDL/IBC128346/PATNA,353694991061,"8,000.00",,777131.86
26-10-2025,UPI/DR/257049751675/PhonePe/ICICI/phonepe@ybl/UPI,100752360867,"2,640.98",,774490.88
27-10-2025,UPI/DR/625216726283/Varun/UTIB/5778979740@paytm/UPI,677741466463,"10,250.02",,764240.86
27-10-2025,UPI/DR/381843740366/MedPlus/ICICI/medplus@icici/UPI,009357293220,"1,210.88",,763029.98
29-10-2025,POS RELIANCE PETROLEUM PATNA,471739798717,900.42,,762129.56
29-10-2025,UPI/DR/220359897397/Airtel/PAYTM/airtel@axis/UPI,666531962552,579.00,,761550.56
31-10-2025,UPI/DR/617766846666/BSNL/ICICI/bsnlbroadband@upi/UPI,449861516553,590.63,,760959.93
01-11-2025,UPI/DR/984664959998/Isha/KKBK/isha.chatterjee@ptyes/UPI,968931554325,"20,800.36",,740159.57
01-11-2025,UPI/DR/785338244017/Nykaa/PAYTM/nykaa@razorpay/UPI,425652565704,"4,600.28",,735559.29
01-11-2025,UPI/DR/527125216221/Lata/HDFC/8779011473@upi/UPI,276543173496,"9,550.16",,726009.13
02-11-2025,UPI/CR/576340767552/Arjun/BKID/arjunchau59@ybl/UPI,902959551031,,"1,050.66",727059.79
02-11-2025,UPI/DR/835997924114/ACT/RAZORPAY/broadband@paytm/UPI,086298775185,749.00,,726310.79
03-11-2025,UPI/DR/880913452722/Rapido/PAYTM/rapido@icici/UPI,018688748678,580.03,,725730.76
04-11-2025,POS RELIANCE PETROLEUM PATNA,676974859399,"1,850.37",,723880.39
04-11-2025,POS RELIANCE PETROLEUM PATNA,845238782345,"1,850.09",,722030.30
04-11-2025,SALARY CREDIT/S9781679040977/Reliance Retail Ltd,993797806434,,"54,165.01",776195.31
04-11-2025,POS RELIANCE MART PATNA,930902035863,"8,200.17",,767995.14
04-11-2025,POS CENTRAL MALL PATNA,396250436691,"5,250.61",,762744.53
04-11-2025,UPI/DR/259313561421/Practo/ICICI/practo@paytm/UPI,802268835908,999.00,,761745.53
05-11-2025,UPI/CR/013182208025/Neha/BKID/nehabaja95@ptyes/UPI,851738661288,,"2,950.23",764695.76
05-11-2025,UPI/DR/430028938862/Bajaj/LICI/licindia@licindia/UPI,389676822899,"6,900.00",,757795.76
06-11-2025,NACH/MANDATE/RNT0126554/RENT MANDATE,182655822767,"14,000.00",,743795.76
06-11-2025,IMPS-782352561056-Shivam Bose,372140761307,"33,700.62",,710095.14
08-11-2025,UPI/DR/964105571322/Ola/PAYTM/olamoney@ola/UPI,399973392823,390.10,,709705.04
09-11-2025,UPI/DR/211087966577/BESCOM/UPIN/bescompayment@upi/UPI,116039427972,"2,450.32",,707254.72
11-11-2025,UPI/DR/397298889467/Amazon/ICICI/amazon@apl/UPI,419015288972,220.46,,707034.26
11-11-2025,UPI/DR/352036785742/Airtel/PAYTM/airtel@axis/UPI,260545929578,849.00,,706185.26
12-11-2025,UPI/DR/027355812372/BigBasket/ICICI/bigbasket@ybl/UPI,777869780690,"1,930.59",,704254.67
14-11-2025,UPI/DR/451662483819/BigBasket/ICICI/bigbasket@ybl/UPI,611930070662,850.20,,703404.47
14-11-2025,UPI/DR/833578742547/Jio/ICICI/jio@paytm/UPI,750073697646,380.91,,703023.56
14-11-2025,UPI/DR/515136621193/BSNL/ICICI/bsnlbroadband@upi/UPI,857864104251,190.23,,702833.33
15-11-2025,UPI/DR/220213682476/Swiggy/ICICI/swiggy@icici/UPI,013321134496,"1,590.60",,701242.73
15-11-2025,POS CENTRAL MALL PATNA,092686554973,"3,950.53",,697292.20
16-11-2025,POS VISHAL MEGA MART PATNA,908847278107,"4,950.75",,692341.45
16-11-2025,UPI/CR/864831662746/Shweta/KKBK/shweta452@ybl/UPI,171568197623,,"10,100.66",702442.11
17-11-2025,POS V MART PATNA,476729444145,"3,250.41",,699191.70
17-11-2025,UPI/DR/052124985352/Dunzo/ICICI/dunzo@razorpay/UPI,252322288655,420.40,,698771.30
17-11-2025,ATM-CASH-WDL/ELO204701/PATNA,390436824322,"10,000.00",,688771.30
18-11-2025,UPI/CR/193448830055/Asha/UTIB/9791889493@okhdfcbank/UPI,732915305927,,"4,350.21",693121.51
18-11-2025,UPI/DR/971750215941/Myntra/PAYTM/myntra@ybl/UPI,125314379025,"1,550.40",,691571.11
18-11-2025,NEFT/N9079021098526/NIIT Technologies,246929398101,,"45,000.89",736572.00
18-11-2025,POS V MART PATNA,636181584858,"3,450.35",,733121.65
19-11-2025,UPI/DR/084482421094/Rapido/PAYTM/rapido@icici/UPI,555848073816,890.61,,732231.04
19-11-2025,UPI/DR/306672744272/Radha/BARB/radhachat30@ptyes/UPI,781030339605,"7,350.06",,724880.98
20-11-2025,UPI/DR/291640250256/Sonia/FDRL/soniashuk92@ptyes/UPI,631415657279,"3,300.59",,721580.39
20-11-2025,POS RELIANCE MART PATNA,806143965423,"7,600.79",,713979.60
20-11-2025,UPI/DR/322555069386/Babita/PUNB/babita775@upi/UPI,962629664618,"17,050.42",,696929.18
20-11-2025,UPI/DR/648089245228/Mohit/KKBK/mohit994@okicici/UPI,121054896777,"10,300.28",,686628.90
22-11-2025,UPI/DR/833976408777/Indane/ICICI/indanegas@upi/UPI,211990242370,"2,000.23",,684628.67
23-11-2025,POS BHARAT PETROLEUM PATNA,085955656638,"2,950.17",,681678.50
23-11-2025,UPI/DR/957130284288/Zomato/ICICI/zomato@axisbank/UPI,818747017011,"1,600.11",,680078.39
23-11-2025,UPI/DR/379258166363/Naveen/UCBA/naveen349@ybl/UPI,806634931126,"19,800.89",,660277.50
25-11-2025,UPI/DR/104863966583/Ola/ICICI/olamoney@ola/UPI,536224537601,"2,200.03",,658077.47
25-11-2025,UPI/DR/990056857262/BigBasket/ICICI/bigbasket@ybl/UPI,166493555592,"1,950.35",,656127.12
25-11-2025,UPI/DR/651121973318/Airtel/PAYTM/airtel@axis/UPI,294332958567,629.00,,655498.12
25-11-2025,UPI/DR/483471896356/Blinkit/ICICI/blinkit@kotak/UPI,371763768288,"1,930.70",,653567.42
26-11-2025,UPI/DR/470146149188/Rapido/PAYTM/rapido@icici/UPI,256590681509,820.63,,652746.79
26-11-2025,UPI/DR/981850820583/Spotify/ICICI/spotify@icici/UPI,161514402722,299.00,,652447.79
26-11-2025,ATM-CASH-WDL/ANT061994/PATNA,243522200874,"10,000.00",,642447.79
27-11-2025,ATM-CASH-WDL/TCM190703/PATNA,730249124951,"7,000.00",,635447.79
27-11-2025,ACCOUNT MAINTENANCE CHARGES,317984920593,110.00,,635337.79
27-11-2025,GST ON CHARGES,748769965356,19.80,,635317.99
27-11-2025,UPI/DR/467351824333/Amazon/ICICI/amazon@apl/UPI,807698545585,940.95,,634377.04
29-11-2025,POS V MART PATNA,716356302780,"1,700.52",,632676.52
29-11-2025,UPI/DR/652644539034/1mg/ICICI/tatahealth@icici/UPI,273066980257,"1,720.85",,630955.67
29-11-2025,UPI/DR/291419390467/Ola/ICICI/olamoney@ola/UPI,781935649622,"1,520.14",,629435.53
29-11-2025,ATM-CASH-WDL/HTO467474/PATNA,772778173425,"2,500.00",,626935.53
30-11-2025,UPI/CR/493621080989/Meena/UTIB/meenanamb76@okhdfcbank/UPI,210715683794,,"12,550.55",639486.08
30-11-2025,UPI/CR/475675618515/Sushma/KKBK/6113838681@okicici/UPI,909641865215,,"22,000.28",661486.36
01-12-2025,UPI/DR/894410866769/Vandana/SBIN/vandana.bajaj@paytm/UPI,477987395057,"10,250.84",,651235.52
01-12-2025,UPI/DR/410357532166/Zomato/ICICI/zomato@axisbank/UPI,245414291547,"1,560.09",,649675.43
03-12-2025,SALARY CREDIT/S4120713788851/Reliance Retail Ltd,640044103080,,"51,442.01",701117.44
03-12-2025,ATM-CASH-WDL/XHU852340/PATNA,855760367784,"5,500.00",,695617.44
04-12-2025,NACH/MANDATE/RNT7152535/RENT MANDATE,462759632670,"14,000.00",,681617.44
04-12-2025,UPI/CR/041572858207/Mohan/KKBK/mohan804@paytm/UPI,070514711952,,100.57,681718.01
04-12-2025,UPI/DR/188911963233/ACT/RAZORPAY/broadband@paytm/UPI,141816061328,599.00,,681119.01
05-12-2025,POS D MART PATNA,655247966074,"3,200.04",,677918.97
06-12-2025,UPI/DR/426136319124/Flipkart/PAYTM/flipkart@ybl/UPI,369844190410,"2,250.57",,675668.40
07-12-2025,UPI/CR/108539755988/Sumit/UCBA/sumit856@aubank/UPI,428261795438,,"20,350.05",696018.45
08-12-2025,POS MAX FASHION PATNA,687499453139,"3,650.11",,692368.34
08-12-2025,UPI/DR/328473043325/Manish/BARB/manishpati25@apl/UPI,778643267831,"8,600.87",,683767.47
09-12-2025,UPI/DR/942841170683/PhonePe/ICICI/phonepe@ybl/UPI,613080781992,"1,540.59",,682226.88
11-12-2025,UPI/DR/613866084642/Yogesh/FDRL/yogesh.kumar@oksbi/UPI,756856309486,"18,900.81",,663326.07
11-12-2025,POS SHELL FUEL STATION PATNA,078575345679,800.99,,662525.08
12-12-2025,ATM-CASH-WDL/IQQ990614/PATNA,335720967758,"9,000.00",,653525.08
12-12-2025,UPI/DR/988260306505/Uber/PAYTM/uber@paytm/UPI,225137599517,890.42,,652634.66
12-12-2025,UPI/DR/065443334939/Bajaj/LICI/licindia@licindia/UPI,632411312337,"6,900.00",,645734.66
13-12-2025,ATM-CASH-WDL/ALD487529/PATNA,297032407684,"9,000.00",,636734.66
15-12-2025,UPI/DR/862919572844/Vikram/HDFC/vikram568@apl/UPI,749963983116,"14,150.18",,622584.48
16-12-2025,POS STAR BAZAAR PATNA,814451250617,"3,100.68",,619483.80
16-12-2025,UPI/DR/091983883706/Uber/PAYTM/uber@paytm/UPI,283459050838,630.34,,618853.46
16-12-2025,UPI/DR/435816414163/Zomato/ICICI/zomato@axisbank/UPI,375433418934,"2,190.21",,616663.25
17-12-2025,UPI/DR/538347091889/Uber/PAYTM/uber@paytm/UPI,273299989971,280.33,,616382.92
17-12-2025,UPI/DR/619419423282/Amazon/ICICI/amazon@apl/UPI,230391331652,630.95,,615751.97
17-12-2025,UPI/DR/050904890207/Flipkart/PAYTM/flipkart@ybl/UPI,851280380548,"2,250.24",,613501.73
17-12-2025,UPI/DR/368941882988/Indane/ICICI/indanegas@upi/UPI,072386837112,"1,200.97",,612300.76
18-12-2025,UPI/DR/772960389812/Paytm/ICICI/paytm@paytm/UPI,765038510214,"1,740.92",,610559.84
20-12-2025,UPI/DR/977520866941/BESCOM/UPIN/bescompayment@upi/UPI,206629679795,"2,850.52",,607709.32
20-12-2025,UPI/DR/534315579126/BigBasket/ICICI/bigbasket@ybl/UPI,314268964257,"1,010.33",,606698.99
21-12-2025,UPI/DR/266241506992/Geeta/UTIB/4173077405@pthdfc/UPI,014897292442,"9,450.66",,597248.33
21-12-2025,POS STAR BAZAAR PATNA,289833910431,450.18,,596798.15
21-12-2025,UPI/DR/660036261135/Amazon/ICICI/amazon@apl/UPI,687621506408,"2,140.82",,594657.33
22-12-2025,UPI/DR/483504296254/Sunil/FDRL/sunilmalh38@ptyes/UPI,729661664598,"7,200.58",,587456.75
24-12-2025,UPI/DR/413121413893/Airtel/PAYTM/airtel@axis/UPI,722948298508,459.00,,586997.75
25-12-2025,IMPS-206737744974-Akash Patil,227137295593,"1,500.55",,585497.20
26-12-2025,ACCOUNT MAINTENANCE CHARGES,942797820957,100.00,,585397.20
26-12-2025,INTEREST CREDIT,549078295105,,760.50,586157.70
26-12-2025,GST ON CHARGES,354190199890,18.00,,586139.70
27-12-2025,UPI/DR/260872996495/Rapido/PAYTM/rapido@icici/UPI,972991567169,90.76,,586048.94
28-12-2025,UPI/DR/739888858750/Uber/PAYTM/uber@paytm/UPI,195527187484,580.31,,585468.63
28-12-2025,POS RELIANCE PETROLEUM PATNA,395798689571,"2,000.01",,583468.62
28-12-2025,UPI/DR/194379256949/Meesho/PAYTM/meesho@ybl/UPI,630927464963,"5,450.34",,578018.28
28-12-2025,UPI/DR/126706676525/1mg/ICICI/tatahealth@icici/UPI,221155554269,"3,230.20",,574788.08
29-12-2025,POS BHARAT PETROLEUM PATNA,761030392086,"4,250.72",,570537.36
29-12-2025,UPI/DR/855586550558/Airtel/PAYTM/airtel@axis/UPI,262319933470,479.00,,570058.36
29-12-2025,UPI/DR/356025891379/Dunzo/ICICI/dunzo@razorpay/UPI,158095925612,"1,860.75",,568197.61
30-12-2025,UPI/DR/043495621170/Paytm/ICICI/paytm@paytm/UPI,808234544481,"1,230.90",,566966.71
30-12-2025,UPI/DR/904840208959/Saurabh/BKID/saurabh.kapoor@axl/UPI,945621744850,"11,750.97",,555215.74
30-12-2025,UPI/DR/825201265497/Paytm/ICICI/paytm@paytm/UPI,484935920659,"1,380.01",,553835.73
31-12-2025,UPI/DR/183069660466/Dunzo/ICICI/dunzo@razorpay/UPI,654486320946,"2,380.81",,551454.92
31-12-2025,UPI/DR/008086793718/Neha/HDFC/neha.pillai@pthdfc/UPI,814407863494,"7,100.14",,544354.78
01-01-2026,UPI/DR/182204176738/BigBasket/ICICI/bigbasket@ybl/UPI,345007905056,"1,410.93",,542943.85
02-01-2026,UPI/DR/380285390682/Sunil/KKBK/sunil161@pthdfc/UPI,176382276864,"21,050.53",,521893.32
02-01-2026,UPI/DR/282633799935/Airtel/PAYTM/airtel@axis/UPI,721475890615,639.00,,521254.32
02-01-2026,POS BIG BAZAAR PATNA,095875321233,"1,650.85",,519603.47
02-01-2026,UPI/DR/999074177198/Rapido/PAYTM/rapido@icici/UPI,072875177760,870.18,,518733.29
02-01-2026,UPI/DR/244620963865/Airtel/PAYTM/airtel@axis/UPI,522389199954,809.00,,517924.29
03-01-2026,UPI/DR/234766173457/BigBasket/ICICI/bigbasket@ybl/UPI,370731241389,"1,880.03",,516044.26
03-01-2026,POS BRAND FACTORY PATNA,763069406360,"5,250.52",,510793.74
03-01-2026,POS HP PETROL PUMP PATNA,898966560941,900.98,,509892.76
03-01-2026,UPI/CR/685398816757/Arjun/UCBA/arjunagar30@pthdfc/UPI,664344559775,,"1,350.37",511243.13
04-01-2026,SALARY CREDIT/S4019953703326/Reliance Retail Ltd,891000924118,,"50,263.01",561506.14
04-01-2026,UPI/DR/183011196019/Airtel/PAYTM/airtel@axis/UPI,401001465876,199.00,,561307.14
05-01-2026,UPI/CR/534241302457/Sachin/HDFC/sachin830@upi/UPI,108437270254,,"12,950.92",574258.06
05-01-2026,UPI/DR/902328884797/BSNL/ICICI/bsnlbroadband@upi/UPI,302268451803,"1,980.07",,572277.99
06-01-2026,IMPS-690853298766-Sanjay Malhotra,723164749019,"43,000.60",,529277.39
06-01-2026,UPI/DR/445025841757/Nykaa/PAYTM/nykaa@razorpay/UPI,291127136263,"2,650.05",,526627.34
07-01-2026,POS SHOPPERS STOP PATNA,822325059312,"1,950.11",,524677.23
07-01-2026,NACH/MANDATE/RNT3480694/RENT MANDATE,916539566901,"14,000.00",,510677.23
08-01-2026,UPI/DR/193615386292/Zomato/ICICI/zomato@axisbank/UPI,918665750613,"2,480.81",,508196.42
09-01-2026,UPI/DR/411962662103/Rapido/PAYTM/rapido@icici/UPI,741464653371,400.07,,507796.35
11-01-2026,POS RELIANCE MART PATNA,153069498735,"5,400.08",,502396.27
11-01-2026,ATM-CASH-WDL/DSR690078/PATNA,813176370382,"9,000.00",,493396.27
11-01-2026,UPI/DR/586967500767/Uber/PAYTM/uber@paytm/UPI,766159861065,120.29,,493275.98
11-01-2026,UPI/DR/048533471663/Bajaj/LICI/licindia@licindia/UPI,004334885245,"6,900.00",,486375.98
12-01-2026,ATM-CASH-WDL/XUJ144228/PATNA,225525611872,"4,500.00",,481875.98
12-01-2026,UPI/DR/312769041850/Indane/ICICI/indanegas@upi/UPI,176624178526,"2,300.36",,479575.62
15-01-2026,UPI/DR/192901566429/Rapido/PAYTM/rapido@icici/UPI,252748241798,880.77,,478694.85
16-01-2026,POS RELIANCE PETROLEUM PATNA,595515213906,"2,600.35",,476094.50
16-01-2026,ATM-CASH-WDL/RGC887177/PATNA,209011470240,"3,000.00",,473094.50
17-01-2026,UPI/DR/225295530430/BESCOM/UPIN/bescompayment@upi/UPI,420867225037,800.55,,472293.95
17-01-2026,UPI/DR/170151126657/Ola/ICICI/olamoney@ola/UPI,853647913301,"2,490.41",,469803.54
17-01-2026,UPI/DR/543501398756/Isha/BDBL/isha.menon@okicici/UPI,840981083650,"7,000.70",,462802.84
17-01-2026,UPI/DR/964600347583/Anjali/HDFC/anjali612@ptsbi/UPI,014127565932,"10,400.94",,452401.90
18-01-2026,ATM-CASH-WDL/IBC568006/PATNA,006938941599,"8,500.00",,443901.90
18-01-2026,POS LIFESTYLE STORES PATNA,990297846471,"8,450.16",,435451.74
18-01-2026,UPI/DR/240319181101/Uber/ICICI/uber@paytm/UPI,043704301188,590.37,,434861.37
19-01-2026,ATM-CASH-WDL/MLT392435/PATNA,875820223632,"5,500.00",,429361.37
19-01-2026,UPI/DR/030243655729/PhonePe/ICICI/phonepe@ybl/UPI,512542000649,"1,190.58",,428170.79
20-01-2026,UPI/DR/018532639163/ACT/RAZORPAY/broadband@paytm/UPI,606693500210,349.00,,427821.79
20-01-2026,UPI/DR/340857079389/Blinkit/ICICI/blinkit@kotak/UPI,463536620162,810.63,,427011.16
20-01-2026,UPI/DR/643778930665/Airtel/PAYTM/airtel@axis/UPI,018776922184,519.00,,426492.16
21-01-2026,UPI/CR/032806824796/Rakesh/UCBA/rakesh.iyer@ptyes/UPI,154406779380,,"19,950.72",446442.88
21-01-2026,UPI/DR/736102643559/Flipkart/ICICI/flipkart@ybl/UPI,510966222047,200.46,,446242.42
22-01-2026,POS MORE SUPER MARKET PATNA,715254147146,"1,850.96",,444391.46
22-01-2026,UPI/DR/328147129772/Airtel/PAYTM/airtel@axis/UPI,852274253584,849.00,,443542.46
22-01-2026,UPI/CR/856536147278/Dinesh/SBIN/dinesh713@ptaxis/UPI,329755682541,,"9,350.65",452893.11
22-01-2026,UPI/DR/752357642944/Jyoti/BDBL/jyoti383@upi/UPI,522173477523,"11,700.23",,441192.88
22-01-2026,POS RELIANCE PETROLEUM PATNA,116655206747,"3,950.69",,437242.19
23-01-2026,UPI/DR/754754820847/Jio/ICICI/jio@paytm/UPI,603142456353,340.73,,436901.46
23-01-2026,UPI/DR/289385070339/Amazon/ICICI/amazon@apl/UPI,827502488230,"2,300.60",,434600.86
24-01-2026,UPI/CR/109789740144/Suresh/BKID/sureshseth97@ptaxis/UPI,964554858289,,"18,850.04",453450.90
25-01-2026,UPI/DR/182963218053/MedPlus/ICICI/medplus@icici/UPI,376792225428,840.30,,452610.60
26-01-2026,UPI/DR/683056466996/Ola/PAYTM/olamoney@ola/UPI,536643799626,260.40,,452350.20
28-01-2026,UPI/DR/565625391021/Amazon/ICICI/amazon@apl/UPI,037351727039,"2,660.97",,449689.23
29-01-2026,UPI/DR/510774366493/Lalit/KKBK/lalitpill35@oksbi/UPI,896990275077,"16,700.55",,432988.68
31-01-2026,UPI/DR/350831110258/Nisha/UTIB/nishakapo36@ibl/UPI,295055295454,"12,550.68",,420438.00
01-02-2026,UPI/DR/753113570593/Ola/PAYTM/olamoney@ola/UPI,254820275534,450.26,,419987.74
01-02-2026,UPI/DR/873373561060/BSNL/ICICI/bsnlbroadband@upi/UPI,905417047741,790.85,,419196.89
01-02-2026,UPI/CR/337351180941/Nikhil/UTIB/nikhil494@okhdfcbank/UPI,518213670917,,"9,150.01",428346.90
01-02-2026,SALARY CREDIT/S6783810273730/Reliance Retail Ltd,963636359029,,"52,995.01",481341.91
02-02-2026,POS METRO CASH CARRY PATNA,366620892295,"4,250.87",,477091.04
03-02-2026,UPI/DR/211467652834/Amazon/ICICI/amazon@apl/UPI,010691134375,690.15,,476400.89
03-02-2026,UPI/DR/455053932415/Paytm/ICICI/paytm@paytm/UPI,991475046631,"1,750.19",,474650.70
03-02-2026,UPI/DR/371686475731/BigBasket/ICICI/bigbasket@ybl/UPI,463309265384,190.31,,474460.39
05-02-2026,UPI/DR/857119126616/Nykaa/PAYTM/nykaa@razorpay/UPI,582596026375,"4,250.41",,470209.98
05-02-2026,UPI/CR/315316397842/Neha/SBIN/nehakuma96@kotak/UPI,297404524400,,"12,050.51",482260.49
05-02-2026,UPI/DR/202794383971/Rapido/PAYTM/rapido@icici/UPI,086126447570,880.32,,481380.17
05-02-2026,UPI/DR/609253030707/Uber/PAYTM/uber@paytm/UPI,185949082931,220.80,,481159.37
06-02-2026,NACH/MANDATE/RNT4586665/RENT MANDATE,006921644858,"14,000.00",,467159.37
07-02-2026,UPI/CR/976247519555/Sunita/HDFC/sunita520@oksbi/UPI,825505290855,,"5,150.46",472309.83
07-02-2026,UPI/DR/633314076626/Bajaj/LICI/licindia@licindia/UPI,071541529796,"6,900.00",,465409.83
08-02-2026,POS STAR BAZAAR PATNA,188254183959,"4,700.54",,460709.29
09-02-2026,UPI/DR/032202126991/Paytm/ICICI/paytm@paytm/UPI,355641490176,"1,990.26",,458719.03
12-02-2026,UPI/DR/523209698470/Ola/ICICI/olamoney@ola/UPI,985396159738,"2,780.18",,455938.85
12-02-2026,UPI/DR/928567721737/Sushma/FDRL/sushmaroy31@ybl/UPI,292859682489,"17,900.79",,438038.06
12-02-2026,UPI/DR/163076153398/Vandana/UTIB/1095014242@ybl/UPI,524976365178,"11,650.12",,426387.94
12-02-2026,UPI/DR/013979150241/Vandana/KKBK/vandana658@axl/UPI,008462739284,"14,150.35",,412237.59
13-02-2026,UPI/DR/323772132442/Airtel/PAYTM/airtel@axis/UPI,153534691998,859.00,,411378.59
14-02-2026,UPI/DR/183769335839/Airtel/PAYTM/airtel@axis/UPI,735354769694,479.00,,410899.59
14-02-2026,UPI/DR/471536488620/Rapido/PAYTM/rapido@icici/UPI,631174201902,630.04,,410269.55
14-02-2026,UPI/DR/897020214081/Airtel/PAYTM/airtel@axis/UPI,677627537242,929.00,,409340.55
16-02-2026,UPI/DR/239753556958/Ramesh/KKBK/rameshyada93@ptyes/UPI,143276045648,"10,150.44",,399190.11
16-02-2026,UPI/DR/789327762996/Mahesh/BARB/mahesh.iyer@okaxis/UPI,308683751581,"9,150.95",,390039.16
17-02-2026,UPI/DR/068122294537/Preeti/UTIB/3356482487@kotak/UPI,778048470816,"8,000.19",,382038.97
17-02-2026,UPI/DR/466173456970/Pankaj/UCBA/pankaj978@paytm/UPI,795297735216,"21,450.12",,360588.85
17-02-2026,POS METRO CASH CARRY PATNA,845571148395,"7,450.92",,353137.93
18-02-2026,UPI/DR/050444036229/Uber/ICICI/uber@paytm/UPI,344899317195,"2,080.64",,351057.29
18-02-2026,ATM-CASH-WDL/FWJ159195/PATNA,035960618999,"4,000.00",,347057.29
18-02-2026,UPI/DR/131097823622/BSNL/ICICI/bsnlbroadband@upi/UPI,517376244285,"2,290.16",,344767.13
18-02-2026,POS RELIANCE PETROLEUM PATNA,896275938354,"4,250.59",,340516.54
18-02-2026,POS RELIANCE MART PATNA,958851398660,"6,400.51",,334116.03
19-02-2026,UPI/DR/599130949614/Blinkit/ICICI/blinkit@kotak/UPI,707026626439,"2,150.82",,331965.21
19-02-2026,UPI/DR/631216776271/Nykaa/PAYTM/nykaa@razorpay/UPI,886545333159,"3,800.30",,328164.91
20-02-2026,UPI/DR/847306168258/Kavita/UCBA/7549606149@okaxis/UPI,293264618318,"1,150.59",,327014.32
20-02-2026,UPI/DR/348049192666/Indane/ICICI/indanegas@upi/UPI,705532153321,"1,050.95",,325963.37
20-02-2026,UPI/CR/874346767291/Radha/HDFC/radha868@paytm/UPI,877497418777,,"17,100.07",343063.44
21-02-2026,UPI/DR/473688359990/Nykaa/PAYTM/nykaa@razorpay/UPI,772360055865,"5,850.78",,337212.66
21-02-2026,UPI/DR/687022587131/BESCOM/UPIN/bescompayment@upi/UPI,617858319699,750.61,,336462.05
22-02-2026,UPI/DR/546642978800/Uber/ICICI/uber@paytm/UPI,230657239632,540.59,,335921.46
23-02-2026,UPI/DR/640858386417/Airtel/PAYTM/airtel@axis/UPI,664630183682,179.00,,335742.46
23-02-2026,UPI/DR/695805644359/Zomato/ICICI/zomato@axisbank/UPI,002671296999,"1,330.44",,334412.02
23-02-2026,IMPS-476077509578-Gopal Desai,547314356271,"9,600.90",,324811.12
24-02-2026,POS INDIAN OIL PATNA,119920775138,"3,950.44",,320860.68
25-02-2026,UPI/DR/556060591503/Zepto/ICICI/zepto@apl/UPI,262506513183,"1,150.62",,319710.06
25-02-2026,UPI/DR/711676097321/Jio/ICICI/jio@paytm/UPI,470826591303,"1,920.53",,317789.53
25-02-2026,POS HP PETROL PUMP PATNA,665923629491,"3,950.87",,313838.66
25-02-2026,IMPS-263809851180-Lalit Dubey,927538370657,"19,900.04",,293938.62
25-02-2026,UPI/DR/344412655208/Amazon/ICICI/amazon@apl/UPI,808475931500,920.37,,293018.25
26-02-2026,UPI/CR/942256307068/Asha/BKID/asha.sharma@aubank/UPI,240392996705,,"17,650.86",310669.11
26-02-2026,ATM-CASH-WDL/KRO858328/PATNA,441627208634,"7,500.00",,303169.11
26-02-2026,UPI/DR/664476944007/Mina/FDRL/mina851@kotak/UPI,913012844931,"17,450.03",,285719.08
27-02-2026,UPI/DR/167065579488/Nykaa/ICICI/nykaa@razorpay/UPI,526147379788,749.00,,284970.08
27-02-2026,UPI/DR/666726428542/Paytm/ICICI/paytm@paytm/UPI,658893071599,890.24,,284079.84
27-02-2026,UPI/CR/092930964533/Arjun/PUNB/arjun141@upi/UPI,021411156429,,"17,800.48",301880.32
28-02-2026,UPI/DR/063384622090/Vijay/UTIB/vijay.pillai@aubank/UPI,267567856964,"3,350.87",,298529.45
28-02-2026,ATM-CASH-WDL/XPJ607506/PATNA,941814002720,"3,000.00",,295529.45
28-02-2026,ATM-CASH-WDL/RFN486062/PATNA,361865185026,"9,500.00",,286029.45
28-02-2026,UPI/DR/824317280323/Rapido/PAYTM/rapido@icici/UPI,095417932385,500.74,,285528.71
01-03-2026,UPI/DR/544196290068/Ola/PAYTM/olamoney@ola/UPI,049403441384,790.59,,284738.12
01-03-2026,UPI/DR/226457799207/Airtel/PAYTM/airtel@axis/UPI,172676646188,189.00,,284549.12
02-03-2026,ATM-CASH-WDL/NDT509336/PATNA,947252649031,"5,500.00",,279049.12
02-03-2026,UPI/DR/105360841814/Airtel/PAYTM/airtel@axis/UPI,965540579719,179.00,,278870.12
03-03-2026,UPI/DR/584743162360/Varun/UCBA/2531998255@upi/UPI,333024064335,"5,800.38",,273069.74
03-03-2026,UPI/DR/310202401604/Jyoti/UCBA/jyoti.patil@oksbi/UPI,934819532696,"12,650.35",,260419.39
03-03-2026,UPI/DR/731005573313/Amazon/ICICI/amazon@apl/UPI,793079596658,"2,250.78",,258168.61
03-03-2026,UPI/DR/000823534617/Shivam/UCBA/shivammalh21@kotak/UPI,700443726600,"6,600.74",,251567.87
03-03-2026,UPI/DR/923551124320/PhonePe/ICICI/phonepe@ybl/UPI,171422903502,310.75,,251257.12
04-03-2026,UPI/DR/814863577470/Airtel/PAYTM/airtel@axis/UPI,734566435259,509.00,,250748.12
04-03-2026,SALARY CREDIT/S7861400950250/Reliance Retail Ltd,315768794657,,"49,719.01",300467.13
04-03-2026,UPI/DR/364342905578/Zomato/ICICI/zomato@axisbank/UPI,973989100485,"2,100.22",,298366.91
04-03-2026,UPI/DR/153342083693/Yogesh/UCBA/yogeshmeht92@oksbi/UPI,137543648146,"2,700.92",,295665.99
05-03-2026,ATM-CASH-WDL/AWA192674/PATNA,631078174632,"5,500.00",,290165.99
05-03-2026,UPI/CR/760674636266/Amit/UCBA/7736133308@ybl/UPI,432399902050,,"7,200.98",297366.97
05-03-2026,UPI/DR/133052788040/Zepto/ICICI/zepto@apl/UPI,017956884197,"1,550.67",,295816.30
05-03-2026,UPI/DR/490160157396/Rapido/PAYTM/rapido@icici/UPI,508217620560,480.42,,295335.88
05-03-2026,UPI/DR/365249344295/Amazon/ICICI/amazon@apl/UPI,079490537846,"2,010.84",,293325.04
06-03-2026,POS INDIAN OIL PATNA,090941745751,"1,800.22",,291524.82
06-03-2026,ATM-CASH-WDL/FKC162159/PATNA,008377334154,"3,500.00",,288024.82
07-03-2026,POS BRAND FACTORY PATNA,535937461758,"1,750.17",,286274.65
07-03-2026,UPI/DR/305830207375/Airtel/PAYTM/airtel@axis/UPI,648559496449,379.00,,285895.65
07-03-2026,UPI/DR/323445920846/Ola/ICICI/olamoney@ola/UPI,866213132151,"1,950.08",,283945.57
07-03-2026,UPI/DR/356277758884/Sanjay/BARB/sanjay.menon@ibl/UPI,861558430482,"2,500.55",,281445.02
08-03-2026,UPI/DR/899394234232/Rapido/PAYTM/rapido@icici/UPI,654136987516,460.69,,280984.33
08-03-2026,UPI/DR/032332531959/Dunzo/ICICI/dunzo@razorpay/UPI,995591600298,"1,860.07",,279124.26
09-03-2026,UPI/DR/376309269684/Bajaj/LICI/licindia@licindia/UPI,765131205000,"6,900.00",,272224.26
09-03-2026,NACH/MANDATE/RNT6525521/RENT MANDATE,994882221124,"14,000.00",,258224.26
09-03-2026,UPI/DR/415258717722/Shreya/HDFC/0410556294@ptaxis/UPI,496595837939,"18,700.83",,239523.43
09-03-2026,UPI/DR/632650139399/Swiggy/ICICI/swiggy@icici/UPI,089532430523,"2,540.35",,236983.08
11-03-2026,UPI/CR/339354778463/Ritu/FDRL/1073752500@aubank/UPI,599969352795,,"2,000.05",238983.13
12-03-2026,UPI/DR/157624515422/Ritu/BDBL/ritudesa91@ptyes/UPI,294368398290,"2,350.23",,236632.90
13-03-2026,UPI/DR/178972271188/Rahul/FDRL/rahul193@ptyes/UPI,715791319096,"14,950.34",,221682.56
13-03-2026,UPI/DR/332750653661/Indane/ICICI/indanegas@upi/UPI,727216708364,"2,100.71",,219581.85
13-03-2026,POS INDIAN OIL PATNA,355534224548,"1,750.77",,217831.08
14-03-2026,POS HP PETROL PUMP PATNA,705750929412,800.85,,217030.23
14-03-2026,UPI/DR/734473751838/Kavita/BARB/kavita774@pthdfc/UPI,028178212829,"5,000.18",,212030.05
15-03-2026,ATM-CASH-WDL/BQN163137/PATNA,356432859569,"10,000.00",,202030.05
15-03-2026,UPI/DR/657315918479/Rapido/PAYTM/rapido@icici/UPI,988568780533,290.59,,201739.46
17-03-2026,UPI/CR/845251162096/Mahesh/FDRL/mahesh.menon@okhdfcbank/UPI,841564637351,,"19,700.29",221439.75
18-03-2026,POS INDIAN OIL PATNA,494752663740,"4,450.08",,216989.67
18-03-2026,UPI/DR/154691582087/BESCOM/UPIN/bescompayment@upi/UPI,094715664857,"3,750.53",,213239.14
19-03-2026,UPI/DR/788033989119/ACT/RAZORPAY/broadband@paytm/UPI,351083301608,399.00,,212840.14
20-03-2026,UPI/DR/221549179290/Meesho/PAYTM/meesho@ybl/UPI,694847008061,"2,950.42",,209889.72
21-03-2026,POS METRO CASH CARRY PATNA,921429147828,"2,200.50",,207689.22
21-03-2026,UPI/DR/757644822548/Rapido/PAYTM/rapido@icici/UPI,993530962791,880.88,,206808.34
21-03-2026,UPI/DR/527757096971/Meena/HDFC/meena476@oksbi/UPI,723383318893,"13,850.93",,192957.41
24-03-2026,POS RELIANCE MART PATNA,765535427012,"4,500.48",,188456.93
24-03-2026,POS V MART PATNA,278701104086,"6,700.32",,181756.61
24-03-2026,UPI/DR/638651363529/Lalit/BDBL/lalit751@pthdfc/UPI,789823866601,"20,750.63",,161005.98
24-03-2026,POS V MART PATNA,857338571289,600.55,,160405.43
24-03-2026,IMPS-560035142050-Geeta Ahuja,076033453393,"7,600.61",,152804.82
25-03-2026,UPI/DR/474241901595/MedPlus/ICICI/medplus@icici/UPI,448455400506,"3,270.80",,149534.02
25-03-2026,UPI/DR/087490071907/Nykaa/PAYTM/nykaa@razorpay/UPI,508582639213,"1,250.89",,148283.13
26-03-2026,UPI/DR/832940279144/Kavita/BARB/7420324811@ptaxis/UPI,908515441556,"20,400.47",,127882.66
27-03-2026,ACCOUNT MAINTENANCE CHARGES,412005719916,310.00,,127572.66
27-03-2026,GST ON CHARGES,047594762403,55.80,,127516.86
27-03-2026,INTEREST CREDIT,511939689130,,580.66,128097.52
29-03-2026,UPI/CR/953779725629/Lata/KKBK/9482848659@oksbi/UPI,319023956245,,"17,050.16",145147.68
29-03-2026,UPI/DR/263783756752/Swiggy/ICICI/swiggy@icici/UPI,048345001880,"2,510.49",,142637.19
29-03-2026,UPI/DR/618076819751/BSNL/ICICI/bsnlbroadband@upi/UPI,550430838933,"2,680.48",,139956.71
29-03-2026,UPI/CR/985743518741/Mamta/HDFC/mamta748@okaxis/UPI,708513070370,,"9,150.65",149107.36
29-03-2026,UPI/CR/445397958283/Rekha/KKBK/rekha531@ybl/UPI,631849950709,,"12,550.17",161657.53
30-03-2026,POS RELIANCE MART PATNA,020022392060,"3,900.18",,157757.35
31-03-2026,UPI/CR/283509056962/Pankaj/BKID/pankaj.kulkarni@okhdfcbank/UPI,453134001764,,"10,800.56",168557.91
01-04-2026,UPI/DR/703066757597/Uber/PAYTM/uber@paytm/UPI,796266228238,850.16,,167707.75
01-04-2026,IMPS-707104947195-Poonam Shukla,767955394576,"17,000.38",,150707.37
02-04-2026,UPI/DR/995972388051/Uber/PAYTM/uber@paytm/UPI,560843289606,730.97,,149976.40
02-04-2026,SALARY CREDIT/S2547745145221/Reliance Retail Ltd,943386990456,,"53,483.01",203459.41
03-04-2026,UPI/DR/441901305828/Jio/ICICI/jio@paytm/UPI,490511851237,700.06,,202759.35
03-04-2026,UPI/DR/701977290494/ACT/RAZORPAY/broadband@paytm/UPI,161550401273,349.00,,202410.35
04-04-2026,UPI/DR/787789169330/Flipkart/PAYTM/flipkart@ybl/UPI,406220087633,"5,250.26",,197160.09
04-04-2026,ATM-CASH-WDL/JGP620698/PATNA,658984079995,"6,500.00",,190660.09
04-04-2026,POS SHELL FUEL STATION PATNA,774142302511,"1,700.04",,188960.05
05-04-2026,POS SHOPPERS STOP PATNA,628671445757,"3,200.29",,185759.76
06-04-2026,UPI/CR/859618108315/Ashish/PUNB/ashish.mukherjee@axl/UPI,538781367406,,"17,600.50",203360.26
06-04-2026,POS V MART PATNA,983527846644,"6,850.75",,196509.51
07-04-2026,NACH/MANDATE/RNT9050074/RENT MANDATE,656426910056,"14,000.00",,182509.51
07-04-2026,UPI/DR/804623848277/Bajaj/LICI/licindia@licindia/UPI,791324184756,"6,900.00",,175609.51
08-04-2026,POS RELIANCE MART PATNA,076747466918,700.34,,174909.17
08-04-2026,ATM-CASH-WDL/GEN888978/PATNA,558164823378,"10,000.00",,164909.17
08-04-2026,UPI/DR/968463958356/PhonePe/ICICI/phonepe@ybl/UPI,270775408299,"1,060.36",,163848.81
09-04-2026,UPI/DR/467782377286/Usha/BDBL/ushakhan64@apl/UPI,224001504972,"21,850.46",,141998.35
09-04-2026,UPI/DR/914723506246/Meesho/PAYTM/meesho@ybl/UPI,696384082000,"2,900.55",,139097.80
10-04-2026,UPI/DR/868814589825/Uber/ICICI/uber@paytm/UPI,523704706636,"2,380.59",,136717.21
10-04-2026,UPI/DR/038119876519/Uber/ICICI/uber@paytm/UPI,749848653407,770.39,,135946.82
10-04-2026,UPI/CR/951717653365/Archana/BDBL/archana452@ptyes/UPI,216338391233,,"15,950.90",151897.72
11-04-2026,POS RELIANCE PETROLEUM PATNA,549113138924,"3,550.27",,148347.45
13-04-2026,UPI/DR/780037397711/Swiggy/ICICI/swiggy@icici/UPI,637948232506,270.66,,148076.79
13-04-2026,POS BHARAT PETROLEUM PATNA,387350518580,"3,400.03",,144676.76
14-04-2026,UPI/DR/176750483116/Jio/ICICI/jio@paytm/UPI,543851808347,"2,670.89",,142005.87
14-04-2026,UPI/DR/962864748805/Uber/PAYTM/uber@paytm/UPI,289806039329,680.95,,141324.92
17-04-2026,UPI/DR/899527145957/Jio/ICICI/jio@paytm/UPI,278619727883,930.46,,140394.46
17-04-2026,UPI/DR/290275209598/Rakesh/BKID/rakesh.dutta@okhdfcbank/UPI,411655051430,"18,250.61",,122143.85
18-04-2026,UPI/DR/249019659594/Varun/BKID/varun351@ibl/UPI,928348833114,"15,800.04",,106343.81
19-04-2026,POS MAX FASHION PATNA,334589073658,"6,950.73",,99393.08
19-04-2026,IMPS-263121061095-Jyoti Yadav,220134445244,"13,800.89",,85592.19
20-04-2026,UPI/DR/878363176935/BESCOM/UPIN/bescompayment@upi/UPI,959462969416,800.59,,84791.60
21-04-2026,UPI/DR/996410735927/Paytm/ICICI/paytm@paytm/UPI,305601290622,"1,420.61",,83370.99
21-04-2026,UPI/DR/687871471850/Mukesh/BKID/mukesh.srivastava@axl/UPI,184486867189,"7,400.26",,75970.73
23-04-2026,UPI/DR/310543325944/Indane/ICICI/indanegas@upi/UPI,162371516637,"2,650.46",,73320.27
23-04-2026,UPI/DR/017029376216/Airtel/PAYTM/airtel@axis/UPI,953538022859,389.00,,72931.27
23-04-2026,UPI/DR/345507369393/Jio/ICICI/jio@paytm/UPI,054188476157,"1,710.98",,71220.29
24-04-2026,POS BHARAT PETROLEUM PATNA,993933072980,"2,550.20",,68670.09
24-04-2026,UPI/DR/856648919834/Airtel/PAYTM/airtel@axis/UPI,607882642787,499.00,,68171.09
25-04-2026,ATM-CASH-WDL/TJO534235/PATNA,063005879854,"10,000.00",,58171.09
26-04-2026,UPI/DR/526548212199/Hotstar/ICICI/hotstar@hdfcbank/UPI,197499717450,849.00,,57322.09
26-04-2026,UPI/DR/070354614951/Swiggy/ICICI/swiggy@icici/UPI,687469085640,"2,070.74",,55251.35
27-04-2026,UPI/DR/651853971996/Nykaa/PAYTM/nykaa@razorpay/UPI,295835190905,"5,100.07",,50151.28
27-04-2026,POS RELIANCE MART PATNA,374994524540,"2,600.74",,47550.54
27-04-2026,UPI/DR/465970274765/Rajesh/KKBK/7594726029@okaxis/UPI,470586305444,"15,250.37",,32300.17
28-04-2026,UPI/CR/064945957209/Kapil/HDFC/kapiltiwa17@aubank/UPI,928457647927,,"10,100.47",42400.64
28-04-2026,UPI/DR/391463663271/Uber/ICICI/uber@paytm/UPI,282189245933,920.32,,41480.32
28-04-2026,ACCOUNT MAINTENANCE CHARGES,288531330455,470.00,,41010.32
28-04-2026,GST ON CHARGES,741151759393,84.60,,40925.72
29-04-2026,UPI/CR/396195317448/Varsha/BKID/0320303064@axl/UPI,253915293846,,"20,750.17",61675.89
29-04-2026,UPI/CR/708410867929/Abhishek/SBIN/abhishek150@aubank/UPI,879204225825,,150.53,61826.42
01-05-2026,UPI/DR/836930203173/Amazon/ICICI/amazon@apl/UPI,406703662055,990.36,,60836.06
01-05-2026,SALARY CREDIT/S9683363621892/Reliance Retail Ltd,725077929780,,"49,741.01",110577.07
01-05-2026,UPI/DR/744492841334/Swiggy/ICICI/swiggy@icici/UPI,550678517325,"1,570.30",,109006.77
01-05-2026,UPI/DR/302155688230/Isha/FDRL/isha.mehta@okaxis/UPI,644999161730,"15,350.87",,93655.90
02-05-2026,UPI/DR/213443386025/Uber/PAYTM/uber@paytm/UPI,305631800102,410.80,,93245.10
03-05-2026,UPI/DR/389106939150/IRCTC/ICICI/irctc@upi/UPI,253789250644,849.00,,92396.10
03-05-2026,NACH/MANDATE/RNT2716047/RENT MANDATE,367330643038,"14,000.00",,78396.10
04-05-2026,UPI/CR/696770789612/Kapil/BARB/kapiljosh56@ibl/UPI,058198786786,,"19,350.24",97746.34
05-05-2026,POS INDIAN OIL PATNA,345709572497,"2,350.91",,95395.43
05-05-2026,POS V MART PATNA,924409429043,"3,100.10",,92295.33
06-05-2026,POS HP PETROL PUMP PATNA,789937778473,"1,550.08",,90745.25
06-05-2026,UPI/DR/410723462528/Dunzo/ICICI/dunzo@razorpay/UPI,955843204268,"1,060.89",,89684.36
07-05-2026,UPI/DR/362856767829/Usha/HDFC/6118796980@ybl/UPI,553806473381,700.50,,88983.86
09-05-2026,UPI/CR/179936901552/Shweta/BARB/shwetanamb81@ybl/UPI,541265050006,,"5,800.50",94784.36
09-05-2026,UPI/DR/152120684247/Bajaj/LICI/licindia@licindia/UPI,499458942674,"6,900.00",,87884.36
