Bank Name,THE FEDERAL BANK LIMITED
Account Number,97556000042808
Account Holder Name,AKASH GHOSH
Branch,BANDRA WEST
IFSC Code,FDRL0087338
Statement Period,01-12-2024 To 08-05-2026

Date,Description,Ref/ChequeNo,Debit,Credit,Balance
01-12-2024,UPI/DR/672317327429/Blinkit/ICICI/blinkit@kotak/UPI,376554710129,"1,320.18",,542935.18
01-12-2024,POS VISHAL MEGA MART CHANDIGARH,213816859521,"1,700.04",,541235.14
01-12-2024,UPI/DR/297430858122/Mohan/SBIN/5525020417@axl/UPI,106930350982,"3,250.89",,537984.25
01-12-2024,UPI/DR/853242433247/Kapil/BDBL/kapil.mishra@okicici/UPI,143745931593,"4,500.31",,533483.94
02-12-2024,POS HP PETROL PUMP CHANDIGA,940218960851,"4,350.53",,529133.41
02-12-2024,UPI/CR/961814316895/Ramesh/FDRL/rameshnair33@apl/UPI,767219645952,,"6,100.08",535233.49
02-12-2024,SALARY CREDIT/S3983787740134/Madura Garments Pvt Ltd,654182272393,,"120,051.69",655285.18
03-12-2024,UPI/DR/211723053700/Flipkart/ICICI/flipkart@ybl/UPI,923810958917,250.22,,655034.96
03-12-2024,UPI/DR/087239781796/Uber/PAYTM/uber@paytm/UPI,265592830870,430.84,,654604.12
03-12-2024,UPI/DR/490000142645/Rapido/PAYTM/rapido@icici/UPI,628658351185,750.27,,653853.85
04-12-2024,UPI/DR/979411003290/Amazon/ICICI/amazon@apl/UPI,294321490699,"2,510.74",,651343.11
04-12-2024,POS CENTRAL MALL CHANDIGARH,642783587963,600.99,,650742.12
04-12-2024,UPI/DR/368552150918/Uber/PAYTM/uber@paytm/UPI,346797084200,130.34,,650611.78
05-12-2024,POS PANTALOONS CHANDIGARH,423296879537,"4,950.96",,645660.82
05-12-2024,UPI/DR/937526292727/PhonePe/ICICI/phonepe@ybl/UPI,730889052333,430.46,,645230.36
05-12-2024,NACH/MANDATE/RNT9574995/RENT MANDATE,197883250474,"15,000.00",,630230.36
06-12-2024,ATM CASH WITHDRAWAL/50046/CHANDIGARH,012834640132,"9,500.00",,620730.36
06-12-2024,UPI/DR/516927274781/Preeti/UTIB/preetipill36@kotak/UPI,249112702016,"7,350.22",,613380.14
08-12-2024,UPI/DR/191315618229/Vi/PAYTM/vi@airtelaxis/UPI,108909518048,539.00,,612841.14
09-12-2024,NACH/MANDATE/LN900669840349/Tata Capital Finance,770305308261,"17,000.00",,595841.14
09-12-2024,UPI/DR/081840724506/Swiggy/ICICI/swiggy@icici/UPI,610788317282,"1,430.06",,594411.08
09-12-2024,UPI/DR/571721494996/Aditya/LICI/licindia@licindia/UPI,405893784913,"7,600.00",,586811.08
09-12-2024,UPI/DR/584795128895/Gopal/KKBK/gopal754@paytm/UPI,457265567428,"11,550.37",,575260.71
10-12-2024,UPI/DR/295493443212/Zepto/ICICI/zepto@apl/UPI,847938657547,"1,950.80",,573309.91
10-12-2024,POS MAX FASHION CHANDIGARH,729621520982,"2,650.49",,570659.42
12-12-2024,UPI/DR/107883258512/Hathway/RAZORPAY/broadband@paytm/UPI,503656399518,399.00,,570260.42
12-12-2024,UPI/DR/602220135923/Kamal/KKBK/6787735465@okaxis/UPI,385993325069,"3,450.55",,566809.87
13-12-2024,UPI/DR/103042316641/PhonePe/ICICI/phonepe@ybl/UPI,000060132986,"2,310.81",,564499.06
14-12-2024,ATM CASH WITHDRAWAL/40178/CHANDIGARH,168746874356,"9,500.00",,554999.06
15-12-2024,UPI/CR/462696627192/Deepak/KKBK/deepak274@apl/UPI,350745664120,,"6,100.44",561099.50
15-12-2024,UPI/DR/278899342032/IRCTC/ICICI/irctc@upi/UPI,007802445533,449.00,,560650.50
15-12-2024,UPI/DR/583375989997/Deepak/SBIN/deepakdutt74@okhdfcbank/UPI,994059993135,"16,550.73",,544099.77
15-12-2024,ATM CASH WITHDRAWAL/81857/CHANDIGARH,164543801266,"1,000.00",,543099.77
17-12-2024,UPI/DR/059575252186/Vi/PAYTM/vi@airtelaxis/UPI,380811642077,729.00,,542370.77
17-12-2024,UPI/DR/936758546471/Shivam/HDFC/shivammeht82@ptsbi/UPI,056957051624,"13,400.89",,528969.88
18-12-2024,UPI/DR/939348730306/Ola/PAYTM/olamoney@ola/UPI,621145823099,220.42,,528749.46
18-12-2024,UPI/DR/647465601452/Vi/PAYTM/vi@airtelaxis/UPI,563314971796,889.00,,527860.46
18-12-2024,UPI/DR/488849338395/BSNL/ICICI/bsnlbroadband@upi/UPI,994860569205,"2,120.13",,525740.33
19-12-2024,UPI/CR/764680525956/Maya/FDRL/maya655@okaxis/UPI,729641941475,,"13,700.73",539441.06
19-12-2024,POS HP PETROL PUMP CHANDIGA,357558108672,"2,650.15",,536790.91
19-12-2024,UPI/DR/944803343181/Vi/PAYTM/vi@airtelaxis/UPI,342440740332,929.00,,535861.91
19-12-2024,ATM CASH WITHDRAWAL/56345/CHANDIGARH,200451103222,"8,000.00",,527861.91
20-12-2024,UPI/DR/772472650158/Dunzo/ICICI/dunzo@razorpay/UPI,482640272845,590.00,,527271.91
21-12-2024,UPI/DR/225076286094/Flipkart/ICICI/flipkart@ybl/UPI,153385970232,"1,770.41",,525501.50
22-12-2024,UPI/DR/404800029049/Vi/PAYTM/vi@airtelaxis/UPI,607119984384,219.00,,525282.50
22-12-2024,UPI/DR/651258515067/MSEDCL/UPIN/msedclpayment@upi/UPI,335675751801,"1,650.73",,523631.77
22-12-2024,UPI/CR/220513311009/Vikram/BDBL/vikram.kumar@ptyes/UPI,630044084223,,"1,450.49",525082.26
22-12-2024,UPI/DR/326796499737/Amazon/PAYTM/amazon@apl/UPI,336446949369,"2,300.86",,522781.40
22-12-2024,UPI/DR/135664315357/Blinkit/ICICI/blinkit@kotak/UPI,612820813846,"1,930.49",,520850.91
23-12-2024,UPI/DR/006807171489/Zomato/ICICI/zomato@axisbank/UPI,614894144775,"1,570.29",,519280.62
24-12-2024,UPI/DR/878591598594/Paytm/ICICI/paytm@paytm/UPI,882392849643,120.59,,519160.03
24-12-2024,UPI/DR/347982739331/Dunzo/ICICI/dunzo@razorpay/UPI,895902205475,870.32,,518289.71
24-12-2024,POS STAR BAZAAR CHANDIGARH,030492096891,"5,800.14",,512489.57
26-12-2024,ATM CASH WITHDRAWAL/17994/CHANDIGARH,960919826075,"6,500.00",,505989.57
26-12-2024,UPI/DR/150617763742/Swiggy/ICICI/swiggy@icici/UPI,135479272633,920.76,,505068.81
26-12-2024,UPI/DR/131362093633/Girish/PUNB/girishmukh39@oksbi/UPI,624392630992,"16,800.52",,488268.29
26-12-2024,INTEREST CREDIT,107052931918,,135.22,488403.51
26-12-2024,UPI/DR/947238204356/Indane/ICICI/indanegas@upi/UPI,202281901765,"2,650.82",,485752.69
27-12-2024,ATM CASH WITHDRAWAL/99413/CHANDIGARH,511375808178,"5,500.00",,480252.69
27-12-2024,POS CENTRAL MALL CHANDIGARH,623943515695,"7,400.01",,472852.68
29-12-2024,POS RELIANCE PETROLEUM CHANDIGA,082166925550,"2,450.80",,470401.88
30-12-2024,UPI/CR/508070395888/Lata/BDBL/lata.desai@pthdfc/UPI,320630014764,,"15,950.53",486352.41
01-01-2025,UPI/DR/036601445780/Flipkart/ICICI/flipkart@ybl/UPI,208057200725,770.88,,485581.53
01-01-2025,UPI/DR/976334376716/Uber/PAYTM/uber@paytm/UPI,110813562218,290.38,,485291.15
02-01-2025,UPI/DR/110917352004/Kavya/KKBK/kavyakhan77@upi/UPI,522412693519,"6,900.64",,478390.51
02-01-2025,UPI/DR/270551111316/Uber/PAYTM/uber@paytm/UPI,425533593315,870.75,,477519.76
03-01-2025,SALARY CREDIT/S9072271674952/Madura Garments Pvt Ltd,400589368989,,"120,791.69",598311.45
03-01-2025,IMPS/P2M/662534232728//Prashant Saxena/BARB,652710560784,"13,800.20",,584511.25
03-01-2025,UPI/CR/995562938472/Pallavi/BARB/pallavichat81@axl/UPI,434037201037,,"15,350.32",599861.57
04-01-2025,UPI/DR/224210541721/Zepto/ICICI/zepto@apl/UPI,658847332737,"1,820.28",,598041.29
05-01-2025,UPI/DR/908316352862/PhonePe/ICICI/phonepe@ybl/UPI,043847711873,"1,620.17",,596421.12
05-01-2025,POS V MART CHANDIGARH,757958821798,"6,750.78",,589670.34
05-01-2025,POS STAR BAZAAR CHANDIGARH,477867047845,"6,900.91",,582769.43
05-01-2025,NACH/MANDATE/LN900669840349/Tata Capital Finance,900376609815,"17,000.00",,565769.43
05-01-2025,UPI/DR/052163236130/Aditya/LICI/licindia@licindia/UPI,787276312975,"7,600.00",,558169.43
06-01-2025,NACH/MANDATE/RNT6028213/RENT MANDATE,228025724019,"15,000.00",,543169.43
06-01-2025,UPI/DR/087705228723/Shivam/SBIN/shivamshuk59@ptaxis/UPI,112412961902,"20,900.32",,522269.11
06-01-2025,UPI/DR/650548643127/Sapna/HDFC/sapnabaja95@paytm/UPI,633790290689,"19,500.76",,502768.35
07-01-2025,UPI/DR/361011595043/Blinkit/ICICI/blinkit@kotak/UPI,209844025134,"1,220.12",,501548.23
09-01-2025,UPI/DR/276349326153/Vi/PAYTM/vi@airtelaxis/UPI,465140636003,599.00,,500949.23
09-01-2025,UPI/CR/907663753560/Isha/KKBK/isha.shah@ybl/UPI,753549114976,,"4,500.81",505450.04
10-01-2025,UPI/DR/330986231340/Practo/ICICI/practo@paytm/UPI,285482589662,249.00,,505201.04
10-01-2025,POS BRAND FACTORY CHANDIGARH,217693353536,300.85,,504900.19
10-01-2025,UPI/DR/233362004267/Ola/PAYTM/olamoney@ola/UPI,843860082146,420.03,,504480.16
10-01-2025,UPI/CR/169424904863/Amit/BARB/amit.roy@apl/UPI,578338356556,,"10,450.90",514931.06
11-01-2025,UPI/CR/276288045729/Swati/FDRL/2904365432@ptsbi/UPI,642965729091,,"8,700.88",523631.94
13-01-2025,UPI/DR/028444734773/BigBasket/ICICI/bigbasket@ybl/UPI,421647596756,"1,680.58",,521951.36
14-01-2025,UPI/DR/181566646541/Nykaa/PAYTM/nykaa@razorpay/UPI,515768156626,"1,450.02",,520501.34
14-01-2025,ATM CASH WITHDRAWAL/08886/CHANDIGARH,232044393457,"3,500.00",,517001.34
15-01-2025,UPI/DR/018103879519/Vi/PAYTM/vi@airtelaxis/UPI,530325708241,499.00,,516502.34
15-01-2025,UPI/CR/650356800472/Sarita/HDFC/sarita.jain@ptsbi/UPI,321067030609,,"12,650.69",529153.03
15-01-2025,UPI/CR/538604290967/Krishna/BARB/2591649792@axl/UPI,939843899415,,"19,250.62",548403.65
16-01-2025,UPI/DR/873373627590/Hathway/RAZORPAY/broadband@paytm/UPI,736306726687,"1,149.00",,547254.65
16-01-2025,UPI/DR/472112425979/Rapido/PAYTM/rapido@icici/UPI,748229912932,330.09,,546924.56
17-01-2025,UPI/DR/475324623483/Amazon/PAYTM/amazon@apl/UPI,361029932794,300.66,,546623.90
17-01-2025,UPI/DR/815498397114/Vi/PAYTM/vi@airtelaxis/UPI,843032239284,739.00,,545884.90
19-01-2025,POS STAR BAZAAR CHANDIGARH,886407974395,"3,900.92",,541983.98
19-01-2025,UPI/CR/877299413357/Kavya/UTIB/7703136047@upi/UPI,120580047744,,"17,200.90",559184.88
19-01-2025,UPI/CR/668976566678/Mahesh/BKID/mahesh.srivastava@oksbi/UPI,951047665033,,"5,500.00",564684.88
19-01-2025,UPI/CR/912607121057/Mohit/HDFC/mohit.bose@okaxis/UPI,757948985704,,"10,900.47",575585.35
20-01-2025,UPI/DR/919692788625/Ashish/BARB/ashish.verma@apl/UPI,145258410772,"19,050.70",,556534.65
20-01-2025,ATM CASH WITHDRAWAL/05475/CHANDIGARH,390514974950,"1,500.00",,555034.65
20-01-2025,UPI/DR/618744072129/BSNL/ICICI/bsnlbroadband@upi/UPI,619806337650,990.45,,554044.20
21-01-2025,UPI/DR/187654219409/MSEDCL/UPIN/msedclpayment@upi/UPI,875983537535,"3,650.92",,550393.28
21-01-2025,UPI/DR/272207684503/PhonePe/ICICI/phonepe@ybl/UPI,028322935622,"1,240.70",,549152.58
22-01-2025,UPI/DR/984613425883/Vi/PAYTM/vi@airtelaxis/UPI,485610870425,529.00,,548623.58
22-01-2025,UPI/CR/222450498779/Ashish/UCBA/1928602444@axl/UPI,067448218642,,"14,200.85",562824.43
22-01-2025,UPI/DR/499128164758/Ola/PAYTM/olamoney@ola/UPI,626887231493,820.64,,562003.79
22-01-2025,UPI/DR/121699862380/Rapido/PAYTM/rapido@icici/UPI,971759881846,350.55,,561653.24
22-01-2025,UPI/DR/617275074324/Jio/ICICI/jio@paytm/UPI,940758976013,"2,570.26",,559082.98
23-01-2025,UPI/DR/078159184183/Netmeds/ICICI/netmeds@paytm/UPI,559819332424,990.38,,558092.60
23-01-2025,POS V MART CHANDIGARH,375367018427,850.75,,557241.85
24-01-2025,UPI/DR/465598288885/Amit/UTIB/amit.gupta@kotak/UPI,288710608067,"21,850.59",,535391.26
24-01-2025,UPI/DR/954715772375/Mina/SBIN/minaroy85@okaxis/UPI,826420288811,"4,900.34",,530490.92
24-01-2025,UPI/CR/033200845521/Ramesh/UTIB/ramesh404@ibl/UPI,946095931004,,"8,700.32",539191.24
25-01-2025,UPI/DR/567680697997/Vi/PAYTM/vi@airtelaxis/UPI,170009795627,809.00,,538382.24
26-01-2025,TRANSACTION CHARGES,689118612449,320.00,,538062.24
26-01-2025,UPI/CR/983638786230/Prashant/SBIN/prashant.mehta@ibl/UPI,517552895987,,"20,800.81",558863.05
26-01-2025,GST ON CHARGES,005366306636,57.60,,558805.45
26-01-2025,UPI/DR/428843558804/Indane/ICICI/indanegas@upi/UPI,451440191257,"1,700.46",,557104.99
27-01-2025,POS RELIANCE PETROLEUM CHANDIGA,376141658437,"3,850.95",,553254.04
27-01-2025,UPI/DR/735495668873/Uber/ICICI/uber@paytm/UPI,514206914637,"1,080.82",,552173.22
28-01-2025,UPI/CR/161433974830/Kavita/BARB/kavita.menon@aubank/UPI,120471436504,,"2,200.75",554373.97
30-01-2025,POS RELIANCE PETROLEUM CHANDIGA,760893609295,"1,000.98",,553372.99
30-01-2025,UPI/CR/851594719928/Vijay/UCBA/vijaygupt28@aubank/UPI,004092455377,,"9,600.49",562973.48
31-01-2025,UPI/DR/654469309462/PhonePe/ICICI/phonepe@ybl/UPI,469693493606,920.32,,562053.16
01-02-2025,SALARY CREDIT/S8310486068747/Madura Garments Pvt Ltd,843077081615,,"117,809.69",679862.85
01-02-2025,UPI/DR/626137873039/Vivek/BARB/2519534397@paytm/UPI,967439180404,"3,500.16",,676362.69
02-02-2025,UPI/DR/378419393005/Babita/FDRL/babita151@ibl/UPI,460815067059,"12,300.47",,664062.22
04-02-2025,UPI/DR/118331923568/Jyoti/FDRL/jyoti161@ptyes/UPI,106673568063,"15,500.35",,648561.87
04-02-2025,POS VISHAL MEGA MART CHANDIGARH,046241380353,"4,450.66",,644111.21
05-02-2025,NACH/MANDATE/LN900669840349/Tata Capital Finance,943407141490,"17,000.00",,627111.21
06-02-2025,NACH/MANDATE/RNT9561165/RENT MANDATE,859934546238,"15,000.00",,612111.21
06-02-2025,UPI/DR/488591895589/Meesho/PAYTM/meesho@ybl/UPI,690205797163,"6,000.78",,606110.43
06-02-2025,UPI/DR/825717501005/Ola/PAYTM/olamoney@ola/UPI,113773705352,640.31,,605470.12
07-02-2025,UPI/CR/097114227784/Vishal/HDFC/vishaldutt82@axl/UPI,573200019482,,"9,800.95",615271.07
07-02-2025,POS HP PETROL PUMP CHANDIGA,775225774907,"1,000.27",,614270.80
09-02-2025,UPI/CR/031635375709/Shreya/BARB/4923841392@aubank/UPI,918379636535,,"15,300.53",629571.33
09-02-2025,UPI/DR/024275516176/Sumit/PUNB/2850391906@okaxis/UPI,451450766021,550.42,,629020.91
09-02-2025,UPI/DR/395920591758/Nikhil/UCBA/nikhilverm16@pthdfc/UPI,910503161051,"12,950.77",,616070.14
09-02-2025,UPI/CR/040888907775/Deepak/BARB/deepakyada17@ptsbi/UPI,811541634335,,"11,200.29",627270.43
10-02-2025,UPI/DR/151014200087/Jio/ICICI/jio@paytm/UPI,331976460002,"1,950.32",,625320.11
10-02-2025,UPI/DR/852960628822/Ola/PAYTM/olamoney@ola/UPI,227651370290,730.93,,624589.18
10-02-2025,UPI/DR/468054365614/Renu/BKID/renumish56@ybl/UPI,174973405541,"16,950.69",,607638.49
11-02-2025,UPI/DR/838828432857/Amazon/ICICI/amazon@apl/UPI,975195555034,540.25,,607098.24
11-02-2025,UPI/DR/914160193392/Aditya/LICI/licindia@licindia/UPI,132560772227,"7,600.00",,599498.24
13-02-2025,UPI/DR/296581450291/Ola/PAYTM/olamoney@ola/UPI,701295487244,540.84,,598957.40
13-02-2025,UPI/DR/666728495406/BSNL/ICICI/bsnlbroadband@upi/UPI,587603199072,"2,210.57",,596746.83
13-02-2025,UPI/DR/027591884439/Ola/PAYTM/olamoney@ola/UPI,031885112184,840.43,,595906.40
14-02-2025,UPI/DR/168661939399/Vi/PAYTM/vi@airtelaxis/UPI,637503400719,439.00,,595467.40
14-02-2025,POS SHELL FUEL STATION CHANDIGA,448495518476,"3,900.56",,591566.84
14-02-2025,ATM CASH WITHDRAWAL/25813/CHANDIGARH,746246773680,"7,500.00",,584066.84
14-02-2025,UPI/DR/015985932626/BSNL/ICICI/bsnlbroadband@upi/UPI,800764415095,"1,970.26",,582096.58
14-02-2025,UPI/DR/946917048544/Swiggy/ICICI/swiggy@icici/UPI,985747256561,"1,180.76",,580915.82
15-02-2025,UPI/DR/704753016284/Hathway/RAZORPAY/broadband@paytm/UPI,256724435965,399.00,,580516.82
16-02-2025,UPI/DR/802872003280/Seema/BDBL/seemakapo75@pthdfc/UPI,502069547624,550.83,,579965.99
16-02-2025,POS LIFESTYLE STORES CHANDIGARH,606258773582,"4,450.91",,575515.08
17-02-2025,UPI/CR/354336338790/Neha/UTIB/neha.nair@okhdfcbank/UPI,175446743521,,750.63,576265.71
17-02-2025,POS BRAND FACTORY CHANDIGARH,501155721893,"7,600.75",,568664.96
17-02-2025,UPI/DR/094375492599/Vi/PAYTM/vi@airtelaxis/UPI,923834401890,479.00,,568185.96
18-02-2025,UPI/DR/342627434985/Sunita/FDRL/8327423547@ptyes/UPI,746190064697,"8,150.90",,560035.06
18-02-2025,UPI/DR/709205583547/BSNL/ICICI/bsnlbroadband@upi/UPI,997311845990,950.60,,559084.46
19-02-2025,ATM CASH WITHDRAWAL/95482/CHANDIGARH,560002836391,"9,500.00",,549584.46
19-02-2025,UPI/CR/733930525765/Babita/BDBL/babitapand47@oksbi/UPI,534308788970,,"21,250.88",570835.34
19-02-2025,UPI/DR/994796491448/Indane/ICICI/indanegas@upi/UPI,580271046776,"2,500.01",,568335.33
19-02-2025,UPI/CR/438042336890/Yogesh/FDRL/yogeshagar84@ptyes/UPI,786895458133,,"20,200.97",588536.30
20-02-2025,POS INDIAN OIL CHANDIGA,622754560673,"1,550.80",,586985.50
20-02-2025,UPI/CR/130448140227/Varun/SBIN/4974146108@okaxis/UPI,322276782099,,"1,600.38",588585.88
21-02-2025,UPI/CR/035101609582/Vivek/UCBA/vivek.rao@ibl/UPI,591730789514,,"4,250.76",592836.64
22-02-2025,UPI/CR/150651605841/Suresh/KKBK/0957119607@apl/UPI,452180653975,,"2,100.76",594937.40
22-02-2025,UPI/DR/981681662438/MSEDCL/UPIN/msedclpayment@upi/UPI,067828418676,"2,050.32",,592887.08
22-02-2025,UPI/DR/976485775605/Spotify/ICICI/spotify@icici/UPI,793680422698,549.00,,592338.08
22-02-2025,UPI/DR/206323755514/BigBasket/ICICI/bigbasket@ybl/UPI,684094046028,"1,010.66",,591327.42
23-02-2025,POS MORE SUPER MARKET CHANDIGARH,947617355915,"4,300.75",,587026.67
24-02-2025,UPI/DR/237601534747/Vi/PAYTM/vi@airtelaxis/UPI,362860807608,639.00,,586387.67
26-02-2025,UPI/DR/473186290946/Ola/PAYTM/olamoney@ola/UPI,919177107244,600.05,,585787.62
26-02-2025,POS PANTALOONS CHANDIGARH,146966699831,"3,700.96",,582086.66
26-02-2025,UPI/CR/341477423541/Rajan/KKBK/rajan.thapar@aubank/UPI,480004769374,,"14,200.31",596286.97
27-02-2025,POS LIFESTYLE STORES CHANDIGARH,700822380596,"3,900.91",,592386.06
27-02-2025,ATM CASH WITHDRAWAL/71936/CHANDIGARH,300912668637,"9,500.00",,582886.06
28-02-2025,UPI/DR/273003671145/Rapido/PAYTM/rapido@icici/UPI,632969404035,440.37,,582445.69
28-02-2025,UPI/CR/879640062089/Rani/PUNB/5202596902@aubank/UPI,715377333234,,100.49,582546.18
01-03-2025,SALARY CREDIT/S8351949609425/Madura Garments Pvt Ltd,573652439398,,"115,885.69",698431.87
01-03-2025,UPI/CR/664336433449/Maya/KKBK/maya669@pthdfc/UPI,090911894760,,"17,900.91",716332.78
01-03-2025,POS VISHAL MEGA MART CHANDIGARH,653429005956,"7,900.60",,708432.18
02-03-2025,UPI/DR/598471422421/Flipkart/ICICI/flipkart@ybl/UPI,435568414063,"2,670.79",,705761.39
02-03-2025,UPI/DR/785913980559/Saurabh/BDBL/saurabh385@ptaxis/UPI,940237759620,"17,500.08",,688261.31
02-03-2025,UPI/DR/230486572642/Ola/PAYTM/olamoney@ola/UPI,575663055522,830.38,,687430.93
02-03-2025,UPI/CR/521337458988/Swati/BARB/swati655@ptaxis/UPI,339366383169,,300.18,687731.11
02-03-2025,UPI/DR/396740573609/Prashant/KKBK/prashant.malhotra@pthdfc/UPI,997444175294,"1,550.78",,686180.33
02-03-2025,UPI/DR/386182297987/Jio/ICICI/jio@paytm/UPI,113040800305,"2,070.37",,684109.96
02-03-2025,UPI/DR/693889495243/Myntra/ICICI/myntra@ybl/UPI,499937595091,249.00,,683860.96
02-03-2025,POS PANTALOONS CHANDIGARH,413976136285,"1,400.32",,682460.64
02-03-2025,UPI/DR/783500037020/Sarita/FDRL/saritaroy99@ibl/UPI,718644836463,"5,500.49",,676960.15
02-03-2025,POS STAR BAZAAR CHANDIGARH,505470068690,"7,650.41",,669309.74
03-03-2025,UPI/DR/285630765563/Kavita/HDFC/kavita.joshi@oksbi/UPI,776736188356,"6,250.57",,663059.17
03-03-2025,ATM CASH WITHDRAWAL/16191/CHANDIGARH,030887404932,"6,000.00",,657059.17
03-03-2025,NACH/MANDATE/LN900669840349/Tata Capital Finance,261667102802,"17,000.00",,640059.17
03-03-2025,UPI/DR/139084913444/Manish/KKBK/6876820880@upi/UPI,277644524904,"16,000.37",,624058.80
03-03-2025,UPI/DR/614792360186/Amazon/PAYTM/amazon@apl/UPI,097048962058,"4,600.68",,619458.12
04-03-2025,POS PANTALOONS CHANDIGARH,612248779970,"8,150.55",,611307.57
04-03-2025,UPI/DR/312659053305/Zomato/ICICI/zomato@axisbank/UPI,253036303656,950.13,,610357.44
05-03-2025,POS PANTALOONS CHANDIGARH,931593059144,"4,850.74",,605506.70
05-03-2025,NACH/MANDATE/RNT5231455/RENT MANDATE,348270720767,"15,000.00",,590506.70
05-03-2025,UPI/DR/549214011145/Flipkart/PAYTM/flipkart@ybl/UPI,763096449996,"4,050.78",,586455.92
06-03-2025,UPI/DR/219186638692/Aditya/LICI/licindia@licindia/UPI,644745147322,"7,600.00",,578855.92
07-03-2025,UPI/DR/833963354112/Paytm/ICICI/paytm@paytm/UPI,389759337126,"1,800.18",,577055.74
07-03-2025,UPI/DR/537378947677/Manish/UTIB/manishmeno65@paytm/UPI,440612224177,"2,500.98",,574554.76
08-03-2025,UPI/DR/696851439155/Rajesh/HDFC/6266189328@ibl/UPI,018367197495,"21,450.96",,553103.80
09-03-2025,UPI/DR/468728440258/Vi/PAYTM/vi@airtelaxis/UPI,067445290967,429.00,,552674.80
09-03-2025,UPI/DR/171634687771/Amazon/ICICI/amazon@apl/UPI,870140046865,430.25,,552244.55
09-03-2025,POS INDIAN OIL CHANDIGA,603689907387,"2,300.86",,549943.69
09-03-2025,UPI/DR/886030990790/Vi/PAYTM/vi@airtelaxis/UPI,447014123554,649.00,,549294.69
09-03-2025,UPI/DR/171032828858/Flipkart/ICICI/flipkart@ybl/UPI,761758011870,"2,030.12",,547264.57
09-03-2025,POS STAR BAZAAR CHANDIGARH,631908696279,"2,650.82",,544613.75
10-03-2025,UPI/DR/917579120714/Pankaj/KKBK/pankaj476@axl/UPI,345003872351,"6,900.52",,537713.23
10-03-2025,UPI/DR/539302540553/Vi/PAYTM/vi@airtelaxis/UPI,930163699788,439.00,,537274.23
10-03-2025,UPI/CR/047168827315/Asha/BDBL/asha850@aubank/UPI,127674378430,,"20,950.36",558224.59
10-03-2025,UPI/DR/338623853806/Uber/ICICI/uber@paytm/UPI,523260190446,510.22,,557714.37
11-03-2025,UPI/DR/846524294792/BigBasket/ICICI/bigbasket@ybl/UPI,171070311684,"2,720.82",,554993.55
11-03-2025,UPI/DR/814818201113/Swiggy/ICICI/swiggy@icici/UPI,218201505233,"2,340.07",,552653.48
11-03-2025,UPI/DR/486868243042/Spotify/ICICI/spotify@icici/UPI,799764024511,899.00,,551754.48
12-03-2025,UPI/DR/616026324406/MSEDCL/UPIN/msedclpayment@upi/UPI,028250926514,"2,050.00",,549704.48
12-03-2025,UPI/DR/335025988916/Vi/PAYTM/vi@airtelaxis/UPI,180084200828,339.00,,549365.48
12-03-2025,UPI/DR/037437581935/Netmeds/ICICI/netmeds@paytm/UPI,642757842031,400.67,,548964.81
13-03-2025,UPI/DR/662241638682/Gopal/HDFC/8603269043@kotak/UPI,714884165914,"16,200.80",,532764.01
13-03-2025,UPI/DR/844055468368/Vi/PAYTM/vi@airtelaxis/UPI,868664348771,209.00,,532555.01
13-03-2025,UPI/DR/191896332997/Hathway/RAZORPAY/broadband@paytm/UPI,979275099734,999.00,,531556.01
14-03-2025,UPI/DR/469961251700/Rapido/PAYTM/rapido@icici/UPI,765217480019,480.52,,531075.49
14-03-2025,UPI/CR/684917217536/Rajan/HDFC/rajan828@oksbi/UPI,698425790098,,"12,600.56",543676.05
14-03-2025,UPI/DR/006311625653/BigBasket/ICICI/bigbasket@ybl/UPI,264125017966,"1,250.74",,542425.31
14-03-2025,UPI/DR/847271382169/Uber/PAYTM/uber@paytm/UPI,110730078059,630.19,,541795.12
15-03-2025,UPI/CR/315962554255/Vikram/BARB/vikram635@oksbi/UPI,691184443778,,"7,600.53",549395.65
16-03-2025,UPI/CR/097712879419/Manoj/UTIB/3609571242@pthdfc/UPI,301417483155,,"7,550.61",556946.26
16-03-2025,POS BRAND FACTORY CHANDIGARH,182727110381,"5,100.63",,551845.63
17-03-2025,UPI/CR/533600654565/Vikas/PUNB/vikas.menon@ptyes/UPI,020692901699,,"14,650.31",566495.94
17-03-2025,UPI/DR/903415495049/Swiggy/ICICI/swiggy@icici/UPI,736778991562,"1,750.09",,564745.85
18-03-2025,ATM CASH WITHDRAWAL/60438/CHANDIGARH,367289867695,"7,000.00",,557745.85
18-03-2025,UPI/CR/862132096686/Ashish/BARB/ashishsen90@paytm/UPI,549713565056,,"1,100.62",558846.47
19-03-2025,UPI/DR/023336228393/Ritu/BARB/ritudube68@ptyes/UPI,451422283695,"21,050.84",,537795.63
21-03-2025,UPI/CR/065492930476/Shreya/BDBL/shreya.tiwari@pthdfc/UPI,921908259034,,"11,000.28",548795.91
21-03-2025,POS INDIAN OIL CHANDIGA,488978914908,"2,500.13",,546295.78
22-03-2025,POS BHARAT PETROLEUM CHANDIGA,415171867569,"2,700.34",,543595.44
22-03-2025,UPI/DR/761347486724/Indane/ICICI/indanegas@upi/UPI,448616949468,"1,750.78",,541844.66
23-03-2025,ATM CASH WITHDRAWAL/27964/CHANDIGARH,255852543324,"6,500.00",,535344.66
24-03-2025,UPI/CR/851639435429/Pankaj/BARB/pankajchau28@apl/UPI,841343159219,,"8,800.75",544145.41
24-03-2025,UPI/CR/443406325569/Ravi/PUNB/ravi.pillai@okicici/UPI,551228876072,,"2,100.33",546245.74
26-03-2025,UPI/DR/900605109086/Deepak/BDBL/deepak108@apl/UPI,931898514343,"3,850.41",,542395.33
26-03-2025,POS LIFESTYLE STORES CHANDIGARH,283246674324,"3,000.12",,539395.21
27-03-2025,POS MAX FASHION CHANDIGARH,844468941371,"4,000.77",,535394.44
28-03-2025,UPI/DR/731892910207/Seema/UCBA/seema672@ptaxis/UPI,984875796701,"1,550.56",,533843.88
28-03-2025,INTEREST CREDIT,547784123017,,925.72,534769.60
30-03-2025,UPI/DR/342822076722/Blinkit/ICICI/blinkit@kotak/UPI,161657733745,780.04,,533989.56
30-03-2025,POS INDIAN OIL CHANDIGA,352499456426,"2,550.00",,531439.56
30-03-2025,UPI/DR/416334099453/Zepto/ICICI/zepto@apl/UPI,071343845111,480.25,,530959.31
31-03-2025,UPI/CR/446030376829/Usha/BDBL/ushathap35@kotak/UPI,715235970021,,"17,100.58",548059.89
01-04-2025,SALARY CREDIT/S1741595909545/Madura Garments Pvt Ltd,221894330315,,"117,850.69",665910.58
01-04-2025,UPI/DR/065425676071/Dunzo/ICICI/dunzo@razorpay/UPI,314072873410,410.87,,665499.71
02-04-2025,POS SHOPPERS STOP CHANDIGARH,562760013320,"2,700.97",,662798.74
02-04-2025,UPI/DR/431919412149/Ola/PAYTM/olamoney@ola/UPI,558767427906,120.60,,662678.14
02-04-2025,ATM CASH WITHDRAWAL/18216/CHANDIGARH,595835271393,"3,500.00",,659178.14
03-04-2025,UPI/CR/780137935946/Rajesh/UTIB/8018393686@okaxis/UPI,967152805856,,"18,700.56",677878.70
03-04-2025,UPI/DR/220310719547/Uber/PAYTM/uber@paytm/UPI,892183631390,570.09,,677308.61
03-04-2025,UPI/DR/126077261433/Vi/PAYTM/vi@airtelaxis/UPI,249256148491,969.00,,676339.61
03-04-2025,UPI/DR/930222303524/Ola/PAYTM/olamoney@ola/UPI,283457448089,770.84,,675568.77
03-04-2025,NACH/MANDATE/LN900669840349/Tata Capital Finance,203000693679,"17,000.00",,658568.77
03-04-2025,UPI/DR/148817665696/Renu/UCBA/renudesa92@apl/UPI,218884606096,"6,500.13",,652068.64
04-04-2025,UPI/DR/588912116075/BigBasket/ICICI/bigbasket@ybl/UPI,536896753533,420.63,,651648.01
04-04-2025,POS VISHAL MEGA MART CHANDIGARH,211173565350,750.22,,650897.79
05-04-2025,UPI/DR/067922137675/Sunil/FDRL/7368471624@ibl/UPI,474322035603,"19,650.29",,631247.50
06-04-2025,UPI/DR/191555683623/Nykaa/PAYTM/nykaa@razorpay/UPI,553271809601,"2,000.16",,629247.34
06-04-2025,UPI/DR/495963249874/Zepto/ICICI/zepto@apl/UPI,945234942281,"2,170.21",,627077.13
06-04-2025,NACH/MANDATE/RNT1121006/RENT MANDATE,050795439417,"15,000.00",,612077.13
06-04-2025,UPI/DR/871118479820/Ola/ICICI/olamoney@ola/UPI,017804961961,"2,150.62",,609926.51
06-04-2025,UPI/DR/376549484569/Zomato/ICICI/zomato@axisbank/UPI,886869247590,"1,730.71",,608195.80
07-04-2025,ATM CASH WITHDRAWAL/55481/CHANDIGARH,154931042932,"4,500.00",,603695.80
07-04-2025,UPI/DR/121396677529/Maya/SBIN/mayachau52@pthdfc/UPI,546053615095,"21,050.57",,582645.23
07-04-2025,UPI/DR/542004125446/Uber/ICICI/uber@paytm/UPI,030941679831,450.96,,582194.27
08-04-2025,UPI/DR/105649961726/Rapido/PAYTM/rapido@icici/UPI,758037972544,710.17,,581484.10
08-04-2025,UPI/DR/156734337986/Lalit/SBIN/7137492200@kotak/UPI,550830049172,"4,700.13",,576783.97
08-04-2025,UPI/DR/825707936310/Gaurav/PUNB/5587969747@okicici/UPI,925644713225,"14,450.40",,562333.57
08-04-2025,UPI/DR/607739528164/Blinkit/ICICI/blinkit@kotak/UPI,392866872497,"1,780.29",,560553.28
09-04-2025,UPI/CR/044824176656/Rajesh/SBIN/9067995353@oksbi/UPI,124736858174,,"21,250.82",581804.10
09-04-2025,UPI/DR/940406023174/Aditya/LICI/licindia@licindia/UPI,149414107157,"7,600.00",,574204.10
10-04-2025,POS BIG BAZAAR CHANDIGARH,526497161197,"4,300.69",,569903.41
10-04-2025,POS SHELL FUEL STATION CHANDIGA,689815462648,"2,750.74",,567152.67
11-04-2025,UPI/DR/877889089422/MSEDCL/UPIN/msedclpayment@upi/UPI,861035581235,"3,850.10",,563302.57
13-04-2025,UPI/DR/410939992665/Zepto/ICICI/zepto@apl/UPI,060749852646,520.08,,562782.49
13-04-2025,UPI/DR/365938037934/Vi/PAYTM/vi@airtelaxis/UPI,676379933386,929.00,,561853.49
14-04-2025,POS INDIAN OIL CHANDIGA,013717911259,"3,200.68",,558652.81
14-04-2025,UPI/DR/224331845846/Zepto/ICICI/zepto@apl/UPI,394764513598,"1,690.58",,556962.23
15-04-2025,ATM CASH WITHDRAWAL/93256/CHANDIGARH,409082732608,"5,000.00",,551962.23
15-04-2025,UPI/DR/843367083737/Vi/PAYTM/vi@airtelaxis/UPI,874419525370,819.00,,551143.23
16-04-2025,UPI/DR/511456256058/BigBasket/ICICI/bigbasket@ybl/UPI,146587073279,"1,770.34",,549372.89
17-04-2025,UPI/DR/326995568699/Paytm/ICICI/paytm@paytm/UPI,436516272688,"2,560.76",,546812.13
17-04-2025,UPI/DR/978722792374/Uber/PAYTM/uber@paytm/UPI,485692928443,220.80,,546591.33
18-04-2025,UPI/DR/666773611638/Vijay/SBIN/vijay749@ibl/UPI,088050532098,"3,200.90",,543390.43
19-04-2025,ATM CASH WITHDRAWAL/56533/CHANDIGARH,430002857076,"4,000.00",,539390.43
19-04-2025,UPI/DR/167398514540/Dunzo/ICICI/dunzo@razorpay/UPI,957003149373,"2,360.93",,537029.50
20-04-2025,UPI/CR/113018356508/Sumit/BDBL/sumit.iyer@upi/UPI,007170959586,,"19,400.69",556430.19
20-04-2025,UPI/DR/960854042020/Vi/PAYTM/vi@airtelaxis/UPI,835015224789,689.00,,555741.19
22-04-2025,UPI/DR/903015316932/Flipkart/PAYTM/flipkart@ybl/UPI,240605641273,"5,950.85",,549790.34
22-04-2025,UPI/DR/138487342514/Vi/PAYTM/vi@airtelaxis/UPI,120639849398,259.00,,549531.34
24-04-2025,UPI/DR/594340707736/Indane/ICICI/indanegas@upi/UPI,140035037843,"1,750.30",,547781.04
25-04-2025,UPI/DR/324979914511/Poonam/KKBK/8646825214@upi/UPI,446256788193,"2,500.25",,545280.79
26-04-2025,UPI/DR/336440248990/Sarita/BKID/saritabose76@okicici/UPI,041821127444,"4,650.58",,540630.21
26-04-2025,UPI/DR/048939684128/Flipkart/PAYTM/flipkart@ybl/UPI,470619767313,700.92,,539929.29
27-04-2025,ATM CASH WITHDRAWAL/75294/CHANDIGARH,986719238295,"1,000.00",,538929.29
27-04-2025,UPI/DR/229634233230/Uber/ICICI/uber@paytm/UPI,189750300141,"1,020.90",,537908.39
27-04-2025,UPI/DR/083067646970/Poonam/SBIN/7253230540@ptyes/UPI,249599882638,"18,400.86",,519507.53
30-04-2025,UPI/DR/149887041791/Flipkart/ICICI/flipkart@ybl/UPI,571151008655,"2,310.48",,517197.05
30-04-2025,UPI/DR/756024617410/Vikram/BDBL/1383501934@paytm/UPI,027628429944,"1,350.77",,515846.28
30-04-2025,UPI/DR/968873901456/Dunzo/ICICI/dunzo@razorpay/UPI,150905154960,120.89,,515725.39
30-04-2025,POS RELIANCE PETROLEUM CHANDIGA,840917330289,"3,550.91",,512174.48
01-05-2025,UPI/DR/875349818341/Shivam/UCBA/shivam166@oksbi/UPI,276579055998,"19,150.08",,493024.40
01-05-2025,UPI/DR/770168401457/Swiggy/ICICI/swiggy@icici/UPI,291719336572,340.62,,492683.78
02-05-2025,UPI/DR/648374171061/Abhishek/PUNB/abhisheksing90@okicici/UPI,193397374958,"2,300.30",,490383.48
03-05-2025,SALARY CREDIT/S2986557409395/Madura Garments Pvt Ltd,562719730753,,"118,989.69",609373.17
04-05-2025,IMPS/P2M/005092510691//Harish Shah/HDFC,797913354910,"14,700.22",,594672.95
04-05-2025,POS MORE SUPER MARKET CHANDIGARH,346072185085,"3,500.54",,591172.41
05-05-2025,UPI/DR/895361462828/Rapido/PAYTM/rapido@icici/UPI,484815262293,350.79,,590821.62
05-05-2025,UPI/DR/090478842839/Sneha/BKID/sneha178@ptyes/UPI,448176200664,"10,650.11",,580171.51
05-05-2025,POS STAR BAZAAR CHANDIGARH,251655026337,"4,050.62",,576120.89
05-05-2025,UPI/DR/668802626415/Amazon/ICICI/amazon@apl/UPI,713401814892,"2,450.07",,573670.82
06-05-2025,POS MAX FASHION CHANDIGARH,600959608624,"1,300.63",,572370.19
06-05-2025,UPI/DR/195516357818/Dunzo/ICICI/dunzo@razorpay/UPI,908865036980,"1,310.51",,571059.68
06-05-2025,ATM CASH WITHDRAWAL/14479/CHANDIGARH,034299727413,"2,500.00",,568559.68
07-05-2025,UPI/DR/874977855689/Vi/PAYTM/vi@airtelaxis/UPI,510146864150,509.00,,568050.68
07-05-2025,NACH/MANDATE/LN900669840349/Tata Capital Finance,966790335794,"17,000.00",,551050.68
08-05-2025,NACH/MANDATE/RNT7878897/RENT MANDATE,477840785964,"15,000.00",,536050.68
09-05-2025,NEFT/N6219438331070/Maruti Suzuki India,952520956419,,"23,000.78",559051.46
10-05-2025,POS RELIANCE PETROLEUM CHANDIGA,256387262696,"2,600.54",,556450.92
10-05-2025,UPI/DR/263820997566/MSEDCL/UPIN/msedclpayment@upi/UPI,751187735546,"1,600.95",,554849.97
10-05-2025,UPI/DR/824932604080/Flipkart/PAYTM/flipkart@ybl/UPI,714943557770,"4,350.73",,550499.24
10-05-2025,UPI/DR/954358327954/Aditya/LICI/licindia@licindia/UPI,674524335962,"7,600.00",,542899.24
10-05-2025,UPI/CR/797902338817/Vishal/UTIB/8477826892@aubank/UPI,764438472583,,"12,800.69",555699.93
11-05-2025,UPI/CR/537138017141/Renu/HDFC/7956913719@upi/UPI,959580519876,,"15,200.39",570900.32
11-05-2025,UPI/CR/362559278238/Rekha/FDRL/5196857598@oksbi/UPI,871645879257,,"15,150.39",586050.71
12-05-2025,UPI/DR/332705845466/Divya/HDFC/divya.iyer@aubank/UPI,363306194767,"5,600.84",,580449.87
13-05-2025,UPI/CR/646042106571/Brijesh/KKBK/brijeshrao99@ptsbi/UPI,737707918019,,"10,750.36",591200.23
14-05-2025,UPI/DR/546534125559/BSNL/ICICI/bsnlbroadband@upi/UPI,987936814472,580.77,,590619.46
14-05-2025,UPI/DR/063409427884/Girish/KKBK/girish221@axl/UPI,351821467162,"21,500.13",,569119.33
14-05-2025,UPI/DR/819792236666/Rapido/PAYTM/rapido@icici/UPI,945875958144,490.99,,568628.34
14-05-2025,UPI/DR/909853573517/Mohan/UCBA/mohan300@kotak/UPI,964524891991,"20,200.05",,548428.29
14-05-2025,UPI/DR/932267484672/Jio/ICICI/jio@paytm/UPI,888548210491,"2,770.27",,545658.02
14-05-2025,POS RELIANCE MART CHANDIGARH,723695507636,"3,050.82",,542607.20
16-05-2025,UPI/DR/548266919741/Shreya/BARB/1573976619@kotak/UPI,862036678282,"12,400.49",,530206.71
16-05-2025,UPI/DR/774420437863/Anil/BARB/anildesa39@axl/UPI,807183424589,"15,650.40",,514556.31
16-05-2025,UPI/DR/802747664662/Sunita/HDFC/sunita.ghosh@paytm/UPI,473790963888,"8,950.96",,505605.35
17-05-2025,POS VISHAL MEGA MART CHANDIGARH,654309727590,"1,550.68",,504054.67
17-05-2025,UPI/DR/471064941832/Kunal/FDRL/kunal.singh@ptaxis/UPI,518844928529,"14,700.44",,489354.23
19-05-2025,UPI/DR/483307631386/Jio/ICICI/jio@paytm/UPI,635490554374,"1,500.43",,487853.80
20-05-2025,POS BIG BAZAAR CHANDIGARH,352171786240,"8,150.74",,479703.06
20-05-2025,UPI/CR/901053193065/Priya/PUNB/priyabane71@pthdfc/UPI,138241869231,,"3,300.05",483003.11
20-05-2025,UPI/CR/217653517194/Sunil/UCBA/sunilpate90@ptsbi/UPI,570121906137,,"10,850.31",493853.42
21-05-2025,UPI/CR/377369193293/Sneha/SBIN/sneha499@okicici/UPI,748031008828,,"16,750.10",510603.52
22-05-2025,UPI/CR/195903771641/Kapil/FDRL/kapilahuj40@paytm/UPI,297171982517,,"4,550.56",515154.08
23-05-2025,UPI/DR/160348845562/Indane/ICICI/indanegas@upi/UPI,806733940051,"2,650.70",,512503.38
23-05-2025,UPI/DR/798012409162/Mina/BDBL/minadutt60@ptaxis/UPI,803720420466,"21,250.46",,491252.92
24-05-2025,UPI/DR/662258124676/1mg/ICICI/tatahealth@icici/UPI,019346618290,"1,050.39",,490202.53
24-05-2025,UPI/DR/943405703376/Vijay/UTIB/vijaynair51@oksbi/UPI,746730743743,"13,450.57",,476751.96
26-05-2025,UPI/DR/817146393993/Ola/ICICI/olamoney@ola/UPI,986982798282,"2,500.10",,474251.86
26-05-2025,TRANSACTION CHARGES,944949116793,240.00,,474011.86
26-05-2025,UPI/DR/871681312272/Hathway/RAZORPAY/broadband@paytm/UPI,174536957397,"1,149.00",,472862.86
26-05-2025,POS HP PETROL PUMP CHANDIGA,297306377768,"2,400.77",,470462.09
26-05-2025,GST ON CHARGES,342546522426,43.20,,470418.89
26-05-2025,UPI/DR/282986108515/Uber/PAYTM/uber@paytm/UPI,113181091093,720.96,,469697.93
28-05-2025,UPI/DR/469894778849/Swiggy/ICICI/swiggy@icici/UPI,417679961903,"1,450.65",,468247.28
29-05-2025,UPI/DR/359842265089/Gaurav/BARB/6553010754@okaxis/UPI,101979502145,"12,150.49",,456096.79
29-05-2025,POS BRAND FACTORY CHANDIGARH,897620393910,"7,350.29",,448746.50
29-05-2025,UPI/DR/776269788953/Abhishek/PUNB/2270683531@ptyes/UPI,186722557658,"21,500.19",,427246.31
29-05-2025,UPI/DR/157667004831/Paytm/ICICI/paytm@paytm/UPI,001482966172,"2,130.40",,425115.91
29-05-2025,UPI/DR/948370319585/Dunzo/ICICI/dunzo@razorpay/UPI,102682837786,"2,490.52",,422625.39
29-05-2025,UPI/DR/037682908638/Vi/PAYTM/vi@airtelaxis/UPI,859398517347,629.00,,421996.39
30-05-2025,UPI/DR/116701282735/Ola/ICICI/olamoney@ola/UPI,019089294220,"2,120.92",,419875.47
30-05-2025,POS INDIAN OIL CHANDIGA,701088535826,"2,050.80",,417824.67
31-05-2025,POS INDIAN OIL CHANDIGA,470009423854,"1,700.29",,416124.38
31-05-2025,ATM CASH WITHDRAWAL/31274/CHANDIGARH,096610336694,"1,000.00",,415124.38
31-05-2025,UPI/DR/540285228496/Ola/ICICI/olamoney@ola/UPI,388810396322,"1,040.34",,414084.04
01-06-2025,ATM CASH WITHDRAWAL/52569/CHANDIGARH,025763903707,"6,500.00",,407584.04
02-06-2025,UPI/DR/529086450261/Dinesh/FDRL/dinesh.iyer@kotak/UPI,100910789370,"12,200.40",,395383.64
03-06-2025,SALARY CREDIT/S9790989094292/Madura Garments Pvt Ltd,180456457030,,"117,727.69",513111.33
03-06-2025,UPI/DR/980871460503/Swiggy/ICICI/swiggy@icici/UPI,893434769296,"2,480.39",,510630.94
03-06-2025,UPI/CR/402263274265/Varsha/UCBA/varsharedd11@oksbi/UPI,334752047205,,"6,250.49",516881.43
04-06-2025,UPI/CR/536521923682/Jyoti/BARB/jyoti923@oksbi/UPI,378069144510,,"16,650.06",533531.49
04-06-2025,UPI/DR/898628393794/Rapido/PAYTM/rapido@icici/UPI,993969747562,140.94,,533390.55
04-06-2025,UPI/DR/399549745833/Aditya/LICI/licindia@licindia/UPI,883563509546,"7,600.00",,525790.55
05-06-2025,UPI/DR/943461626352/Amazon/ICICI/amazon@apl/UPI,274390052548,"1,740.74",,524049.81
06-06-2025,UPI/DR/582407913301/Meesho/PAYTM/meesho@ybl/UPI,545241813390,"3,900.84",,520148.97
06-06-2025,UPI/DR/152855683557/Nikhil/BDBL/nikhil.bose@axl/UPI,689776569207,"4,100.60",,516048.37
06-06-2025,POS BIG BAZAAR CHANDIGARH,715766400224,"2,800.59",,513247.78
07-06-2025,UPI/DR/234757880408/Meesho/PAYTM/meesho@ybl/UPI,430431910500,"2,650.83",,510596.95
07-06-2025,UPI/DR/400528443507/MedPlus/ICICI/medplus@icici/UPI,720092590375,760.28,,509836.67
08-06-2025,POS BHARAT PETROLEUM CHANDIGA,532049952780,"3,700.62",,506136.05
08-06-2025,NACH/MANDATE/RNT2062649/RENT MANDATE,029139643373,"15,000.00",,491136.05
09-06-2025,UPI/DR/346435798889/Rapido/PAYTM/rapido@icici/UPI,223726712661,220.14,,490915.91
09-06-2025,UPI/DR/889015216503/Swiggy/ICICI/swiggy@icici/UPI,589255695231,400.55,,490515.36
10-06-2025,UPI/DR/729930948644/Poonam/HDFC/poonam228@okaxis/UPI,993368522478,"19,850.30",,470665.06
10-06-2025,ATM CASH WITHDRAWAL/54964/CHANDIGARH,625460874769,"7,500.00",,463165.06
10-06-2025,UPI/DR/432321815359/Blinkit/ICICI/blinkit@kotak/UPI,742970652641,"1,560.35",,461604.71
10-06-2025,UPI/DR/110897515299/MSEDCL/UPIN/msedclpayment@upi/UPI,596565905899,"2,900.80",,458703.91
11-06-2025,UPI/CR/422727735483/Ravi/HDFC/ravipand22@okaxis/UPI,216753493401,,"17,600.87",476304.78
11-06-2025,NACH/MANDATE/LN900669840349/Tata Capital Finance,172812407835,"17,000.00",,459304.78
12-06-2025,UPI/DR/242666591608/Hathway/RAZORPAY/broadband@paytm/UPI,304832448898,849.00,,458455.78
12-06-2025,ATM CASH WITHDRAWAL/77506/CHANDIGARH,603365777033,"2,500.00",,455955.78
13-06-2025,POS INDIAN OIL CHANDIGA,944783768241,850.45,,455105.33
13-06-2025,UPI/DR/015558025546/Ola/PAYTM/olamoney@ola/UPI,142056022262,830.12,,454275.21
13-06-2025,UPI/CR/936599750365/Vishal/UTIB/vishal.jain@aubank/UPI,443949748907,,"15,300.09",469575.30
14-06-2025,UPI/DR/921983302258/PhonePe/ICICI/phonepe@ybl/UPI,666426170731,890.67,,468684.63
15-06-2025,POS VISHAL MEGA MART CHANDIGARH,725787792801,"2,600.06",,466084.57
16-06-2025,UPI/DR/660219496587/Pooja/UCBA/pooja.srivastava@okaxis/UPI,585454476909,"2,200.34",,463884.23
16-06-2025,POS RELIANCE PETROLEUM CHANDIGA,270323390479,"1,950.38",,461933.85
18-06-2025,UPI/DR/202986643984/Ola/PAYTM/olamoney@ola/UPI,254189632053,380.11,,461553.74
18-06-2025,UPI/DR/389147343232/Spotify/ICICI/spotify@icici/UPI,139785428209,399.00,,461154.74
18-06-2025,UPI/DR/714731749808/BigBasket/ICICI/bigbasket@ybl/UPI,743091072247,"2,270.79",,458883.95
19-06-2025,UPI/DR/262311347618/Zepto/ICICI/zepto@apl/UPI,561917149221,330.53,,458553.42
19-06-2025,UPI/DR/874340414990/Rapido/PAYTM/rapido@icici/UPI,794287580443,560.78,,457992.64
20-06-2025,NEFT/N2234376056732/Hexaware Technologie,416962007673,,"10,500.35",468492.99
20-06-2025,UPI/DR/627688952748/Gaurav/FDRL/gauravjain39@ptsbi/UPI,235671896208,"19,750.97",,448742.02
21-06-2025,UPI/DR/796113483857/Vi/PAYTM/vi@airtelaxis/UPI,748431867691,649.00,,448093.02
21-06-2025,UPI/DR/419348136302/Indane/ICICI/indanegas@upi/UPI,436660152060,800.08,,447292.94
22-06-2025,UPI/CR/530258826814/Mamta/PUNB/mamta104@ptaxis/UPI,859186113858,,"14,000.66",461293.60
22-06-2025,UPI/CR/579408264447/Shivam/HDFC/shivam426@axl/UPI,209659492160,,"1,000.82",462294.42
22-06-2025,UPI/DR/554139821137/Kavya/BKID/kavya.rao@ybl/UPI,482372193155,"8,950.97",,453343.45
22-06-2025,ATM CASH WITHDRAWAL/03188/CHANDIGARH,160226877693,"7,500.00",,445843.45
22-06-2025,UPI/DR/648645139983/Anita/BDBL/5445128155@apl/UPI,177165998999,"7,100.86",,438742.59
23-06-2025,UPI/DR/229831814760/Sunita/BARB/sunitachat32@okaxis/UPI,911768052486,"4,850.88",,433891.71
23-06-2025,POS CENTRAL MALL CHANDIGARH,405470895638,"5,850.21",,428041.50
24-06-2025,UPI/DR/642396944704/Nykaa/ICICI/nykaa@razorpay/UPI,316190265054,699.00,,427342.50
25-06-2025,POS SHELL FUEL STATION CHANDIGA,340223626002,"3,900.88",,423441.62
25-06-2025,UPI/DR/378125622288/Vi/PAYTM/vi@airtelaxis/UPI,924857270063,179.00,,423262.62
25-06-2025,UPI/DR/938421008161/Zepto/ICICI/zepto@apl/UPI,257053167827,890.51,,422372.11
26-06-2025,UPI/DR/647176476518/Pankaj/HDFC/0585125390@pthdfc/UPI,029820323383,"15,850.24",,406521.87
26-06-2025,UPI/DR/116410946772/Asha/UTIB/asha414@apl/UPI,928951452946,"20,550.10",,385971.77
27-06-2025,UPI/DR/585254926841/Ankit/BKID/ankit974@ptaxis/UPI,983774545407,"1,150.58",,384821.19
27-06-2025,UPI/DR/499419636598/Ola/ICICI/olamoney@ola/UPI,887211496360,"2,430.93",,382390.26
27-06-2025,INTEREST CREDIT,138104192648,,420.16,382810.42
27-06-2025,UPI/CR/158503653191/Mukesh/KKBK/mukesh265@upi/UPI,916294783628,,"5,900.27",388710.69
27-06-2025,UPI/DR/565973804615/Vi/PAYTM/vi@airtelaxis/UPI,262468995689,629.00,,388081.69
27-06-2025,UPI/DR/877718538567/Flipkart/ICICI/flipkart@ybl/UPI,140287734569,750.01,,387331.68
28-06-2025,UPI/DR/495674212531/BigBasket/ICICI/bigbasket@ybl/UPI,552000562230,200.07,,387131.61
29-06-2025,UPI/CR/710894732168/Anil/BARB/9777380409@ptaxis/UPI,886266634017,,"12,700.17",399831.78
29-06-2025,POS PANTALOONS CHANDIGARH,053175815369,"5,200.17",,394631.61
29-06-2025,UPI/DR/136431850392/Swiggy/ICICI/swiggy@icici/UPI,458377553010,830.71,,393800.90
30-06-2025,UPI/DR/023954383504/Sanjay/UTIB/sanjay.nambiar@paytm/UPI,836197749644,"13,100.50",,380700.40
01-07-2025,SALARY CREDIT/S7454831843231/Madura Garments Pvt Ltd,675063433611,,"120,588.69",501289.09
01-07-2025,UPI/DR/818891161715/Blinkit/ICICI/blinkit@kotak/UPI,521861262975,"1,340.02",,499949.07
03-07-2025,UPI/DR/092405244742/Vi/PAYTM/vi@airtelaxis/UPI,168624270761,689.00,,499260.07
03-07-2025,ATM CASH WITHDRAWAL/30035/CHANDIGARH,201361329153,"3,000.00",,496260.07
04-07-2025,UPI/DR/910538148704/Vi/PAYTM/vi@airtelaxis/UPI,290722438738,499.00,,495761.07
04-07-2025,NACH/MANDATE/RNT4163228/RENT MANDATE,620480699606,"15,000.00",,480761.07
05-07-2025,UPI/DR/621816921136/Aditya/LICI/licindia@licindia/UPI,350025172720,"7,600.00",,473161.07
06-07-2025,NACH/MANDATE/LN900669840349/Tata Capital Finance,286060351255,"17,000.00",,456161.07
06-07-2025,UPI/DR/420741017539/Vi/PAYTM/vi@airtelaxis/UPI,357233411564,419.00,,455742.07
07-07-2025,UPI/DR/971010352444/Zomato/ICICI/zomato@axisbank/UPI,054407352751,160.76,,455581.31
07-07-2025,UPI/DR/471845583844/Suresh/PUNB/suresh442@ptaxis/UPI,190177585649,"3,300.97",,452280.34
09-07-2025,IMPS/P2M/416167003555//Sapna Kulkarni/UTIB,045674028600,"34,000.52",,418279.82
09-07-2025,UPI/DR/935913692005/Swiggy/ICICI/swiggy@icici/UPI,399433280118,"2,600.20",,415679.62
09-07-2025,UPI/CR/783248086733/Sumit/SBIN/sumit942@paytm/UPI,994638776334,,"3,250.23",418929.85
09-07-2025,UPI/CR/245121103594/Kapil/BARB/5681825666@upi/UPI,837331689523,,"12,600.04",431529.89
10-07-2025,UPI/DR/790380836642/Archana/HDFC/6526296492@ibl/UPI,088200823809,"6,750.24",,424779.65
10-07-2025,POS INDIAN OIL CHANDIGA,380018541909,800.02,,423979.63
12-07-2025,ATM CASH WITHDRAWAL/48094/CHANDIGARH,765332395572,"8,500.00",,415479.63
13-07-2025,POS METRO CASH CARRY CHANDIGARH,018190705786,"3,750.29",,411729.34
13-07-2025,UPI/DR/964378003553/Amazon/PAYTM/amazon@apl/UPI,921464658308,550.32,,411179.02
13-07-2025,UPI/DR/143467920713/MSEDCL/UPIN/msedclpayment@upi/UPI,919798928562,800.75,,410378.27
13-07-2025,UPI/DR/056905317853/Practo/ICICI/practo@paytm/UPI,252839884253,699.00,,409679.27
15-07-2025,UPI/DR/093406613755/Paytm/ICICI/paytm@paytm/UPI,197121475933,"1,280.58",,408398.69
15-07-2025,UPI/DR/812373260914/Vi/PAYTM/vi@airtelaxis/UPI,073943890833,969.00,,407429.69
15-07-2025,UPI/DR/012350457373/Vivek/PUNB/6918989156@ptyes/UPI,578388632317,"4,700.77",,402728.92
16-07-2025,UPI/DR/707294607924/Vi/PAYTM/vi@airtelaxis/UPI,444282466556,419.00,,402309.92
17-07-2025,UPI/DR/265099784939/Uber/PAYTM/uber@paytm/UPI,849505944389,840.66,,401469.26
17-07-2025,UPI/CR/131888200423/Kavya/UTIB/kavyanamb68@ibl/UPI,638234869575,,"10,850.81",412320.07
18-07-2025,UPI/DR/196211282120/Vikram/UCBA/vikram.sharma@upi/UPI,581288902509,"5,650.81",,406669.26
18-07-2025,POS V MART CHANDIGARH,193162367903,"3,500.51",,403168.75
18-07-2025,POS V MART CHANDIGARH,663079096977,"7,750.44",,395418.31
18-07-2025,UPI/CR/781137337507/Swati/PUNB/swatikapo79@ybl/UPI,873968383353,,"11,950.15",407368.46
19-07-2025,UPI/CR/205722206831/Jyoti/BARB/jyoti.nair@ptsbi/UPI,794505752698,,"14,800.98",422169.44
21-07-2025,UPI/DR/759946262163/Indane/ICICI/indanegas@upi/UPI,121413753892,"2,400.86",,419768.58
21-07-2025,UPI/DR/679114457327/Vikram/BDBL/vikramredd13@ybl/UPI,475228592975,"9,300.69",,410467.89
21-07-2025,POS STAR BAZAAR CHANDIGARH,280141717213,"2,850.11",,407617.78
22-07-2025,POS MAX FASHION CHANDIGARH,378383127500,"3,050.01",,404567.77
22-07-2025,UPI/DR/231433799207/Uber/PAYTM/uber@paytm/UPI,061251386299,150.85,,404416.92
22-07-2025,UPI/DR/438423901401/Vikas/BKID/vikaskulk68@okicici/UPI,439654286013,"7,000.92",,397416.00
23-07-2025,UPI/CR/881051455965/Rekha/HDFC/1228419447@apl/UPI,187013772718,,"8,700.12",406116.12
23-07-2025,UPI/CR/503639356440/Mukesh/FDRL/mukeshchop53@upi/UPI,309197240683,,"13,050.59",419166.71
23-07-2025,UPI/DR/678877061541/Shivam/KKBK/shivam.menon@ptyes/UPI,038707374770,"2,800.96",,416365.75
24-07-2025,UPI/DR/495070219318/Nykaa/ICICI/nykaa@razorpay/UPI,567791650904,399.00,,415966.75
25-07-2025,ATM CASH WITHDRAWAL/03441/CHANDIGARH,984988772019,"5,500.00",,410466.75
25-07-2025,POS INDIAN OIL CHANDIGA,159823147870,"3,700.71",,406766.04
26-07-2025,UPI/DR/127751949613/Rapido/PAYTM/rapido@icici/UPI,110337612978,680.93,,406085.11
26-07-2025,UPI/DR/384330653536/Uber/ICICI/uber@paytm/UPI,729144238618,"1,280.42",,404804.69
26-07-2025,UPI/DR/176297419732/Jio/ICICI/jio@paytm/UPI,429256126932,410.05,,404394.64
27-07-2025,ATM CASH WITHDRAWAL/44717/CHANDIGARH,377784705464,"8,000.00",,396394.64
27-07-2025,UPI/DR/224647021384/Ola/ICICI/olamoney@ola/UPI,422356442097,"1,480.05",,394914.59
28-07-2025,UPI/DR/221181743212/BSNL/ICICI/bsnlbroadband@upi/UPI,190541421195,140.02,,394774.57
28-07-2025,UPI/DR/793240722420/Hathway/RAZORPAY/broadband@paytm/UPI,723940879986,399.00,,394375.57
29-07-2025,UPI/CR/486217423728/Divya/BKID/divya.das@paytm/UPI,747819830362,,"9,300.50",403676.07
29-07-2025,UPI/DR/892194029535/Amazon/ICICI/amazon@apl/UPI,314425702980,540.72,,403135.35
29-07-2025,UPI/DR/543190545121/Flipkart/PAYTM/flipkart@ybl/UPI,851035929259,300.51,,402834.84
30-07-2025,UPI/DR/567761377941/Uber/ICICI/uber@paytm/UPI,863226996720,"2,380.63",,400454.21
30-07-2025,UPI/DR/696322874322/Kiran/BKID/kiran134@ybl/UPI,252811051584,"2,800.82",,397653.39
30-07-2025,UPI/CR/564822245304/Neha/BARB/neharoy30@kotak/UPI,954687906872,,"5,550.90",403204.29
30-07-2025,POS BRAND FACTORY CHANDIGARH,889196718552,"2,450.67",,400753.62
30-07-2025,TRANSACTION CHARGES,572325449951,390.00,,400363.62
30-07-2025,GST ON CHARGES,688224641227,70.20,,400293.42
30-07-2025,UPI/DR/979440614375/Neha/PUNB/5891475126@okicici/UPI,093716027005,"15,500.47",,384792.95
30-07-2025,UPI/CR/237537147243/Shweta/PUNB/shweta.menon@pthdfc/UPI,605170496879,,"5,250.35",390043.30
31-07-2025,UPI/CR/044648993639/Krishna/BKID/krishna.mukherjee@ibl/UPI,415868832925,,"18,200.92",408244.22
01-08-2025,UPI/CR/693494497619/Sonia/SBIN/sonia133@pthdfc/UPI,445391171851,,"16,750.48",424994.70
01-08-2025,UPI/DR/982538904984/Paytm/ICICI/paytm@paytm/UPI,266699332556,"2,410.82",,422583.88
01-08-2025,SALARY CREDIT/S7048699105667/Madura Garments Pvt Ltd,963964942403,,"118,065.69",540649.57
02-08-2025,POS PANTALOONS CHANDIGARH,615651295683,"5,900.83",,534748.74
02-08-2025,UPI/CR/462365022171/Meena/BARB/meenaghos33@upi/UPI,479026657131,,"7,850.81",542599.55
02-08-2025,POS HP PETROL PUMP CHANDIGA,218341741548,"4,150.28",,538449.27
03-08-2025,UPI/DR/120323399171/Nykaa/PAYTM/nykaa@razorpay/UPI,930298370162,800.39,,537648.88
03-08-2025,UPI/DR/569436036516/Vi/PAYTM/vi@airtelaxis/UPI,515848337976,439.00,,537209.88
04-08-2025,UPI/DR/747333473133/Dunzo/ICICI/dunzo@razorpay/UPI,268098612653,760.20,,536449.68
05-08-2025,UPI/DR/569299316144/Aditya/LICI/licindia@licindia/UPI,644072205104,"7,600.00",,528849.68
05-08-2025,UPI/DR/625951662518/Dunzo/ICICI/dunzo@razorpay/UPI,814162930448,"2,760.12",,526089.56
06-08-2025,UPI/DR/434079787177/Zomato/ICICI/zomato@axisbank/UPI,040859517498,310.13,,525779.43
06-08-2025,NACH/MANDATE/RNT8742759/RENT MANDATE,913241585853,"15,000.00",,510779.43
06-08-2025,UPI/DR/479767548898/Zomato/ICICI/zomato@axisbank/UPI,486969637593,"1,900.61",,508878.82
07-08-2025,UPI/CR/736670688689/Sumit/FDRL/sumitagar74@ptyes/UPI,720906599821,,"5,000.01",513878.83
07-08-2025,UPI/DR/590424047257/Sunita/UTIB/sunitachau52@aubank/UPI,066706996440,"21,500.51",,492378.32
08-08-2025,UPI/DR/479817449683/Ola/PAYTM/olamoney@ola/UPI,324406471122,500.80,,491877.52
08-08-2025,NEFT/N3464007807805/Bajaj Auto Ltd,567566678743,,"39,500.64",531378.16
08-08-2025,NACH/MANDATE/LN900669840349/Tata Capital Finance,176640926136,"17,000.00",,514378.16
10-08-2025,UPI/CR/880763107556/Vishal/UCBA/4326467207@okhdfcbank/UPI,818836418587,,"8,500.77",522878.93
12-08-2025,ATM CASH WITHDRAWAL/45224/CHANDIGARH,631831924574,"5,000.00",,517878.93
12-08-2025,UPI/DR/569915407032/Shivam/UTIB/shivam709@paytm/UPI,632772823062,"5,500.32",,512378.61
13-08-2025,UPI/CR/643666975241/Nisha/FDRL/1255245991@upi/UPI,038654339239,,"11,650.14",524028.75
14-08-2025,UPI/DR/076033988665/Vi/PAYTM/vi@airtelaxis/UPI,240707727914,709.00,,523319.75
15-08-2025,UPI/CR/345657102521/Pallavi/BKID/pallavikuma59@aubank/UPI,849726050524,,"20,800.30",544120.05
15-08-2025,UPI/CR/499810328935/Preeti/BKID/9812244036@ibl/UPI,986513796778,,"21,900.55",566020.60
16-08-2025,UPI/DR/036309497634/Uber/ICICI/uber@paytm/UPI,635053539222,890.50,,565130.10
16-08-2025,UPI/CR/761630725848/Harish/BKID/harish371@ybl/UPI,530550114850,,"8,500.96",573631.06
17-08-2025,UPI/DR/286982319819/Indane/ICICI/indanegas@upi/UPI,542882216848,"2,300.71",,571330.35
18-08-2025,UPI/DR/256440886236/Practo/ICICI/practo@paytm/UPI,934090249260,599.00,,570731.35
18-08-2025,IMPS/P2M/979971585192//Meena Verma/KKBK,079470818904,"3,400.72",,567330.63
18-08-2025,UPI/DR/596320969198/Rapido/PAYTM/rapido@icici/UPI,032661632860,550.27,,566780.36
19-08-2025,POS RELIANCE PETROLEUM CHANDIGA,935747050903,"2,400.07",,564380.29
20-08-2025,UPI/DR/955046143271/Vi/PAYTM/vi@airtelaxis/UPI,989053050196,899.00,,563481.29
20-08-2025,UPI/DR/365128528105/Akash/KKBK/2958500521@ptsbi/UPI,969761997555,450.00,,563031.29
20-08-2025,UPI/DR/376880708120/MSEDCL/UPIN/msedclpayment@upi/UPI,993450964138,"3,650.49",,559380.80
21-08-2025,UPI/DR/446737892446/Swati/FDRL/swati213@ptsbi/UPI,019768577425,"1,500.87",,557879.93
21-08-2025,UPI/DR/183248833352/Rapido/PAYTM/rapido@icici/UPI,128037929964,120.35,,557759.58
21-08-2025,UPI/DR/554025999843/Jio/ICICI/jio@paytm/UPI,026290902298,"1,240.42",,556519.16
22-08-2025,UPI/DR/830485192864/Rahul/KKBK/rahul.singh@ptaxis/UPI,788767737365,"20,000.38",,536518.78
22-08-2025,ATM CASH WITHDRAWAL/71260/CHANDIGARH,455348114115,"3,500.00",,533018.78
22-08-2025,UPI/DR/050646949454/Ola/PAYTM/olamoney@ola/UPI,172976864731,650.08,,532368.70
23-08-2025,UPI/DR/509844679875/Amazon/ICICI/amazon@apl/UPI,206342385455,520.75,,531847.95
23-08-2025,UPI/DR/716732456323/Vikas/BKID/0784252107@ptyes/UPI,766804612728,"18,200.58",,513647.37
24-08-2025,UPI/DR/292015058409/Manish/KKBK/4537548473@paytm/UPI,268408395179,"10,400.77",,503246.60
24-08-2025,UPI/DR/244112342109/BigBasket/ICICI/bigbasket@ybl/UPI,861665427344,"1,470.73",,501775.87
25-08-2025,UPI/DR/795517493688/Mina/UTIB/minasing86@pthdfc/UPI,048304213871,"1,050.44",,500725.43
26-08-2025,UPI/DR/418466885741/Uber/ICICI/uber@paytm/UPI,398312468365,"2,510.21",,498215.22
26-08-2025,ATM CASH WITHDRAWAL/40514/CHANDIGARH,959662918998,"5,000.00",,493215.22
27-08-2025,UPI/CR/671409448683/Sonia/SBIN/sonia.ghosh@apl/UPI,460229283220,,"4,800.40",498015.62
28-08-2025,POS INDIAN OIL CHANDIGA,851436344990,"4,150.11",,493865.51
28-08-2025,UPI/CR/301694306485/Ajay/BKID/ajaychop11@ptaxis/UPI,920918445575,,"8,300.66",502166.17
28-08-2025,UPI/DR/461370256311/Ankit/BARB/ankitseth53@pthdfc/UPI,739715883212,"7,400.57",,494765.60
29-08-2025,UPI/DR/932983799202/Ola/PAYTM/olamoney@ola/UPI,926835235471,250.82,,494514.78
30-08-2025,UPI/DR/690096627224/Neha/UCBA/neha986@ptsbi/UPI,735784195580,450.86,,494063.92
30-08-2025,POS V MART CHANDIGARH,199497778188,"3,350.88",,490713.04
31-08-2025,UPI/DR/952679234168/Kapil/BKID/kapilghos17@okaxis/UPI,417729834756,"18,500.33",,472212.71
31-08-2025,POS SHOPPERS STOP CHANDIGARH,032122727640,"2,500.20",,469712.51
01-09-2025,UPI/DR/541386322311/Rapido/PAYTM/rapido@icici/UPI,516326228947,850.99,,468861.52
01-09-2025,UPI/DR/836781680662/BSNL/ICICI/bsnlbroadband@upi/UPI,881512940674,"1,720.19",,467141.33
02-09-2025,UPI/DR/949547297517/Flipkart/PAYTM/flipkart@ybl/UPI,730494660735,"1,350.80",,465790.53
02-09-2025,SALARY CREDIT/S1771019620079/Madura Garments Pvt Ltd,342029665612,,"119,680.69",585471.22
03-09-2025,UPI/DR/549999977370/Tarun/UCBA/tarun.pillai@apl/UPI,563943542782,"10,100.21",,575371.01
04-09-2025,NACH/MANDATE/RNT3618894/RENT MANDATE,623366672887,"15,000.00",,560371.01
04-09-2025,UPI/CR/349509135926/Akash/SBIN/akash.banerjee@ptsbi/UPI,849484550935,,"3,550.54",563921.55
05-09-2025,UPI/DR/177439487408/Aditya/LICI/licindia@licindia/UPI,193391622896,"7,600.00",,556321.55
05-09-2025,IMPS/P2M/257663248146//Ritu Verma/SBIN,617983287008,"2,000.51",,554321.04
06-09-2025,UPI/DR/529339920290/Zomato/ICICI/zomato@axisbank/UPI,096324856262,460.42,,553860.62
07-09-2025,UPI/DR/860204260784/BigBasket/ICICI/bigbasket@ybl/UPI,744299144953,"1,840.27",,552020.35
08-09-2025,UPI/DR/505999444247/Abhishek/FDRL/0475351784@ybl/UPI,266472553186,"5,350.63",,546669.72
09-09-2025,UPI/DR/743798697263/Saurabh/UTIB/2953899713@ybl/UPI,679857105741,"20,200.19",,526469.53
09-09-2025,UPI/DR/186440277179/Uber/PAYTM/uber@paytm/UPI,263746756280,390.37,,526079.16
09-09-2025,UPI/DR/644698288363/Shreya/UTIB/1785935028@upi/UPI,414337287930,"2,300.24",,523778.92
09-09-2025,POS V MART CHANDIGARH,905428022580,"8,150.13",,515628.79
09-09-2025,UPI/DR/848217706876/Blinkit/ICICI/blinkit@kotak/UPI,252253984817,940.77,,514688.02
10-09-2025,NACH/MANDATE/LN900669840349/Tata Capital Finance,257640964683,"17,000.00",,497688.02
10-09-2025,UPI/DR/089993977928/Dunzo/ICICI/dunzo@razorpay/UPI,948428917208,"1,140.94",,496547.08
11-09-2025,UPI/DR/560703605926/Rekha/HDFC/rekha.bajaj@ptaxis/UPI,775755023167,"2,850.81",,493696.27
11-09-2025,UPI/CR/576793312986/Anita/BDBL/4685174271@apl/UPI,202704198710,,"6,450.01",500146.28
12-09-2025,ATM CASH WITHDRAWAL/43840/CHANDIGARH,053562189177,"5,000.00",,495146.28
13-09-2025,POS HP PETROL PUMP CHANDIGA,127182291278,"1,550.64",,493595.64
14-09-2025,POS LIFESTYLE STORES CHANDIGARH,944832198448,"2,950.16",,490645.48
14-09-2025,ATM CASH WITHDRAWAL/77090/CHANDIGARH,099559865131,"7,000.00",,483645.48
14-09-2025,UPI/DR/222873835090/Zepto/ICICI/zepto@apl/UPI,660643962219,510.67,,483134.81
14-09-2025,UPI/DR/120228051299/Blinkit/ICICI/blinkit@kotak/UPI,535370499129,"1,550.58",,481584.23
15-09-2025,UPI/DR/130015876738/Hathway/RAZORPAY/broadband@paytm/UPI,477132715355,"1,149.00",,480435.23
15-09-2025,UPI/DR/012626648769/Vi/PAYTM/vi@airtelaxis/UPI,711998358220,469.00,,479966.23
16-09-2025,ATM CASH WITHDRAWAL/62322/CHANDIGARH,840080612658,"1,000.00",,478966.23
16-09-2025,UPI/DR/319946833650/Jio/ICICI/jio@paytm/UPI,020445378485,"1,230.32",,477735.91
17-09-2025,UPI/DR/315893853888/Indane/ICICI/indanegas@upi/UPI,019193747987,"2,650.38",,475085.53
17-09-2025,UPI/DR/366820393232/Krishna/UCBA/krishna250@pthdfc/UPI,856412463065,"20,800.58",,454284.95
19-09-2025,UPI/DR/440133252245/Jio/ICICI/jio@paytm/UPI,375047944710,"2,000.40",,452284.55
20-09-2025,ATM CASH WITHDRAWAL/02966/CHANDIGARH,517352464587,"5,000.00",,447284.55
20-09-2025,UPI/DR/799186734982/Zomato/ICICI/zomato@axisbank/UPI,572467085155,"1,790.42",,445494.13
21-09-2025,POS MAX FASHION CHANDIGARH,441105220890,"3,950.06",,441544.07
21-09-2025,UPI/DR/257836247298/MSEDCL/UPIN/msedclpayment@upi/UPI,024477825562,"2,850.41",,438693.66
21-09-2025,ATM CASH WITHDRAWAL/08945/CHANDIGARH,558171185849,"6,500.00",,432193.66
22-09-2025,UPI/DR/277105271317/Spotify/ICICI/spotify@icici/UPI,246735190220,549.00,,431644.66
22-09-2025,UPI/DR/661830459120/Vi/PAYTM/vi@airtelaxis/UPI,414776881783,369.00,,431275.66
23-09-2025,ATM CASH WITHDRAWAL/95309/CHANDIGARH,352207529103,"4,500.00",,426775.66
24-09-2025,UPI/DR/817231617613/Amazon/ICICI/amazon@apl/UPI,908553728376,"2,660.62",,424115.04
25-09-2025,UPI/DR/855926198686/Flipkart/ICICI/flipkart@ybl/UPI,106915244759,"1,450.44",,422664.60
25-09-2025,UPI/DR/866264861751/Uber/PAYTM/uber@paytm/UPI,682683572514,520.47,,422144.13
26-09-2025,UPI/DR/809754613558/Vi/PAYTM/vi@airtelaxis/UPI,610111732201,279.00,,421865.13
27-09-2025,UPI/CR/451897191939/Manish/BKID/9673534747@ybl/UPI,564489488924,,"15,100.99",436966.12
28-09-2025,UPI/DR/863628431828/Vi/PAYTM/vi@airtelaxis/UPI,756371150413,809.00,,436157.12
28-09-2025,GST ON CHARGES,263388748230,100.80,,436056.32
28-09-2025,POS SHELL FUEL STATION CHANDIGA,788686154085,"4,000.01",,432056.31
28-09-2025,INTEREST CREDIT,087543109814,,270.97,432327.28
28-09-2025,TRANSACTION CHARGES,145561800777,560.00,,431767.28
28-09-2025,IMPS/P2M/937659515425//Deepa Menon/BDBL,404511031297,"7,400.80",,424366.48
29-09-2025,UPI/CR/128354680077/Ravi/BARB/ravinair77@kotak/UPI,478341562525,,"3,950.92",428317.40
29-09-2025,UPI/DR/058646899864/Rapido/PAYTM/rapido@icici/UPI,950563735060,280.28,,428037.12
29-09-2025,UPI/DR/145445462596/Blinkit/ICICI/blinkit@kotak/UPI,082199348866,940.78,,427096.34
30-09-2025,UPI/CR/757827468267/Vishal/BDBL/vishalghos96@oksbi/UPI,433868393260,,"8,850.14",435946.48
01-10-2025,POS D MART CHANDIGARH,089327564473,"3,200.41",,432746.07
01-10-2025,UPI/DR/156557299389/Amazon/PAYTM/amazon@apl/UPI,844044437920,"2,400.87",,430345.20
01-10-2025,UPI/DR/700138793443/Anjali/PUNB/anjaliseth29@axl/UPI,010841313729,"20,400.06",,409945.14
01-10-2025,UPI/CR/891570353900/Rahul/BARB/rahul.chaudhary@oksbi/UPI,887708262406,,"10,250.68",420195.82
02-10-2025,UPI/DR/103357093564/Pallavi/UTIB/pallavi500@ptyes/UPI,776314669625,"6,900.22",,413295.60
02-10-2025,UPI/DR/144658239971/Nykaa/ICICI/nykaa@razorpay/UPI,500294851734,299.00,,412996.60
02-10-2025,POS SHOPPERS STOP CHANDIGARH,612910748842,"1,250.13",,411746.47
02-10-2025,UPI/DR/917967782999/Jio/ICICI/jio@paytm/UPI,055692751323,"1,650.22",,410096.25
02-10-2025,UPI/DR/430083039543/Shweta/HDFC/shwetabaja53@ptyes/UPI,002156167414,"1,550.16",,408546.09
02-10-2025,POS INDIAN OIL CHANDIGA,709609525748,"3,300.34",,405245.75
03-10-2025,SALARY CREDIT/S9022828847245/Madura Garments Pvt Ltd,132037249756,,"120,074.69",525320.44
03-10-2025,POS INDIAN OIL CHANDIGA,176063125100,"1,950.31",,523370.13
04-10-2025,UPI/DR/737870011419/Rajan/UCBA/rajan662@pthdfc/UPI,734317325568,"21,500.00",,501870.13
05-10-2025,UPI/DR/654379609695/Zomato/ICICI/zomato@axisbank/UPI,321109198008,"2,310.08",,499560.05
05-10-2025,NACH/MANDATE/RNT4249865/RENT MANDATE,017039573722,"15,000.00",,484560.05
05-10-2025,UPI/DR/028062655843/Hathway/RAZORPAY/broadband@paytm/UPI,607013044174,549.00,,484011.05
05-10-2025,UPI/DR/746431175383/Uber/PAYTM/uber@paytm/UPI,602166125892,600.85,,483410.20
05-10-2025,NACH/MANDATE/LN900669840349/Tata Capital Finance,704253933939,"17,000.00",,466410.20
06-10-2025,UPI/DR/372136095637/Uber/ICICI/uber@paytm/UPI,006901086640,"1,520.22",,464889.98
06-10-2025,POS VISHAL MEGA MART CHANDIGARH,131368315962,"5,250.89",,459639.09
06-10-2025,UPI/DR/773542246190/Meesho/PAYTM/meesho@ybl/UPI,144790345691,"3,250.39",,456388.70
06-10-2025,UPI/DR/695769103370/Swiggy/ICICI/swiggy@icici/UPI,041342674588,"2,400.59",,453988.11
07-10-2025,POS D MART CHANDIGARH,239285559060,"3,000.27",,450987.84
07-10-2025,UPI/DR/080963737138/Uber/PAYTM/uber@paytm/UPI,724357763336,620.92,,450366.92
08-10-2025,UPI/DR/895959802191/Vi/PAYTM/vi@airtelaxis/UPI,690162727752,419.00,,449947.92
08-10-2025,UPI/DR/753878681840/Anita/UTIB/anita261@okicici/UPI,974221083327,"17,100.88",,432847.04
08-10-2025,UPI/DR/464358556128/Rahul/KKBK/6154895231@okhdfcbank/UPI,065954756793,"10,100.62",,422746.42
08-10-2025,UPI/DR/840823256442/Aditya/LICI/licindia@licindia/UPI,282145887132,"7,600.00",,415146.42
09-10-2025,UPI/DR/253565780304/Dunzo/ICICI/dunzo@razorpay/UPI,423067384528,530.52,,414615.90
11-10-2025,ATM CASH WITHDRAWAL/27590/CHANDIGARH,048501923168,"2,000.00",,412615.90
11-10-2025,UPI/DR/771096787087/Amazon/ICICI/amazon@apl/UPI,599425791349,"1,490.64",,411125.26
12-10-2025,UPI/DR/986072360143/Paytm/ICICI/paytm@paytm/UPI,247432007519,440.53,,410684.73
12-10-2025,UPI/DR/577018452830/Vi/PAYTM/vi@airtelaxis/UPI,905619887474,249.00,,410435.73
12-10-2025,POS PANTALOONS CHANDIGARH,742946434653,"7,600.21",,402835.52
13-10-2025,UPI/DR/526951243951/Paytm/ICICI/paytm@paytm/UPI,341212462029,"1,270.42",,401565.10
13-10-2025,UPI/DR/742732339150/Divya/BKID/divya923@paytm/UPI,189427890410,"7,800.59",,393764.51
13-10-2025,UPI/DR/703853780674/MSEDCL/UPIN/msedclpayment@upi/UPI,014073232574,"2,150.43",,391614.08
14-10-2025,UPI/DR/265561276877/Apollo/ICICI/apollopharmacy@ybl/UPI,644071577560,449.00,,391165.08
17-10-2025,UPI/DR/051521304706/Flipkart/ICICI/flipkart@ybl/UPI,415050195135,"2,280.55",,388884.53
18-10-2025,ATM CASH WITHDRAWAL/59720/CHANDIGARH,884923433913,"4,000.00",,384884.53
19-10-2025,UPI/DR/633926770944/Blinkit/ICICI/blinkit@kotak/UPI,346026419427,940.22,,383944.31
19-10-2025,POS METRO CASH CARRY CHANDIGARH,081149413904,"8,300.10",,375644.21
20-10-2025,UPI/DR/742608482152/Uber/PAYTM/uber@paytm/UPI,477289946227,160.93,,375483.28
21-10-2025,UPI/CR/886800106176/Usha/HDFC/6473790596@oksbi/UPI,241972302153,,"7,200.59",382683.87
22-10-2025,UPI/DR/323355318072/Kiran/FDRL/kiransaxe72@ybl/UPI,708144491227,"11,850.60",,370833.27
22-10-2025,UPI/DR/652128352819/Zepto/ICICI/zepto@apl/UPI,608463274366,"2,020.88",,368812.39
23-10-2025,UPI/CR/466014161682/Kavita/BDBL/kavitajosh24@oksbi/UPI,433553067932,,"1,800.23",370612.62
24-10-2025,UPI/DR/350029580018/Amazon/ICICI/amazon@apl/UPI,200159056375,"2,270.12",,368342.50
24-10-2025,UPI/DR/588021435392/Paytm/ICICI/paytm@paytm/UPI,441126557705,"1,750.44",,366592.06
25-10-2025,UPI/DR/396230093982/Swiggy/ICICI/swiggy@icici/UPI,398017990694,"1,110.65",,365481.41
25-10-2025,POS BHARAT PETROLEUM CHANDIGA,806639529746,"3,450.11",,362031.30
25-10-2025,UPI/DR/276589510355/Jio/ICICI/jio@paytm/UPI,349955314916,"2,330.94",,359700.36
25-10-2025,UPI/DR/375830617132/Ola/PAYTM/olamoney@ola/UPI,096478745478,310.04,,359390.32
25-10-2025,UPI/DR/766043294710/Indane/ICICI/indanegas@upi/UPI,929237848098,"2,700.39",,356689.93
26-10-2025,UPI/DR/445783130132/Uber/ICICI/uber@paytm/UPI,774095770359,"1,470.88",,355219.05
26-10-2025,UPI/DR/597577809597/Vi/PAYTM/vi@airtelaxis/UPI,285914893400,699.00,,354520.05
27-10-2025,POS D MART CHANDIGARH,296905638919,"7,850.91",,346669.14
28-10-2025,UPI/CR/031039995393/Tarun/KKBK/tarun805@okhdfcbank/UPI,450127400531,,"12,750.24",359419.38
29-10-2025,UPI/DR/934343048728/Mahesh/SBIN/mahesh.iyer@ybl/UPI,956402098711,"11,750.84",,347668.54
29-10-2025,UPI/DR/148280173880/Ola/PAYTM/olamoney@ola/UPI,412578877932,670.14,,346998.40
29-10-2025,UPI/CR/730099863155/Nisha/KKBK/8529610949@apl/UPI,658044196469,,"10,600.31",357598.71
30-10-2025,UPI/DR/898584856830/Uber/ICICI/uber@paytm/UPI,679443159794,500.41,,357098.30
30-10-2025,POS BIG BAZAAR CHANDIGARH,835299738793,"3,500.23",,353598.07
31-10-2025,ATM CASH WITHDRAWAL/42353/CHANDIGARH,128445728993,"6,500.00",,347098.07
31-10-2025,UPI/DR/874909038284/Nisha/UTIB/nisha414@upi/UPI,314728357386,"11,150.63",,335947.44
31-10-2025,POS SHELL FUEL STATION CHANDIGA,310155605426,"2,150.02",,333797.42
31-10-2025,ATM CASH WITHDRAWAL/12365/CHANDIGARH,553189822868,"5,000.00",,328797.42
31-10-2025,UPI/DR/244134444619/Manish/UTIB/0629092590@ybl/UPI,010799189144,"18,400.08",,310397.34
01-11-2025,UPI/DR/510222847951/Uber/PAYTM/uber@paytm/UPI,241651299771,440.01,,309957.33
02-11-2025,POS RELIANCE PETROLEUM CHANDIGA,539142234227,"3,750.99",,306206.34
03-11-2025,UPI/DR/742302827836/Zomato/ICICI/zomato@axisbank/UPI,283098744871,700.76,,305505.58
03-11-2025,UPI/DR/945664543652/Blinkit/ICICI/blinkit@kotak/UPI,280629945341,"1,720.23",,303785.35
03-11-2025,SALARY CREDIT/S0324420556487/Madura Garments Pvt Ltd,913046123185,,"120,535.69",424321.04
04-11-2025,UPI/DR/464479991471/Paytm/ICICI/paytm@paytm/UPI,286703772800,"1,700.25",,422620.79
04-11-2025,UPI/DR/389757829096/Sachin/BKID/sachin846@okaxis/UPI,495361985776,"5,100.21",,417520.58
05-11-2025,NACH/MANDATE/RNT8600990/RENT MANDATE,337025365803,"15,000.00",,402520.58
05-11-2025,IMPS/P2M/047976057799//Girish Dutta/BDBL,697586163487,"34,300.99",,368219.59
05-11-2025,UPI/DR/867302419944/Rohit/FDRL/rohit.kapoor@pthdfc/UPI,972083127827,"2,400.70",,365818.89
06-11-2025,UPI/DR/247363522966/Maya/UCBA/3612921161@ybl/UPI,703121435809,"11,900.82",,353918.07
06-11-2025,UPI/DR/043584902981/Uber/PAYTM/uber@paytm/UPI,826127278600,860.34,,353057.73
06-11-2025,UPI/CR/688293418065/Kavita/PUNB/kavita.pillai@kotak/UPI,838165607153,,"18,550.77",371608.50
07-11-2025,POS STAR BAZAAR CHANDIGARH,243175930335,"7,700.75",,363907.75
07-11-2025,POS METRO CASH CARRY CHANDIGARH,308384906616,"1,500.48",,362407.27
07-11-2025,UPI/DR/555666034339/Hathway/RAZORPAY/broadband@paytm/UPI,470329260908,799.00,,361608.27
07-11-2025,UPI/DR/675432217114/Zepto/ICICI/zepto@apl/UPI,434847583800,"1,950.37",,359657.90
07-11-2025,UPI/DR/947430182900/Swiggy/ICICI/swiggy@icici/UPI,483534801198,240.55,,359417.35
08-11-2025,UPI/DR/308678737385/PhonePe/ICICI/phonepe@ybl/UPI,250136540283,"2,520.62",,356896.73
08-11-2025,UPI/DR/426584970439/Vandana/KKBK/6139105807@upi/UPI,899093621145,"9,950.78",,346945.95
08-11-2025,UPI/CR/320468735766/Shivam/BDBL/shivam335@ptyes/UPI,425814143764,,"14,300.51",361246.46
09-11-2025,UPI/DR/322287116223/Aditya/LICI/licindia@licindia/UPI,036523667791,"7,600.00",,353646.46
09-11-2025,UPI/CR/886751465083/Sarita/BDBL/8040602444@okaxis/UPI,176031422993,,"8,700.52",362346.98
10-11-2025,ATM CASH WITHDRAWAL/70145/CHANDIGARH,903425833399,"4,000.00",,358346.98
10-11-2025,NACH/MANDATE/LN900669840349/Tata Capital Finance,868890899962,"17,000.00",,341346.98
11-11-2025,UPI/CR/316412608098/Geeta/PUNB/geeta.mukherjee@kotak/UPI,764792179732,,"19,400.05",360747.03
12-11-2025,UPI/DR/019944530097/Mina/UCBA/mina467@ibl/UPI,831101418159,"1,500.84",,359246.19
12-11-2025,UPI/DR/340296098431/Vi/PAYTM/vi@airtelaxis/UPI,320986642753,969.00,,358277.19
13-11-2025,UPI/DR/839917728901/Uber/PAYTM/uber@paytm/UPI,950076061202,560.00,,357717.19
13-11-2025,IMPS/P2M/465103022968//Sachin Bose/KKBK,717563424471,"1,700.09",,356017.10
14-11-2025,UPI/DR/543805725933/Amazon/ICICI/amazon@apl/UPI,201317415710,"1,490.24",,354526.86
14-11-2025,UPI/CR/364273318278/Isha/HDFC/ishasing82@okicici/UPI,416760252805,,450.99,354977.85
14-11-2025,UPI/DR/785526868566/Indane/ICICI/indanegas@upi/UPI,246510644013,"1,950.83",,353027.02
14-11-2025,POS D MART CHANDIGARH,014360363140,"6,750.49",,346276.53
14-11-2025,UPI/DR/634939155406/Sanjay/BARB/sanjaychop46@apl/UPI,489340642111,"6,750.33",,339526.20
14-11-2025,UPI/DR/255100648493/Uber/ICICI/uber@paytm/UPI,064614956264,240.67,,339285.53
14-11-2025,UPI/DR/347786606130/Uber/PAYTM/uber@paytm/UPI,974139004779,120.37,,339165.16
15-11-2025,UPI/DR/252894222228/BigBasket/ICICI/bigbasket@ybl/UPI,644707782365,"2,060.78",,337104.38
16-11-2025,UPI/DR/262184066265/Krishna/UCBA/krishnaahuj38@kotak/UPI,079734783807,"2,000.62",,335103.76
17-11-2025,POS RELIANCE PETROLEUM CHANDIGA,722349978301,950.26,,334153.50
18-11-2025,UPI/DR/909852863575/MSEDCL/UPIN/msedclpayment@upi/UPI,994221663590,"2,400.14",,331753.36
18-11-2025,POS BIG BAZAAR CHANDIGARH,239906064344,"1,500.64",,330252.72
18-11-2025,ATM CASH WITHDRAWAL/29031/CHANDIGARH,803488117755,"7,000.00",,323252.72
19-11-2025,UPI/DR/757095901766/Blinkit/ICICI/blinkit@kotak/UPI,438672534219,"1,750.03",,321502.69
20-11-2025,UPI/DR/585061419668/BSNL/ICICI/bsnlbroadband@upi/UPI,519999740460,"1,580.09",,319922.60
22-11-2025,UPI/DR/230951076489/Vi/PAYTM/vi@airtelaxis/UPI,760407721307,979.00,,318943.60
22-11-2025,UPI/DR/422439284992/Blinkit/ICICI/blinkit@kotak/UPI,274931349066,"2,130.70",,316812.90
23-11-2025,ATM CASH WITHDRAWAL/07313/CHANDIGARH,950073274747,"1,500.00",,315312.90
24-11-2025,UPI/DR/256182710037/Vi/PAYTM/vi@airtelaxis/UPI,966241535458,559.00,,314753.90
25-11-2025,UPI/DR/688663434081/Swiggy/ICICI/swiggy@icici/UPI,877633349940,"1,380.01",,313373.89
25-11-2025,UPI/DR/296012136205/Zepto/ICICI/zepto@apl/UPI,598982075168,240.89,,313133.00
27-11-2025,UPI/CR/632412004108/Mukesh/FDRL/8319996316@oksbi/UPI,558531227912,,"8,900.26",322033.26
27-11-2025,UPI/DR/815717085527/Meesho/PAYTM/meesho@ybl/UPI,225533778331,"3,950.97",,318082.29
27-11-2025,UPI/DR/129064753863/Ankit/UTIB/ankit.naik@pthdfc/UPI,092339013899,"21,300.68",,296781.61
28-11-2025,UPI/CR/043080166214/Varsha/PUNB/6710043490@apl/UPI,297991620038,,"21,800.09",318581.70
28-11-2025,UPI/DR/640434460275/Vi/PAYTM/vi@airtelaxis/UPI,146401736595,959.00,,317622.70
29-11-2025,UPI/CR/911306474246/Sunil/FDRL/sunil335@kotak/UPI,546350923032,,"5,950.10",323572.80
30-11-2025,UPI/DR/176231684094/Dunzo/ICICI/dunzo@razorpay/UPI,324485787091,"2,470.46",,321102.34
30-11-2025,UPI/CR/268771233862/Sarita/UCBA/saritadas87@ptsbi/UPI,489516075269,,"11,100.05",332202.39
01-12-2025,UPI/DR/154999305892/Amit/BARB/amit721@okhdfcbank/UPI,591587268491,"8,750.67",,323451.72
01-12-2025,SALARY CREDIT/S8486334492961/Madura Garments Pvt Ltd,964481401586,,"119,212.69",442664.41
02-12-2025,UPI/DR/472174052795/Amazon/ICICI/amazon@apl/UPI,447281288060,"2,210.85",,440453.56
02-12-2025,UPI/DR/614758354328/Swiggy/ICICI/swiggy@icici/UPI,699297733290,"2,100.40",,438353.16
02-12-2025,NACH/MANDATE/RNT0422025/RENT MANDATE,676599259282,"15,000.00",,423353.16
03-12-2025,UPI/DR/198297797535/Ola/PAYTM/olamoney@ola/UPI,281241683489,880.30,,422472.86
03-12-2025,UPI/DR/325629940466/Vi/PAYTM/vi@airtelaxis/UPI,944321186038,599.00,,421873.86
03-12-2025,UPI/DR/318626040930/Nisha/KKBK/nishakulk81@upi/UPI,003712674297,"2,550.30",,419323.56
03-12-2025,ATM CASH WITHDRAWAL/06609/CHANDIGARH,790240048968,"8,500.00",,410823.56
03-12-2025,UPI/DR/801142172361/Zomato/ICICI/zomato@axisbank/UPI,908097199309,"1,540.15",,409283.41
04-12-2025,UPI/DR/150660485228/Uber/PAYTM/uber@paytm/UPI,744595570877,110.81,,409172.60
04-12-2025,UPI/DR/571478839824/Dunzo/ICICI/dunzo@razorpay/UPI,392155501049,"1,250.11",,407922.49
04-12-2025,UPI/DR/711678550107/Amit/KKBK/amit992@ptaxis/UPI,144445930735,"7,000.72",,400921.77
04-12-2025,UPI/CR/192975375396/Mamta/BKID/2263340510@upi/UPI,006131927144,,"6,700.79",407622.56
04-12-2025,POS PANTALOONS CHANDIGARH,477142230794,"3,900.90",,403721.66
04-12-2025,UPI/DR/394399687258/Rapido/PAYTM/rapido@icici/UPI,513097073598,890.86,,402830.80
05-12-2025,UPI/CR/050311837309/Rajesh/BDBL/6755574942@pthdfc/UPI,538640563841,,"21,300.47",424131.27
05-12-2025,UPI/DR/907459678503/Vi/PAYTM/vi@airtelaxis/UPI,197258464626,189.00,,423942.27
06-12-2025,POS SHELL FUEL STATION CHANDIGA,086778275452,"2,450.18",,421492.09
06-12-2025,POS SHOPPERS STOP CHANDIGARH,091740914921,"6,700.53",,414791.56
06-12-2025,POS RELIANCE MART CHANDIGARH,456117993953,"7,850.66",,406940.90
07-12-2025,NACH/MANDATE/LN900669840349/Tata Capital Finance,628917284109,"17,000.00",,389940.90
07-12-2025,UPI/DR/898082433715/Aditya/LICI/licindia@licindia/UPI,905760313877,"7,600.00",,382340.90
07-12-2025,UPI/DR/269178495316/Hotstar/ICICI/hotstar@hdfcbank/UPI,466484891298,299.00,,382041.90
08-12-2025,UPI/DR/518812394483/Vi/PAYTM/vi@airtelaxis/UPI,881816028408,309.00,,381732.90
09-12-2025,IMPS/P2M/359946298775//Anil Chaudhary/FDRL,440085762973,"4,900.26",,376832.64
10-12-2025,POS LIFESTYLE STORES CHANDIGARH,887113174671,"2,550.66",,374281.98
10-12-2025,UPI/DR/869999330034/Jio/ICICI/jio@paytm/UPI,608054747927,"1,540.52",,372741.46
10-12-2025,UPI/DR/800659820399/MedPlus/ICICI/medplus@icici/UPI,878534929888,"2,330.44",,370411.02
10-12-2025,UPI/DR/848270874160/Zomato/ICICI/zomato@axisbank/UPI,944452936245,"2,800.85",,367610.17
10-12-2025,ATM CASH WITHDRAWAL/17836/CHANDIGARH,848269732170,"10,000.00",,357610.17
11-12-2025,UPI/DR/874515054397/BSNL/ICICI/bsnlbroadband@upi/UPI,624555221749,960.69,,356649.48
12-12-2025,POS RELIANCE MART CHANDIGARH,620460033331,750.07,,355899.41
14-12-2025,UPI/DR/567815816197/Rapido/PAYTM/rapido@icici/UPI,663266864302,80.55,,355818.86
14-12-2025,ATM CASH WITHDRAWAL/00753/CHANDIGARH,669151167852,"3,500.00",,352318.86
14-12-2025,UPI/DR/509049505289/Uber/ICICI/uber@paytm/UPI,919018603465,"1,440.82",,350878.04
15-12-2025,UPI/CR/460404814547/Mukesh/FDRL/8485831568@ptsbi/UPI,167606722729,,"20,550.07",371428.11
15-12-2025,UPI/DR/116330694535/Meesho/PAYTM/meesho@ybl/UPI,471276597803,"4,850.20",,366577.91
16-12-2025,POS LIFESTYLE STORES CHANDIGARH,701898738962,"3,750.46",,362827.45
16-12-2025,POS RELIANCE MART CHANDIGARH,781999269362,"5,250.80",,357576.65
17-12-2025,UPI/DR/001540033285/Hotstar/ICICI/hotstar@hdfcbank/UPI,703742693227,249.00,,357327.65
17-12-2025,UPI/DR/556657097872/MSEDCL/UPIN/msedclpayment@upi/UPI,240575275397,"3,700.73",,353626.92
17-12-2025,UPI/DR/127057389153/Rapido/PAYTM/rapido@icici/UPI,437528160601,100.38,,353526.54
18-12-2025,UPI/DR/891041102115/Flipkart/ICICI/flipkart@ybl/UPI,884859732419,"2,740.63",,350785.91
18-12-2025,UPI/DR/256529334692/Nykaa/PAYTM/nykaa@razorpay/UPI,629016610980,850.09,,349935.82
19-12-2025,UPI/CR/735303562640/Rahul/BARB/rahulverm38@pthdfc/UPI,920788625950,,"6,500.26",356436.08
19-12-2025,ATM CASH WITHDRAWAL/95919/CHANDIGARH,258741881098,"8,500.00",,347936.08
19-12-2025,IMPS/P2M/929823455131//Ankit Tiwari/BDBL,506115277394,"14,100.55",,333835.53
19-12-2025,POS D MART CHANDIGARH,820730921216,"4,200.23",,329635.30
19-12-2025,UPI/DR/634724268803/Nikhil/BKID/nikhilkuma85@ptyes/UPI,059172949906,"16,300.26",,313335.04
20-12-2025,UPI/DR/434317965849/Vandana/UTIB/vandana566@ibl/UPI,145784575331,"20,550.75",,292784.29
20-12-2025,UPI/DR/104138647426/Uber/ICICI/uber@paytm/UPI,191542773997,"1,100.66",,291683.63
20-12-2025,UPI/DR/887904537346/Ola/ICICI/olamoney@ola/UPI,347744716832,"2,130.90",,289552.73
20-12-2025,UPI/DR/844614847988/Zomato/ICICI/zomato@axisbank/UPI,634056386605,"2,650.42",,286902.31
20-12-2025,UPI/DR/539540525208/Hathway/RAZORPAY/broadband@paytm/UPI,405428524659,"1,249.00",,285653.31
21-12-2025,UPI/DR/283167257078/Rapido/PAYTM/rapido@icici/UPI,883019327902,450.03,,285203.28
21-12-2025,POS HP PETROL PUMP CHANDIGA,114284726693,"2,750.97",,282452.31
22-12-2025,UPI/DR/349998380464/Indane/ICICI/indanegas@upi/UPI,715748252235,"1,900.80",,280551.51
22-12-2025,UPI/DR/696025313859/Sanjay/UTIB/sanjayjosh20@ptaxis/UPI,755677014150,"20,250.75",,260300.76
23-12-2025,POS BHARAT PETROLEUM CHANDIGA,004007643163,"1,000.82",,259299.94
23-12-2025,UPI/DR/666011727614/Zomato/ICICI/zomato@axisbank/UPI,906777418577,840.79,,258459.15
23-12-2025,UPI/DR/815913236536/Vi/PAYTM/vi@airtelaxis/UPI,208190889998,399.00,,258060.15
25-12-2025,UPI/DR/050557274420/Uber/ICICI/uber@paytm/UPI,923723159436,750.44,,257309.71
27-12-2025,UPI/DR/996713027078/Amazon/PAYTM/amazon@apl/UPI,175294106351,"3,650.48",,253659.23
28-12-2025,TRANSACTION CHARGES,049488077174,210.00,,253449.23
28-12-2025,GST ON CHARGES,580923440646,37.80,,253411.43
28-12-2025,INTEREST CREDIT,718088287951,,885.81,254297.24
28-12-2025,UPI/DR/914315441360/Vi/PAYTM/vi@airtelaxis/UPI,981058342160,639.00,,253658.24
29-12-2025,UPI/DR/905551565977/Anjali/KKBK/7536121489@ibl/UPI,711245537666,"3,950.28",,249707.96
31-12-2025,UPI/DR/980243539207/Ola/ICICI/olamoney@ola/UPI,239251018859,"2,340.73",,247367.23
01-01-2026,UPI/DR/769060656244/Dunzo/ICICI/dunzo@razorpay/UPI,796749526791,"2,380.11",,244987.12
01-01-2026,UPI/CR/253337379455/Manish/BDBL/manishdutt53@ptyes/UPI,732399804806,,"16,300.16",261287.28
01-01-2026,SALARY CREDIT/S9719089634857/Madura Garments Pvt Ltd,717574077840,,"120,765.69",382052.97
01-01-2026,POS BRAND FACTORY CHANDIGARH,827845487657,"4,400.77",,377652.20
02-01-2026,UPI/DR/138529859919/Jio/ICICI/jio@paytm/UPI,164438052309,"1,720.98",,375931.22
02-01-2026,UPI/CR/732076738608/Siddharth/UTIB/siddharth547@okicici/UPI,595939319695,,"16,700.72",392631.94
02-01-2026,ATM CASH WITHDRAWAL/03442/CHANDIGARH,384012207492,"3,000.00",,389631.94
03-01-2026,UPI/DR/736901154462/Ola/ICICI/olamoney@ola/UPI,186947629016,"2,300.82",,387331.12
04-01-2026,UPI/DR/469749250967/Asha/UTIB/7406254985@pthdfc/UPI,051561735313,"19,850.31",,367480.81
05-01-2026,UPI/DR/430016007110/Rapido/PAYTM/rapido@icici/UPI,548160662892,270.58,,367210.23
05-01-2026,UPI/DR/273385439639/Flipkart/ICICI/flipkart@ybl/UPI,647310144978,"1,580.58",,365629.65
05-01-2026,NACH/MANDATE/RNT9976417/RENT MANDATE,068112045695,"15,000.00",,350629.65
05-01-2026,UPI/DR/582525604123/Sanjay/HDFC/sanjay287@ptaxis/UPI,451181477304,"10,250.94",,340378.71
06-01-2026,UPI/CR/994709781562/Ramesh/SBIN/rameshdutt31@ptsbi/UPI,516255615658,,"21,850.35",362229.06
07-01-2026,UPI/DR/381533082281/Uber/PAYTM/uber@paytm/UPI,432422672970,300.86,,361928.20
07-01-2026,UPI/DR/525027463444/Paytm/ICICI/paytm@paytm/UPI,684725020475,"2,030.20",,359898.00
07-01-2026,POS BIG BAZAAR CHANDIGARH,869931535257,"7,000.31",,352897.69
08-01-2026,UPI/DR/707767506625/Rapido/PAYTM/rapido@icici/UPI,583067554323,880.18,,352017.51
08-01-2026,UPI/DR/977710422756/Pallavi/PUNB/pallavi481@aubank/UPI,413899396163,"4,400.86",,347616.65
08-01-2026,NACH/MANDATE/LN900669840349/Tata Capital Finance,442068105468,"17,000.00",,330616.65
09-01-2026,UPI/CR/842637698383/Lata/HDFC/2091389110@oksbi/UPI,887469269722,,"1,250.69",331867.34
09-01-2026,UPI/DR/176784319188/BigBasket/ICICI/bigbasket@ybl/UPI,709690138858,"2,450.80",,329416.54
09-01-2026,UPI/CR/546175569367/Shivam/UCBA/shivamshar31@aubank/UPI,939388207161,,"9,850.59",339267.13
12-01-2026,UPI/DR/392374728974/Indane/ICICI/indanegas@upi/UPI,423923824128,"1,650.24",,337616.89
13-01-2026,ATM CASH WITHDRAWAL/40321/CHANDIGARH,980581355343,"8,000.00",,329616.89
13-01-2026,UPI/DR/720005747865/Aditya/LICI/licindia@licindia/UPI,992808904607,"7,600.00",,322016.89
13-01-2026,UPI/DR/804474824710/Amazon/PAYTM/amazon@apl/UPI,298403514288,"1,700.63",,320316.26
13-01-2026,UPI/DR/015400158488/Maya/PUNB/maya.kapoor@oksbi/UPI,461664370695,"17,100.58",,303215.68
13-01-2026,POS METRO CASH CARRY CHANDIGARH,226011697815,"6,600.77",,296614.91
14-01-2026,UPI/CR/535991930162/Ritu/BKID/rituseth75@okicici/UPI,359715920180,,"15,750.66",312365.57
15-01-2026,UPI/DR/839078150397/Netmeds/ICICI/netmeds@paytm/UPI,431248107678,"3,290.24",,309075.33
15-01-2026,POS STAR BAZAAR CHANDIGARH,573281578881,300.35,,308774.98
16-01-2026,UPI/DR/511752331814/Flipkart/ICICI/flipkart@ybl/UPI,094702893267,"1,350.06",,307424.92
16-01-2026,IMPS/P2M/074758510758//Vivek Chaudhary/UTIB,432921016388,"8,300.66",,299124.26
17-01-2026,UPI/CR/389116435964/Gaurav/PUNB/gaurav.nair@upi/UPI,409035911410,,"3,500.75",302625.01
17-01-2026,UPI/CR/119847354387/Varsha/UCBA/varshamish19@ybl/UPI,321516701827,,"6,800.85",309425.86
17-01-2026,UPI/DR/086624928219/MSEDCL/UPIN/msedclpayment@upi/UPI,741299182315,950.01,,308475.85
18-01-2026,UPI/DR/636410674536/Rahul/UCBA/7199702292@ptaxis/UPI,943844149148,"20,700.60",,287775.25
19-01-2026,UPI/DR/575157167720/Zomato/ICICI/zomato@axisbank/UPI,317702548891,830.02,,286945.23
19-01-2026,POS RELIANCE PETROLEUM CHANDIGA,262526902440,"3,700.84",,283244.39
19-01-2026,POS VISHAL MEGA MART CHANDIGARH,137076584839,"5,600.26",,277644.13
21-01-2026,UPI/CR/819255975071/Asha/UTIB/ashaahuj67@apl/UPI,852413210241,,"14,500.27",292144.40
21-01-2026,UPI/CR/438349842747/Pallavi/BKID/pallavibane47@ptaxis/UPI,748529240655,,"9,000.18",301144.58
22-01-2026,UPI/DR/360875692276/Vi/PAYTM/vi@airtelaxis/UPI,479943073896,859.00,,300285.58
22-01-2026,UPI/DR/456914232494/Zomato/ICICI/zomato@axisbank/UPI,196494423707,"1,160.01",,299125.57
22-01-2026,ATM CASH WITHDRAWAL/13713/CHANDIGARH,528054302911,"2,000.00",,297125.57
22-01-2026,UPI/DR/091643616666/Amazon/ICICI/amazon@apl/UPI,886290340747,"2,690.63",,294434.94
23-01-2026,UPI/DR/290862550261/PhonePe/ICICI/phonepe@ybl/UPI,233137010821,120.68,,294314.26
24-01-2026,UPI/DR/015657848865/Uber/PAYTM/uber@paytm/UPI,295376733464,310.00,,294004.26
24-01-2026,UPI/DR/548211488640/Sachin/UTIB/4358345281@ptaxis/UPI,025817519984,"14,550.44",,279453.82
24-01-2026,UPI/DR/728918510276/Vi/PAYTM/vi@airtelaxis/UPI,598624123837,259.00,,279194.82
24-01-2026,POS RELIANCE PETROLEUM CHANDIGA,889918618087,"2,600.43",,276594.39
25-01-2026,UPI/DR/596652299886/Mamta/FDRL/mamta873@paytm/UPI,267007401789,"19,350.96",,257243.43
25-01-2026,UPI/DR/498157916957/Zomato/ICICI/zomato@axisbank/UPI,009296601895,"1,280.20",,255963.23
26-01-2026,POS BHARAT PETROLEUM CHANDIGA,236432542246,"2,350.99",,253612.24
26-01-2026,ATM CASH WITHDRAWAL/63659/CHANDIGARH,157091064530,"4,000.00",,249612.24
27-01-2026,UPI/DR/574469540927/Kavya/PUNB/kavyaagar18@ptaxis/UPI,918624266509,"8,900.22",,240712.02
27-01-2026,UPI/DR/926023090438/Rapido/PAYTM/rapido@icici/UPI,440265677806,560.94,,240151.08
28-01-2026,UPI/DR/691907549765/BigBasket/ICICI/bigbasket@ybl/UPI,692615885914,"2,800.03",,237351.05
28-01-2026,ATM CASH WITHDRAWAL/00771/CHANDIGARH,721130169750,"2,000.00",,235351.05
28-01-2026,UPI/DR/228456753914/Uber/ICICI/uber@paytm/UPI,756831552048,660.17,,234690.88
29-01-2026,ATM CASH WITHDRAWAL/27215/CHANDIGARH,818280007486,"7,000.00",,227690.88
29-01-2026,UPI/DR/613966079198/Blinkit/ICICI/blinkit@kotak/UPI,315622277356,"2,770.75",,224920.13
30-01-2026,UPI/DR/724652468634/BSNL/ICICI/bsnlbroadband@upi/UPI,581254634606,640.82,,224279.31
30-01-2026,POS INDIAN OIL CHANDIGA,301703439570,"2,500.42",,221778.89
31-01-2026,UPI/CR/656737661478/Manoj/BKID/manoj.thapar@ibl/UPI,506322683205,,"15,350.62",237129.51
01-02-2026,SALARY CREDIT/S2608868628551/Madura Garments Pvt Ltd,172241341389,,"120,015.69",357145.20
02-02-2026,POS V MART CHANDIGARH,394392534651,"6,700.60",,350444.60
02-02-2026,UPI/DR/273439356825/Sapna/BKID/sapna929@axl/UPI,026531389077,"21,400.82",,329043.78
02-02-2026,UPI/CR/017488444970/Harish/UCBA/harish929@kotak/UPI,113989050142,,"13,950.11",342993.89
02-02-2026,NACH/MANDATE/RNT8652876/RENT MANDATE,552225781801,"15,000.00",,327993.89
03-02-2026,UPI/DR/601603379388/BSNL/ICICI/bsnlbroadband@upi/UPI,893835908661,"2,360.60",,325633.29
03-02-2026,UPI/DR/511670814580/BSNL/ICICI/bsnlbroadband@upi/UPI,087154949487,"1,750.79",,323882.50
03-02-2026,UPI/DR/073229460270/Jyoti/BKID/jyotichat78@aubank/UPI,407757700490,"7,550.75",,316331.75
03-02-2026,POS LIFESTYLE STORES CHANDIGARH,076023680551,350.42,,315981.33
04-02-2026,UPI/DR/169274567635/Swiggy/ICICI/swiggy@icici/UPI,391305620907,"1,560.44",,314420.89
04-02-2026,UPI/DR/465751162225/Jyoti/PUNB/jyotiagar90@aubank/UPI,387571924253,"4,600.17",,309820.72
05-02-2026,NACH/MANDATE/LN900669840349/Tata Capital Finance,171165177984,"17,000.00",,292820.72
06-02-2026,ATM CASH WITHDRAWAL/47008/CHANDIGARH,455206194607,"7,500.00",,285320.72
06-02-2026,UPI/DR/733557124325/Zomato/ICICI/zomato@axisbank/UPI,215442917187,"2,700.51",,282620.21
07-02-2026,UPI/DR/742512486682/Amazon/ICICI/amazon@apl/UPI,442860549524,390.69,,282229.52
07-02-2026,UPI/DR/717677042570/Flipkart/PAYTM/flipkart@ybl/UPI,131216940727,"3,850.90",,278378.62
07-02-2026,UPI/DR/220547839511/Seema/UTIB/7461784690@ptyes/UPI,951686614336,"2,050.50",,276328.12
07-02-2026,UPI/DR/233071443544/Vi/PAYTM/vi@airtelaxis/UPI,224475978128,749.00,,275579.12
09-02-2026,UPI/DR/507793133892/Dunzo/ICICI/dunzo@razorpay/UPI,228307707503,"2,620.00",,272959.12
09-02-2026,UPI/CR/264131593940/Arun/UCBA/arunkulk16@pthdfc/UPI,083793301236,,"5,100.38",278059.50
10-02-2026,UPI/DR/299348725349/Aditya/LICI/licindia@licindia/UPI,528706421827,"7,600.00",,270459.50
10-02-2026,UPI/DR/636210701960/Rapido/PAYTM/rapido@icici/UPI,993026462117,900.90,,269558.60
12-02-2026,UPI/DR/330105434211/Ankit/KKBK/0837551996@aubank/UPI,400059766574,"1,150.53",,268408.07
13-02-2026,UPI/DR/125046238632/Vi/PAYTM/vi@airtelaxis/UPI,165565110687,249.00,,268159.07
13-02-2026,UPI/DR/447732684195/Vi/PAYTM/vi@airtelaxis/UPI,819083084910,649.00,,267510.07
14-02-2026,UPI/CR/989105364211/Sunil/FDRL/8270077218@aubank/UPI,463444348395,,"15,900.37",283410.44
17-02-2026,UPI/DR/659302649149/MSEDCL/UPIN/msedclpayment@upi/UPI,071528042445,"2,700.85",,280709.59
17-02-2026,IMPS/P2M/791104981853//Himanshu Verma/SBIN,960390991060,"24,500.75",,256208.84
17-02-2026,ATM CASH WITHDRAWAL/24558/CHANDIGARH,592977987132,"7,500.00",,248708.84
18-02-2026,UPI/DR/374774579608/Paytm/ICICI/paytm@paytm/UPI,644731675276,"1,340.44",,247368.40
18-02-2026,POS BRAND FACTORY CHANDIGARH,268188923865,"8,250.03",,239118.37
18-02-2026,UPI/CR/765203889954/Shivam/BARB/shivam.chopra@kotak/UPI,376397767514,,"2,950.54",242068.91
19-02-2026,UPI/DR/823348492350/Neha/FDRL/nehaiyer23@apl/UPI,557290785572,"7,150.55",,234918.36
19-02-2026,UPI/DR/255786283179/Hathway/RAZORPAY/broadband@paytm/UPI,715639992389,649.00,,234269.36
19-02-2026,UPI/DR/575140748403/Uber/PAYTM/uber@paytm/UPI,014334748379,320.76,,233948.60
19-02-2026,UPI/DR/199894797115/BSNL/ICICI/bsnlbroadband@upi/UPI,519040406242,"1,590.14",,232358.46
20-02-2026,UPI/DR/584607813439/Rajesh/UCBA/rajesh784@apl/UPI,636143322257,"16,550.73",,215807.73
20-02-2026,UPI/DR/532951262889/Kavita/PUNB/kavita324@aubank/UPI,973588358963,"21,250.49",,194557.24
20-02-2026,UPI/DR/422392394766/Vi/PAYTM/vi@airtelaxis/UPI,912314320958,439.00,,194118.24
20-02-2026,UPI/DR/849063137412/Vi/PAYTM/vi@airtelaxis/UPI,094126789984,819.00,,193299.24
21-02-2026,UPI/DR/056342993575/Indane/ICICI/indanegas@upi/UPI,951374376799,"1,200.16",,192099.08
21-02-2026,UPI/DR/217147710453/Uber/ICICI/uber@paytm/UPI,842450026090,"2,620.98",,189478.10
22-02-2026,UPI/DR/691324071050/PhonePe/ICICI/phonepe@ybl/UPI,185058460359,"1,220.25",,188257.85
24-02-2026,UPI/CR/745110261251/Prashant/KKBK/prashantpand68@aubank/UPI,907260216937,,"9,850.85",198108.70
25-02-2026,POS BHARAT PETROLEUM CHANDIGA,856530002782,"1,250.19",,196858.51
26-02-2026,UPI/DR/093668031859/MedPlus/ICICI/medplus@icici/UPI,561234502946,180.26,,196678.25
26-02-2026,UPI/DR/793825104283/Jio/ICICI/jio@paytm/UPI,444927084917,800.71,,195877.54
26-02-2026,UPI/DR/866867147400/PhonePe/ICICI/phonepe@ybl/UPI,755274583730,"2,090.53",,193787.01
26-02-2026,UPI/DR/661454011914/Swiggy/ICICI/swiggy@icici/UPI,926766977284,600.45,,193186.56
27-02-2026,UPI/DR/011337869711/Ola/PAYTM/olamoney@ola/UPI,800837890412,590.16,,192596.40
27-02-2026,UPI/DR/494545099650/Pallavi/UTIB/pallavichat71@oksbi/UPI,557516446910,"14,400.94",,178195.46
27-02-2026,UPI/DR/524493765279/Flipkart/ICICI/flipkart@ybl/UPI,220254523487,"2,170.13",,176025.33
28-02-2026,POS BHARAT PETROLEUM CHANDIGA,426299909341,"2,300.98",,173724.35
28-02-2026,POS SHOPPERS STOP CHANDIGARH,030907999858,"7,400.36",,166323.99
28-02-2026,UPI/CR/401228058092/Vivek/SBIN/vivek.menon@axl/UPI,669617095101,,"12,150.95",178474.94
28-02-2026,ATM CASH WITHDRAWAL/95395/CHANDIGARH,077710357425,"6,000.00",,172474.94
01-03-2026,UPI/CR/663112900317/Himanshu/BKID/5682653318@apl/UPI,267764509574,,"9,900.71",182375.65
01-03-2026,IMPS/P2M/732068976174//Ajay Sethi/BKID,572887689727,"15,300.49",,167075.16
01-03-2026,UPI/DR/388034238687/Sunil/FDRL/sunil546@axl/UPI,902302376345,"6,600.83",,160474.33
01-03-2026,UPI/DR/118231634075/Uber/ICICI/uber@paytm/UPI,859466561652,"1,030.47",,159443.86
02-03-2026,UPI/DR/642784419503/Flipkart/ICICI/flipkart@ybl/UPI,421352698325,"1,800.34",,157643.52
02-03-2026,POS MORE SUPER MARKET CHANDIGARH,047941349664,"8,150.37",,149493.15
03-03-2026,SALARY CREDIT/S9539007542902/Madura Garments Pvt Ltd,376406443446,,"116,126.69",265619.84
03-03-2026,UPI/DR/112413421556/Yogesh/HDFC/1975318029@okhdfcbank/UPI,496576901892,"21,450.05",,244169.79
04-03-2026,UPI/DR/375623445545/Vi/PAYTM/vi@airtelaxis/UPI,227625951071,469.00,,243700.79
04-03-2026,UPI/DR/140749047696/Ola/PAYTM/olamoney@ola/UPI,322909382163,120.68,,243580.11
04-03-2026,UPI/CR/097408267507/Mahesh/FDRL/mahesh.kulkarni@ptyes/UPI,250522700171,,"11,650.43",255230.54
04-03-2026,UPI/DR/665733903364/Vandana/FDRL/vandana116@oksbi/UPI,994039398352,"13,800.65",,241429.89
05-03-2026,ATM CASH WITHDRAWAL/26198/CHANDIGARH,874156574053,"4,000.00",,237429.89
05-03-2026,IMPS/P2M/322450164744//Divya Banerjee/UTIB,442965795110,"22,500.38",,214929.51
05-03-2026,UPI/CR/584950113911/Anita/BDBL/anita.patil@oksbi/UPI,556038930829,,"10,850.97",225780.48
06-03-2026,UPI/CR/160806582492/Siddharth/KKBK/siddharth918@upi/UPI,386714937865,,"19,600.73",245381.21
06-03-2026,UPI/CR/232577233646/Pankaj/FDRL/pankaj279@kotak/UPI,210681027551,,"4,500.80",249882.01
07-03-2026,NACH/MANDATE/RNT7031221/RENT MANDATE,222345886168,"15,000.00",,234882.01
07-03-2026,UPI/CR/069341713978/Ankit/PUNB/ankitshah92@ptyes/UPI,008043719152,,"12,700.60",247582.61
08-03-2026,NACH/MANDATE/LN900669840349/Tata Capital Finance,509720559640,"17,000.00",,230582.61
08-03-2026,UPI/DR/179360724575/Rapido/PAYTM/rapido@icici/UPI,369797396214,360.58,,230222.03
08-03-2026,POS BRAND FACTORY CHANDIGARH,073146286958,"7,500.40",,222721.63
08-03-2026,ATM CASH WITHDRAWAL/97860/CHANDIGARH,071813925848,"2,000.00",,220721.63
08-03-2026,UPI/DR/647556413810/Ola/ICICI/olamoney@ola/UPI,106044436582,"2,540.13",,218181.50
09-03-2026,UPI/DR/763484417198/Aditya/LICI/licindia@licindia/UPI,628499712233,"7,600.00",,210581.50
10-03-2026,UPI/DR/313848773800/Mukesh/BKID/mukesh973@pthdfc/UPI,748538684957,"9,550.41",,201031.09
10-03-2026,UPI/DR/901592569683/PhonePe/ICICI/phonepe@ybl/UPI,220151444000,"2,580.65",,198450.44
11-03-2026,UPI/DR/814622395888/Dunzo/ICICI/dunzo@razorpay/UPI,255262865656,"1,570.25",,196880.19
12-03-2026,UPI/DR/054968336511/Apollo/ICICI/apollopharmacy@ybl/UPI,565298719951,"2,380.92",,194499.27
12-03-2026,UPI/DR/598485520312/Nykaa/PAYTM/nykaa@razorpay/UPI,920171303048,"1,850.78",,192648.49
12-03-2026,UPI/DR/581024776463/MSEDCL/UPIN/msedclpayment@upi/UPI,162135634478,"2,950.66",,189697.83
12-03-2026,UPI/DR/570596088251/BSNL/ICICI/bsnlbroadband@upi/UPI,373906562169,210.24,,189487.59
13-03-2026,UPI/DR/514655256075/Ola/PAYTM/olamoney@ola/UPI,765564633259,630.57,,188857.02
13-03-2026,UPI/DR/958490143710/Jio/ICICI/jio@paytm/UPI,515696627885,"2,730.63",,186126.39
13-03-2026,UPI/DR/060912409492/IRCTC/ICICI/irctc@upi/UPI,933054310806,749.00,,185377.39
14-03-2026,UPI/CR/280157905348/Arun/BDBL/arun494@aubank/UPI,112484798420,,"16,950.71",202328.10
14-03-2026,UPI/CR/239107545394/Deepak/KKBK/7124186373@ybl/UPI,480584826233,,"17,000.68",219328.78
14-03-2026,UPI/CR/898506681113/Manish/UTIB/manish.ghosh@ptsbi/UPI,951019143921,,"1,500.58",220829.36
15-03-2026,UPI/DR/692973203972/Amazon/ICICI/amazon@apl/UPI,384525140934,380.41,,220448.95
15-03-2026,UPI/DR/694129814313/BSNL/ICICI/bsnlbroadband@upi/UPI,776526608302,480.03,,219968.92
17-03-2026,UPI/DR/981627179400/Jio/ICICI/jio@paytm/UPI,685433330568,"1,830.47",,218138.45
18-03-2026,ATM CASH WITHDRAWAL/23594/CHANDIGARH,343121889104,"3,000.00",,215138.45
19-03-2026,UPI/DR/369906111997/Dunzo/ICICI/dunzo@razorpay/UPI,832811234149,800.20,,214338.25
19-03-2026,IMPS/P2M/220571362632//Sonia Ahuja/UTIB,245205333357,"26,200.86",,188137.39
19-03-2026,UPI/DR/868984826527/Blinkit/ICICI/blinkit@kotak/UPI,105303898098,"1,220.91",,186916.48
19-03-2026,UPI/CR/529507821354/Pankaj/SBIN/pankaj377@upi/UPI,832573843397,,"9,000.47",195916.95
19-03-2026,UPI/DR/073851505745/Varsha/PUNB/1215592078@okicici/UPI,541164897972,"5,150.71",,190766.24
22-03-2026,UPI/DR/905987086754/Vi/PAYTM/vi@airtelaxis/UPI,505660814643,219.00,,190547.24
23-03-2026,UPI/DR/234421667861/Jio/ICICI/jio@paytm/UPI,439027639641,590.78,,189956.46
24-03-2026,UPI/DR/894137530963/Indane/ICICI/indanegas@upi/UPI,618980016253,"1,850.74",,188105.72
25-03-2026,UPI/DR/585981672570/Vi/PAYTM/vi@airtelaxis/UPI,008817355447,519.00,,187586.72
26-03-2026,UPI/DR/649653866340/Vi/PAYTM/vi@airtelaxis/UPI,935666783192,179.00,,187407.72
26-03-2026,UPI/DR/716964961332/Amazon/PAYTM/amazon@apl/UPI,640662704928,"2,200.46",,185207.26
26-03-2026,POS D MART CHANDIGARH,331243846747,"1,100.28",,184106.98
26-03-2026,POS MORE SUPER MARKET CHANDIGARH,168010433480,"2,100.69",,182006.29
27-03-2026,POS RELIANCE PETROLEUM CHANDIGA,354249364409,"2,800.18",,179206.11
27-03-2026,UPI/DR/990004721527/Vi/PAYTM/vi@airtelaxis/UPI,812583308522,279.00,,178927.11
28-03-2026,UPI/DR/053159884102/Paytm/ICICI/paytm@paytm/UPI,526398075928,"2,780.66",,176146.45
28-03-2026,UPI/DR/996314416866/PhonePe/ICICI/phonepe@ybl/UPI,968103191170,590.48,,175555.97
28-03-2026,INTEREST CREDIT,922544525883,,415.42,175971.39
28-03-2026,UPI/CR/824218132658/Meena/HDFC/7436924368@ptsbi/UPI,037728614451,,"21,500.97",197472.36
30-03-2026,POS METRO CASH CARRY CHANDIGARH,150939466709,"4,500.55",,192971.81
31-03-2026,UPI/CR/459823873879/Lalit/UTIB/lalitahuj28@ptsbi/UPI,849377717984,,"18,650.62",211622.43
31-03-2026,ATM CASH WITHDRAWAL/08469/CHANDIGARH,412067934382,"5,000.00",,206622.43
31-03-2026,POS HP PETROL PUMP CHANDIGA,727703706886,"2,650.32",,203972.11
01-04-2026,SALARY CREDIT/S5442654442749/Madura Garments Pvt Ltd,882146923368,,"116,828.69",320800.80
02-04-2026,UPI/DR/477040927506/BSNL/ICICI/bsnlbroadband@upi/UPI,123394285473,970.41,,319830.39
02-04-2026,NACH/MANDATE/RNT1226836/RENT MANDATE,243560045391,"15,000.00",,304830.39
02-04-2026,UPI/DR/038963921142/Vi/PAYTM/vi@airtelaxis/UPI,091784532556,529.00,,304301.39
03-04-2026,UPI/DR/820224662350/Vi/PAYTM/vi@airtelaxis/UPI,565364779201,979.00,,303322.39
03-04-2026,UPI/CR/718043465753/Divya/SBIN/0879837986@axl/UPI,123458780405,,"20,850.85",324173.24
03-04-2026,UPI/DR/342021046321/Sunil/HDFC/sunilyada59@upi/UPI,997344443802,"4,800.38",,319372.86
03-04-2026,UPI/DR/969436147534/Dunzo/ICICI/dunzo@razorpay/UPI,773174419610,"1,560.75",,317812.11
04-04-2026,UPI/DR/222076918338/Myntra/PAYTM/myntra@ybl/UPI,870243352751,"1,500.58",,316311.53
04-04-2026,UPI/DR/645641593659/Paytm/ICICI/paytm@paytm/UPI,394603781991,"1,230.55",,315080.98
04-04-2026,POS MAX FASHION CHANDIGARH,922488894379,"6,850.62",,308230.36
05-04-2026,UPI/DR/118639028832/Aditya/LICI/licindia@licindia/UPI,488505571099,"7,600.00",,300630.36
05-04-2026,UPI/DR/641261848294/Varun/SBIN/varunmalh69@ptsbi/UPI,934462952820,"7,000.17",,293630.19
05-04-2026,NACH/MANDATE/LN900669840349/Tata Capital Finance,207117247471,"17,000.00",,276630.19
05-04-2026,POS MAX FASHION CHANDIGARH,988957387937,"6,350.18",,270280.01
05-04-2026,UPI/DR/744227040383/Myntra/ICICI/myntra@ybl/UPI,099555282157,399.00,,269881.01
05-04-2026,UPI/DR/514940388839/Amazon/PAYTM/amazon@apl/UPI,523255702592,"2,450.21",,267430.80
06-04-2026,POS D MART CHANDIGARH,352830184306,"7,250.39",,260180.41
06-04-2026,UPI/DR/341312600400/Vandana/HDFC/vandanakapo34@ibl/UPI,193385553811,"2,600.46",,257579.95
07-04-2026,UPI/DR/963127463481/Jyoti/BKID/jyoti.ahuja@ibl/UPI,053435084230,"16,850.95",,240729.00
07-04-2026,UPI/CR/339049132431/Rani/BARB/rani.kulkarni@ptsbi/UPI,696704274168,,"9,850.72",250579.72
07-04-2026,POS MAX FASHION CHANDIGARH,794432105104,"5,550.26",,245029.46
08-04-2026,UPI/DR/271726448841/Vi/PAYTM/vi@airtelaxis/UPI,603640465270,829.00,,244200.46
09-04-2026,ATM CASH WITHDRAWAL/92817/CHANDIGARH,608539882345,"9,500.00",,234700.46
09-04-2026,UPI/DR/296689909831/Amazon/ICICI/amazon@apl/UPI,813028284396,"1,780.03",,232920.43
10-04-2026,UPI/CR/255079277698/Kapil/UTIB/kapil.sethi@oksbi/UPI,188072936942,,"20,150.90",253071.33
10-04-2026,UPI/DR/193409048201/MSEDCL/UPIN/msedclpayment@upi/UPI,259863229905,"3,800.11",,249271.22
11-04-2026,POS MAX FASHION CHANDIGARH,505643773492,"2,600.98",,246670.24
11-04-2026,UPI/DR/998413369698/Swati/HDFC/swatidube27@pthdfc/UPI,436241626345,"11,350.02",,235320.22
12-04-2026,POS SHELL FUEL STATION CHANDIGA,134879103455,"1,150.69",,234169.53
12-04-2026,UPI/DR/756524141368/Hathway/RAZORPAY/broadband@paytm/UPI,199941906135,749.00,,233420.53
12-04-2026,UPI/DR/175707020805/Jyoti/BDBL/jyotichau92@ptsbi/UPI,982427575246,"7,800.48",,225620.05
14-04-2026,POS BHARAT PETROLEUM CHANDIGA,698484949155,"1,800.56",,223819.49
14-04-2026,POS HP PETROL PUMP CHANDIGA,899963043073,"1,650.55",,222168.94
15-04-2026,UPI/DR/894504284384/BSNL/ICICI/bsnlbroadband@upi/UPI,222012982211,"1,620.78",,220548.16
15-04-2026,UPI/DR/109912753966/Arun/HDFC/6525042458@paytm/UPI,946625733149,"21,000.04",,199548.12
15-04-2026,ATM CASH WITHDRAWAL/57108/CHANDIGARH,489900110078,"2,000.00",,197548.12
16-04-2026,UPI/DR/153799077313/Uber/PAYTM/uber@paytm/UPI,312153539786,840.72,,196707.40
16-04-2026,UPI/DR/846551066554/BigBasket/ICICI/bigbasket@ybl/UPI,418021570410,"1,020.54",,195686.86
16-04-2026,UPI/DR/060006196464/Vijay/KKBK/vijay449@ptsbi/UPI,984446404777,"21,700.78",,173986.08
16-04-2026,UPI/DR/620383407406/Uber/ICICI/uber@paytm/UPI,211549180231,"2,670.49",,171315.59
16-04-2026,UPI/DR/562535929628/Rapido/PAYTM/rapido@icici/UPI,754264668987,500.75,,170814.84
17-04-2026,UPI/DR/084216180374/Nykaa/PAYTM/nykaa@razorpay/UPI,229260335563,"2,850.32",,167964.52
17-04-2026,ATM CASH WITHDRAWAL/44292/CHANDIGARH,460877816617,"1,500.00",,166464.52
18-04-2026,UPI/DR/415479130736/Uber/PAYTM/uber@paytm/UPI,657866268605,540.57,,165923.95
19-04-2026,UPI/DR/521837188819/Kapil/KKBK/4504810713@pthdfc/UPI,246374447122,"10,950.96",,154972.99
19-04-2026,UPI/DR/250423032803/Amazon/ICICI/amazon@apl/UPI,480723650111,"2,210.46",,152762.53
19-04-2026,UPI/DR/482164868681/Blinkit/ICICI/blinkit@kotak/UPI,916922583442,670.01,,152092.52
20-04-2026,UPI/DR/977859579198/Indane/ICICI/indanegas@upi/UPI,096749844470,"1,900.52",,150192.00
20-04-2026,UPI/DR/546961776478/Seema/PUNB/seemabose24@kotak/UPI,848575895651,"3,500.08",,146691.92
20-04-2026,POS METRO CASH CARRY CHANDIGARH,562459939287,"1,100.65",,145591.27
21-04-2026,UPI/DR/258467827414/1mg/ICICI/tatahealth@icici/UPI,846164511192,"1,980.22",,143611.05
21-04-2026,UPI/DR/446664332187/BigBasket/ICICI/bigbasket@ybl/UPI,810059610472,"2,100.26",,141510.79
22-04-2026,UPI/DR/014158227422/Vi/PAYTM/vi@airtelaxis/UPI,517380750749,629.00,,140881.79
22-04-2026,UPI/DR/462450738272/Blinkit/ICICI/blinkit@kotak/UPI,574881367544,"2,740.25",,138141.54
22-04-2026,UPI/DR/430990803874/PhonePe/ICICI/phonepe@ybl/UPI,364470645653,"2,620.89",,135520.65
23-04-2026,UPI/DR/306041035667/Flipkart/ICICI/flipkart@ybl/UPI,564944764794,"2,120.68",,133399.97
24-04-2026,UPI/DR/447625496883/Abhishek/UCBA/6908359731@ibl/UPI,708785598724,"9,800.71",,123599.26
24-04-2026,UPI/DR/208892634162/Swiggy/ICICI/swiggy@icici/UPI,169516828183,"1,730.04",,121869.22
25-04-2026,UPI/DR/176952517238/Naveen/HDFC/naveen.sen@apl/UPI,634593622290,250.33,,121618.89
26-04-2026,UPI/DR/957594681774/Archana/FDRL/archanapati24@apl/UPI,886101397257,"21,500.86",,100118.03
26-04-2026,UPI/DR/052634520566/Jio/ICICI/jio@paytm/UPI,088290180544,"2,140.91",,97977.12
26-04-2026,POS SHOPPERS STOP CHANDIGARH,254780002837,"2,800.25",,95176.87
26-04-2026,UPI/DR/653326621524/Ola/PAYTM/olamoney@ola/UPI,766148420971,570.47,,94606.40
26-04-2026,UPI/DR/891529432820/Asha/KKBK/asha.ghosh@aubank/UPI,811673757057,"6,900.16",,87706.24
27-04-2026,POS PANTALOONS CHANDIGARH,128077635681,"4,550.63",,83155.61
28-04-2026,UPI/DR/959012557760/Shreya/PUNB/shreyabaja20@okaxis/UPI,707378680805,"8,200.87",,74954.74
28-04-2026,ATM CASH WITHDRAWAL/52586/CHANDIGARH,388772724654,"9,000.00",,65954.74
30-04-2026,ATM CASH WITHDRAWAL/20369/CHANDIGARH,072972342370,"4,500.00",,61454.74
30-04-2026,GST ON CHARGES,023273100925,63.00,,61391.74
30-04-2026,UPI/CR/575436694577/Asha/UTIB/asha.saxena@kotak/UPI,122676260699,,950.09,62341.83
30-04-2026,TRANSACTION CHARGES,287732417902,350.00,,61991.83
30-04-2026,UPI/DR/460580435504/Asha/SBIN/9958580135@ptaxis/UPI,418066120688,"21,100.96",,40890.87
01-05-2026,UPI/DR/105409262917/Uber/ICICI/uber@paytm/UPI,343238001596,"1,890.87",,39000.00
01-05-2026,UPI/CR/952063308360/Deepa/UTIB/deepajosh44@ptaxis/UPI,485560673265,,"7,850.47",46850.47
02-05-2026,POS BHARAT PETROLEUM CHANDIGA,734648598722,"4,350.70",,42499.77
02-05-2026,UPI/CR/392146733798/Ravi/BARB/9264415660@apl/UPI,025577237846,,"1,500.93",44000.70
03-05-2026,SALARY CREDIT/S7594775692772/Madura Garments Pvt Ltd,402816698017,,"120,586.69",164587.39
04-05-2026,NACH/MANDATE/RNT7593162/RENT MANDATE,820889885409,"15,000.00",,149587.39
04-05-2026,POS RELIANCE PETROLEUM CHANDIGA,689191276616,"3,100.41",,146486.98
05-05-2026,UPI/CR/639467947301/Sneha/BARB/sneha220@ptsbi/UPI,606042078424,,"13,050.11",159537.09
06-05-2026,UPI/DR/436459706143/BSNL/ICICI/bsnlbroadband@upi/UPI,625852634548,"1,940.66",,157596.43
06-05-2026,NACH/MANDATE/LN900669840349/Tata Capital Finance,736267515295,"17,000.00",,140596.43
06-05-2026,POS VISHAL MEGA MART CHANDIGARH,525389727862,"6,950.16",,133646.27
07-05-2026,UPI/DR/604502443634/IRCTC/ICICI/irctc@upi/UPI,463805622474,949.00,,132697.27
07-05-2026,UPI/DR/000040902983/Vi/PAYTM/vi@airtelaxis/UPI,529217100837,399.00,,132298.27
08-05-2026,UPI/CR/973164112823/Geeta/UCBA/geeta520@paytm/UPI,597501490966,,"18,650.56",150948.83
08-05-2026,UPI/DR/691977257659/Mohan/SBIN/mohan904@ybl/UPI,410985212197,"3,950.86",,146997.97
08-05-2026,UPI/CR/682843974581/Abhishek/UTIB/4187885898@kotak/UPI,345981061222,,"12,200.95",159198.92
