Bank Name,KOTAK MAHINDRA BANK LTD
Account Number,0709015866
Account Holder Name,VIVEK NAIR
Branch,KOREGAON PARK
IFSC Code,KKBK0447446
Statement Period,01-12-2024 To 09-05-2026

Date,Description,Ref/ChequeNo,Debit,Credit,Balance
01-12-2024,POS BRAND FACTORY MUMBAI,669601896450,"7,600.75",,627186.62
01-12-2024,POS INDIAN OIL MUMBAI,745719448988,"2,550.50",,624636.12
01-12-2024,UPI/DR/400865474126/Uber/ICICI/uber@paytm/UPI,577916847232,"2,080.77",,622555.35
01-12-2024,SALARY CREDIT/S6501516562957/Blue Dart Express Ltd,245427127576,,"129,515.46",752070.81
01-12-2024,UPI/DR/501314497313/Maya/SBIN/7573589377@ptaxis/UPI,352585638411,"11,200.81",,740870.00
02-12-2024,UPI/DR/517220763821/Dunzo/ICICI/dunzo@razorpay/UPI,885530632402,"2,140.73",,738729.27
02-12-2024,UPI/DR/771122298592/Zepto/ICICI/zepto@apl/UPI,434959247397,920.33,,737808.94
03-12-2024,NACH/MANDATE/RNT8195281/RENT MANDATE,075296986673,"25,500.00",,712308.94
04-12-2024,UPI/DR/591299668530/Myntra/PAYTM/myntra@ybl/UPI,067004195036,"1,550.97",,710757.97
04-12-2024,NACH/MANDATE/LN607695677423/Tata Capital Finance,530678908254,"7,000.00",,703757.97
04-12-2024,POS MORE SUPER MARKET MUMBAI,726137157278,"8,400.64",,695357.33
04-12-2024,UPI/DR/370057545261/Ritu/FDRL/ritu.malhotra@axl/UPI,846108897780,"5,400.18",,689957.15
05-12-2024,POS BIG BAZAAR MUMBAI,110400217390,"5,450.29",,684506.86
05-12-2024,POS CENTRAL MALL MUMBAI,409197756053,"4,000.32",,680506.54
05-12-2024,UPI/DR/434227538379/Gopal/BARB/gopal.iyer@okhdfcbank/UPI,131090800297,"15,050.38",,665456.16
06-12-2024,POS BRAND FACTORY MUMBAI,019481339097,"2,100.33",,663355.83
06-12-2024,IMPS-814239066398-Gopal Iyer,545564564258,"29,800.01",,633555.82
07-12-2024,NEFT/N9924469867529/Madura Garments Pvt ,150745794055,,"11,000.99",644556.81
07-12-2024,ATM-CASH-WDL/INU744123/MUMBAI,420965958874,"1,000.00",,643556.81
07-12-2024,UPI/DR/607423417683/Mina/HDFC/mina882@oksbi/UPI,050687044503,"6,650.32",,636906.49
08-12-2024,UPI/DR/104711260559/Flipkart/ICICI/flipkart@ybl/UPI,691560434639,"2,770.51",,634135.98
08-12-2024,UPI/CR/090321064180/Gopal/SBIN/gopalchop67@oksbi/UPI,287099351585,,"18,350.87",652486.85
08-12-2024,POS BHARAT PETROLEUM MUMBAI,581783523340,"2,100.46",,650386.39
08-12-2024,ATM-CASH-WDL/HYH930274/MUMBAI,314940462956,"4,000.00",,646386.39
08-12-2024,UPI/DR/908511167644/Aditya/LICI/licindia@licindia/UPI,372879306723,"2,800.00",,643586.39
09-12-2024,UPI/DR/439675430170/Uber/ICICI/uber@paytm/UPI,074608419795,"2,560.54",,641025.85
09-12-2024,UPI/DR/062893279482/Amazon/ICICI/amazon@apl/UPI,749566730747,940.21,,640085.64
10-12-2024,UPI/DR/983157715193/BSNL/ICICI/bsnlbroadband@upi/UPI,376715025588,710.66,,639374.98
10-12-2024,UPI/DR/062136860748/Rekha/BKID/rekha.chatterjee@axl/UPI,044046734230,"18,550.54",,620824.44
10-12-2024,UPI/DR/014874449547/Uber/PAYTM/uber@paytm/UPI,921414050501,710.41,,620114.03
12-12-2024,POS V MART MUMBAI,983484967867,"4,250.36",,615863.67
12-12-2024,POS SHOPPERS STOP MUMBAI,748016857969,"3,200.30",,612663.37
12-12-2024,UPI/DR/634829867181/Vi/PAYTM/jio@paytm/UPI,377307499849,829.00,,611834.37
13-12-2024,UPI/DR/004579587685/Pooja/SBIN/poojajosh33@oksbi/UPI,999799673044,"5,550.92",,606283.45
13-12-2024,UPI/DR/407095533831/Ola/PAYTM/olamoney@ola/UPI,178964164341,430.18,,605853.27
13-12-2024,UPI/DR/453417216967/Vi/PAYTM/jio@paytm/UPI,008511495379,449.00,,605404.27
14-12-2024,NACH/MANDATE/SIP2081649/Mirae Asset MF,696556144572,"5,000.00",,600404.27
15-12-2024,UPI/DR/010101812998/MedPlus/ICICI/medplus@icici/UPI,102111364077,160.54,,600243.73
17-12-2024,UPI/DR/806108867716/Flipkart/ICICI/flipkart@ybl/UPI,625442447989,"2,040.82",,598202.91
17-12-2024,UPI/CR/817417216411/Poonam/FDRL/9342833289@okicici/UPI,982451747781,,"3,350.86",601553.77
18-12-2024,UPI/DR/083700949977/Indane/ICICI/indanegas@upi/UPI,329046039852,"1,200.09",,600353.68
18-12-2024,UPI/DR/455421065433/CESC/UPIN/cescpayment@upi/UPI,395021156657,"3,900.78",,596452.90
19-12-2024,UPI/DR/780748481047/Ola/ICICI/olamoney@ola/UPI,372634199559,"2,540.11",,593912.79
20-12-2024,ATM-CASH-WDL/WPJ603890/MUMBAI,432796234771,"2,000.00",,591912.79
20-12-2024,UPI/DR/350057840348/Siddharth/UTIB/siddharth.tiwari@ptsbi/UPI,602039909238,"8,250.07",,583662.72
20-12-2024,UPI/DR/730483222221/Ramesh/UCBA/ramesh.banerjee@axl/UPI,094584377635,"3,300.10",,580362.62
21-12-2024,POS D MART MUMBAI,948173134023,"1,100.47",,579262.15
21-12-2024,UPI/CR/610888384167/Jyoti/KKBK/jyotinair51@paytm/UPI,098681355713,,"20,900.95",600163.10
22-12-2024,UPI/DR/265229399792/Amazon/ICICI/amazon@apl/UPI,235902541328,"2,210.68",,597952.42
22-12-2024,UPI/DR/466978536849/Meena/BKID/5516103646@apl/UPI,152443084952,"9,550.93",,588401.49
23-12-2024,UPI/DR/657252052119/Dunzo/ICICI/dunzo@razorpay/UPI,520260991723,440.90,,587960.59
24-12-2024,UPI/DR/882888750427/Rapido/PAYTM/rapido@icici/UPI,485070714387,760.37,,587200.22
24-12-2024,UPI/CR/344080785803/Mahesh/UTIB/5360283434@ibl/UPI,495916643311,,"7,900.02",595100.24
25-12-2024,UPI/DR/463687131372/Zomato/ICICI/zomato@axisbank/UPI,932920622060,300.57,,594799.67
25-12-2024,UPI/DR/608346195074/Vi/PAYTM/jio@paytm/UPI,658164830492,709.00,,594090.67
25-12-2024,UPI/DR/554332299448/Nikhil/BARB/3084475256@ybl/UPI,229015348798,"11,650.77",,582439.90
26-12-2024,UPI/DR/948289570353/Pallavi/PUNB/pallavi142@kotak/UPI,830967416293,"19,600.15",,562839.75
26-12-2024,UPI/CR/854335860915/Tarun/SBIN/2476239687@apl/UPI,502410042474,,"12,350.26",575190.01
27-12-2024,POS RELIANCE PETROLEUM MUMBAI,930969453859,"3,100.12",,572089.89
28-12-2024,INTEREST CREDIT,508509449787,,575.00,572664.89
28-12-2024,UPI/DR/013147426982/Vi/PAYTM/jio@paytm/UPI,867099554802,799.00,,571865.89
28-12-2024,UPI/DR/665761755925/Flipkart/ICICI/flipkart@ybl/UPI,570356431604,"1,210.50",,570655.39
29-12-2024,GST ON CHARGES,835459899353,14.40,,570640.99
29-12-2024,UPI/DR/356777121782/Rapido/PAYTM/rapido@icici/UPI,651653587782,530.84,,570110.15
29-12-2024,ACCOUNT MAINTENANCE CHARGES,725507648486,80.00,,570030.15
29-12-2024,UPI/DR/845579122301/Rapido/PAYTM/rapido@icici/UPI,621927207022,130.30,,569899.85
30-12-2024,UPI/DR/399376084431/Zomato/ICICI/zomato@axisbank/UPI,656027876914,910.19,,568989.66
30-12-2024,ATM-CASH-WDL/JEG722782/MUMBAI,684303620391,"5,000.00",,563989.66
30-12-2024,UPI/DR/015544223752/Paytm/ICICI/paytm@paytm/UPI,840771113811,"2,680.75",,561308.91
30-12-2024,UPI/DR/966657037900/PhonePe/ICICI/phonepe@ybl/UPI,042315994315,"1,860.39",,559448.52
31-12-2024,UPI/DR/372287905852/Dunzo/ICICI/dunzo@razorpay/UPI,919532013243,380.99,,559067.53
31-12-2024,UPI/DR/796869339774/BigBasket/ICICI/bigbasket@ybl/UPI,683720101027,"2,710.92",,556356.61
31-12-2024,UPI/DR/478657145152/Krishna/SBIN/krishna.thapar@ibl/UPI,579681286903,"5,400.02",,550956.59
01-01-2025,ATM-CASH-WDL/JQC763882/MUMBAI,212292107524,"7,500.00",,543456.59
01-01-2025,UPI/DR/821652668917/Ravi/HDFC/ravipate59@ptaxis/UPI,578863713301,"10,200.21",,533256.38
02-01-2025,UPI/DR/608756299110/Flipkart/PAYTM/flipkart@ybl/UPI,337195508089,"5,600.65",,527655.73
02-01-2025,UPI/DR/554549663176/Dunzo/ICICI/dunzo@razorpay/UPI,527100900034,"2,640.44",,525015.29
02-01-2025,UPI/DR/177467988661/Zomato/ICICI/zomato@axisbank/UPI,418662490918,"1,200.33",,523814.96
03-01-2025,POS RELIANCE PETROLEUM MUMBAI,021746144666,"2,700.57",,521114.39
03-01-2025,SALARY CREDIT/S5712613758809/Blue Dart Express Ltd,557069350647,,"131,534.46",652648.85
03-01-2025,UPI/DR/537797385101/Jio/ICICI/jio@paytm/UPI,897730566953,"1,210.89",,651437.96
03-01-2025,UPI/DR/162479834168/BSNL/RAZORPAY/broadband@paytm/UPI,313258645221,649.00,,650788.96
04-01-2025,UPI/DR/387039246391/Dunzo/ICICI/dunzo@razorpay/UPI,467938250463,"2,480.40",,648308.56
04-01-2025,NACH/MANDATE/RNT2433021/RENT MANDATE,654260946241,"25,500.00",,622808.56
05-01-2025,NACH/MANDATE/LN607695677423/Tata Capital Finance,393657810147,"7,000.00",,615808.56
05-01-2025,UPI/DR/311634703479/Dunzo/ICICI/dunzo@razorpay/UPI,910427477359,470.59,,615337.97
05-01-2025,UPI/DR/725152181000/Swiggy/ICICI/swiggy@icici/UPI,666041365656,"2,110.66",,613227.31
06-01-2025,UPI/DR/168789092675/Practo/ICICI/practo@paytm/UPI,234456716481,399.00,,612828.31
06-01-2025,UPI/DR/391023492323/Kavita/BARB/7084090517@pthdfc/UPI,870346144304,"12,150.97",,600677.34
06-01-2025,POS RELIANCE PETROLEUM MUMBAI,896457988586,"1,800.27",,598877.07
07-01-2025,POS MAX FASHION MUMBAI,339516079176,"7,100.17",,591776.90
08-01-2025,UPI/DR/833389208330/Ola/ICICI/olamoney@ola/UPI,217577782207,320.08,,591456.82
09-01-2025,UPI/DR/174294353928/PhonePe/ICICI/phonepe@ybl/UPI,220592719662,230.94,,591225.88
09-01-2025,UPI/DR/426223143542/Sumit/BDBL/sumit704@ibl/UPI,867801541803,"15,600.13",,575625.75
09-01-2025,POS METRO CASH CARRY MUMBAI,326403266288,"4,400.30",,571225.45
10-01-2025,UPI/DR/775120861937/Rapido/PAYTM/rapido@icici/UPI,336465136505,370.11,,570855.34
10-01-2025,UPI/DR/491817427284/Zepto/ICICI/zepto@apl/UPI,196726944641,"2,650.57",,568204.77
11-01-2025,POS MORE SUPER MARKET MUMBAI,269550016854,"8,450.53",,559754.24
11-01-2025,UPI/DR/881071481958/Vi/PAYTM/jio@paytm/UPI,618575590008,279.00,,559475.24
13-01-2025,UPI/CR/911704985789/Anita/PUNB/6575348155@ptyes/UPI,865370535324,,"1,850.85",561326.09
14-01-2025,UPI/DR/195582246759/Zomato/ICICI/zomato@axisbank/UPI,853607218074,620.14,,560705.95
14-01-2025,UPI/CR/382858284947/Renu/HDFC/renumukh53@okaxis/UPI,461069285991,,"6,700.96",567406.91
14-01-2025,UPI/DR/539457236785/Paytm/ICICI/paytm@paytm/UPI,332545640239,970.04,,566436.87
16-01-2025,ATM-CASH-WDL/VUV076370/MUMBAI,481168282018,"9,500.00",,556936.87
17-01-2025,UPI/DR/155014782335/Abhishek/FDRL/abhishek337@upi/UPI,038296612414,"5,450.07",,551486.80
17-01-2025,UPI/DR/214895552048/Vi/PAYTM/jio@paytm/UPI,305429030026,199.00,,551287.80
17-01-2025,UPI/DR/549943638268/Rapido/PAYTM/rapido@icici/UPI,518379674317,680.90,,550606.90
18-01-2025,UPI/DR/658695180693/Indane/ICICI/indanegas@upi/UPI,453380377593,"1,850.52",,548756.38
18-01-2025,UPI/DR/715317120977/Jio/ICICI/jio@paytm/UPI,918150753532,"1,840.68",,546915.70
19-01-2025,NACH/MANDATE/SIP5626214/Mirae Asset MF,151714505889,"5,000.00",,541915.70
20-01-2025,UPI/DR/083950326822/Ola/PAYTM/olamoney@ola/UPI,751502627975,830.34,,541085.36
20-01-2025,UPI/DR/240161877074/Vi/PAYTM/jio@paytm/UPI,537292786848,739.00,,540346.36
22-01-2025,UPI/DR/110679887006/Amazon/PAYTM/amazon@apl/UPI,737734550625,"1,950.75",,538395.61
22-01-2025,UPI/DR/079856937667/Myntra/PAYTM/myntra@ybl/UPI,499936452168,"1,550.39",,536845.22
22-01-2025,POS LIFESTYLE STORES MUMBAI,424301427042,"1,550.18",,535295.04
22-01-2025,ATM-CASH-WDL/QJS047912/MUMBAI,117139850199,"4,500.00",,530795.04
23-01-2025,UPI/DR/662709157754/CESC/UPIN/cescpayment@upi/UPI,768108092002,"1,600.55",,529194.49
24-01-2025,UPI/DR/632472326402/Dunzo/ICICI/dunzo@razorpay/UPI,923306255346,"1,470.83",,527723.66
24-01-2025,POS PANTALOONS MUMBAI,172633893945,"8,150.72",,519572.94
25-01-2025,UPI/DR/714880285960/Mohit/KKBK/mohit.agarwal@kotak/UPI,601465454118,"17,450.07",,502122.87
26-01-2025,ATM-CASH-WDL/GYI680548/MUMBAI,527041492070,"7,500.00",,494622.87
26-01-2025,UPI/CR/155824104026/Anil/BKID/anil259@apl/UPI,177187096793,,"5,700.76",500323.63
27-01-2025,UPI/DR/623515797563/Ola/PAYTM/olamoney@ola/UPI,654138771792,740.08,,499583.55
27-01-2025,POS SHELL FUEL STATION MUMBAI,420701904543,"3,100.72",,496482.83
28-01-2025,UPI/DR/161504225233/Vi/PAYTM/jio@paytm/UPI,759375008281,519.00,,495963.83
28-01-2025,UPI/DR/675419227624/Amazon/ICICI/amazon@apl/UPI,613118704455,"2,220.79",,493743.04
28-01-2025,UPI/DR/630435515974/Tarun/BKID/tarunkhan62@okicici/UPI,825496529154,300.81,,493442.23
29-01-2025,UPI/DR/915190172770/Ashish/FDRL/6103927003@aubank/UPI,296432049214,"4,900.46",,488541.77
29-01-2025,UPI/DR/618570850497/Mohit/UTIB/mohit612@ptsbi/UPI,198965397664,"19,900.88",,468640.89
29-01-2025,UPI/DR/963440869732/Sanjay/FDRL/sanjay.saxena@ptaxis/UPI,948456580503,"10,400.59",,458240.30
29-01-2025,UPI/DR/611360908529/Ola/ICICI/olamoney@ola/UPI,519928528651,120.91,,458119.39
30-01-2025,UPI/DR/249581873130/Kamal/KKBK/kamal795@aubank/UPI,522795440933,"19,400.66",,438718.73
30-01-2025,POS SHOPPERS STOP MUMBAI,489501978705,"4,550.31",,434168.42
31-01-2025,UPI/DR/698152475445/Uber/ICICI/uber@paytm/UPI,774481635579,"2,640.49",,431527.93
31-01-2025,UPI/DR/393378266670/Renu/HDFC/renu896@kotak/UPI,952727949253,"8,950.51",,422577.42
31-01-2025,UPI/CR/971463337631/Mamta/BKID/mamta.kumar@ibl/UPI,559776775175,,"13,300.46",435877.88
31-01-2025,POS BIG BAZAAR MUMBAI,808319734942,"4,200.27",,431677.61
01-02-2025,SALARY CREDIT/S6695675918114/Blue Dart Express Ltd,143701244416,,"129,610.46",561288.07
02-02-2025,POS SHELL FUEL STATION MUMBAI,029106033546,"2,300.00",,558988.07
02-02-2025,UPI/DR/821173106616/Blinkit/ICICI/blinkit@kotak/UPI,417244330710,"1,610.26",,557377.81
02-02-2025,UPI/DR/742144499355/Swiggy/ICICI/swiggy@icici/UPI,004158588566,"2,780.24",,554597.57
03-02-2025,NACH/MANDATE/RNT2660284/RENT MANDATE,301888948872,"25,500.00",,529097.57
04-02-2025,POS CENTRAL MALL MUMBAI,125291061955,"1,200.96",,527896.61
05-02-2025,UPI/DR/551644550759/Rapido/PAYTM/rapido@icici/UPI,838894458542,460.18,,527436.43
05-02-2025,UPI/DR/992389233775/Babita/PUNB/babitaverm47@okhdfcbank/UPI,790901422494,"12,900.57",,514535.86
05-02-2025,ATM-CASH-WDL/CWD240878/MUMBAI,331337512904,"9,000.00",,505535.86
05-02-2025,NACH/MANDATE/LN607695677423/Tata Capital Finance,833727327304,"7,000.00",,498535.86
05-02-2025,UPI/DR/117226667441/Vi/PAYTM/jio@paytm/UPI,250442842422,599.00,,497936.86
05-02-2025,UPI/DR/457424562913/Vi/PAYTM/jio@paytm/UPI,423330494931,349.00,,497587.86
06-02-2025,UPI/DR/028619559741/Sapna/PUNB/7797385600@axl/UPI,371407269542,"8,850.07",,488737.79
07-02-2025,UPI/DR/019059229584/Dunzo/ICICI/dunzo@razorpay/UPI,084126647270,"1,970.05",,486767.74
07-02-2025,UPI/CR/500972399269/Gopal/KKBK/gopal.dubey@aubank/UPI,271323985308,,"17,450.33",504218.07
07-02-2025,UPI/DR/655603607712/Vi/PAYTM/jio@paytm/UPI,695860524941,289.00,,503929.07
08-02-2025,UPI/DR/393977782489/Ola/ICICI/olamoney@ola/UPI,822083773190,390.01,,503539.06
08-02-2025,UPI/DR/786224792245/Paytm/ICICI/paytm@paytm/UPI,994866884652,200.84,,503338.22
09-02-2025,UPI/DR/491964035975/Kiran/BARB/kirankhan91@ibl/UPI,455798403799,"17,800.89",,485537.33
10-02-2025,POS RELIANCE PETROLEUM MUMBAI,292729141947,"2,450.16",,483087.17
12-02-2025,UPI/DR/622360666703/Girish/UCBA/5383884066@ptyes/UPI,306461472564,"1,750.59",,481336.58
13-02-2025,POS D MART MUMBAI,835669100059,"1,800.53",,479536.05
14-02-2025,UPI/DR/823047115497/Amazon/PAYTM/amazon@apl/UPI,080887351768,"6,000.98",,473535.07
14-02-2025,UPI/DR/183836693718/Uber/ICICI/uber@paytm/UPI,897639281814,"2,310.39",,471224.68
15-02-2025,POS STAR BAZAAR MUMBAI,377317252940,"7,850.41",,463374.27
15-02-2025,UPI/DR/757600860853/CESC/UPIN/cescpayment@upi/UPI,245919263043,"1,150.54",,462223.73
15-02-2025,ATM-CASH-WDL/IBA912591/MUMBAI,559394841276,"3,000.00",,459223.73
16-02-2025,NACH/MANDATE/SIP6835428/Mirae Asset MF,335462944762,"5,000.00",,454223.73
18-02-2025,UPI/CR/761549526680/Sarita/BARB/saritameht90@paytm/UPI,669782143118,,"12,950.84",467174.57
18-02-2025,UPI/DR/289518368904/BSNL/RAZORPAY/broadband@paytm/UPI,803071263674,"1,149.00",,466025.57
19-02-2025,UPI/DR/453603257100/Zomato/ICICI/zomato@axisbank/UPI,255197017597,"2,240.02",,463785.55
19-02-2025,UPI/DR/432290178253/Swiggy/ICICI/swiggy@icici/UPI,274372544668,"1,230.30",,462555.25
19-02-2025,UPI/DR/272745859595/Mukesh/BDBL/mukesh853@paytm/UPI,822444494483,"16,850.41",,445704.84
19-02-2025,UPI/DR/153046297522/Indane/ICICI/indanegas@upi/UPI,668945556842,"2,100.07",,443604.77
20-02-2025,ATM-CASH-WDL/BQE756146/MUMBAI,353560886537,"1,000.00",,442604.77
20-02-2025,UPI/DR/364794586172/Vi/PAYTM/jio@paytm/UPI,224661699290,809.00,,441795.77
21-02-2025,UPI/DR/318839991237/Apollo/ICICI/apollopharmacy@ybl/UPI,991760614896,199.00,,441596.77
21-02-2025,UPI/CR/849861607590/Rani/KKBK/rani.shah@okhdfcbank/UPI,043259375240,,"14,700.65",456297.42
22-02-2025,UPI/DR/378240106882/Sunita/BARB/sunitakapo20@ibl/UPI,588671667243,"12,400.82",,443896.60
22-02-2025,ATM-CASH-WDL/YXH185589/MUMBAI,472466570525,"3,500.00",,440396.60
23-02-2025,UPI/DR/835582906224/Vi/PAYTM/jio@paytm/UPI,171898899687,249.00,,440147.60
23-02-2025,IMPS-343061177130-Brijesh Ahuja,014310202477,"6,700.31",,433447.29
23-02-2025,UPI/DR/711235430831/Zomato/ICICI/zomato@axisbank/UPI,697847934359,"2,410.28",,431037.01
24-02-2025,ATM-CASH-WDL/PAD553897/MUMBAI,902242234833,"4,500.00",,426537.01
24-02-2025,ATM-CASH-WDL/DHQ150525/MUMBAI,483865550852,"2,500.00",,424037.01
25-02-2025,UPI/CR/485302421712/Sunil/BDBL/sunil.malhotra@ibl/UPI,881656828040,,"16,550.47",440587.48
25-02-2025,UPI/DR/536825681071/Jio/ICICI/jio@paytm/UPI,074001952692,"2,360.17",,438227.31
25-02-2025,UPI/DR/353221256634/Swiggy/ICICI/swiggy@icici/UPI,722370936769,"2,590.95",,435636.36
26-02-2025,UPI/DR/142603864814/Ola/PAYTM/olamoney@ola/UPI,605766799387,870.00,,434766.36
27-02-2025,POS BHARAT PETROLEUM MUMBAI,801548299025,"1,550.37",,433215.99
27-02-2025,UPI/DR/550188352385/Rapido/PAYTM/rapido@icici/UPI,500533128810,810.12,,432405.87
28-02-2025,UPI/CR/478036506973/Archana/SBIN/archanameht35@okicici/UPI,119619931413,,"1,550.27",433956.14
01-03-2025,POS SHELL FUEL STATION MUMBAI,664689536175,"3,600.80",,430355.34
01-03-2025,SALARY CREDIT/S4385675502239/Blue Dart Express Ltd,589994324871,,"131,469.46",561824.80
01-03-2025,UPI/DR/165857789506/BSNL/ICICI/bsnlbroadband@upi/UPI,877965043778,420.32,,561404.48
01-03-2025,UPI/DR/851806572773/Flipkart/PAYTM/flipkart@ybl/UPI,413328019700,"4,500.08",,556904.40
02-03-2025,UPI/DR/256462102723/Manoj/SBIN/manojthap17@okhdfcbank/UPI,817068782159,"7,150.07",,549754.33
02-03-2025,UPI/DR/148041197611/Ola/PAYTM/olamoney@ola/UPI,421759141359,460.86,,549293.47
02-03-2025,POS BRAND FACTORY MUMBAI,115858092428,700.07,,548593.40
02-03-2025,UPI/DR/700187281623/Rapido/PAYTM/rapido@icici/UPI,698755439757,400.96,,548192.44
02-03-2025,UPI/DR/272262206344/Swiggy/ICICI/swiggy@icici/UPI,258067563116,440.97,,547751.47
02-03-2025,UPI/DR/699420533865/Vi/PAYTM/jio@paytm/UPI,384326105483,299.00,,547452.47
02-03-2025,UPI/DR/041719352583/Varun/KKBK/3093526553@ptaxis/UPI,442426355324,"7,650.30",,539802.17
03-03-2025,UPI/DR/792556119892/Myntra/PAYTM/myntra@ybl/UPI,407225055431,"4,700.15",,535102.02
03-03-2025,UPI/DR/170780224336/Flipkart/ICICI/flipkart@ybl/UPI,672682949704,"1,030.73",,534071.29
03-03-2025,UPI/DR/686238410755/Lata/PUNB/8450068486@okhdfcbank/UPI,948882320458,"21,050.98",,513020.31
03-03-2025,NACH/MANDATE/RNT5030217/RENT MANDATE,993494011309,"25,500.00",,487520.31
04-03-2025,ATM-CASH-WDL/NCK730923/MUMBAI,416512808810,"7,000.00",,480520.31
04-03-2025,UPI/DR/657762072731/Aditya/LICI/licindia@licindia/UPI,104356536443,"2,800.00",,477720.31
04-03-2025,NACH/MANDATE/LN607695677423/Tata Capital Finance,567851495995,"7,000.00",,470720.31
05-03-2025,UPI/DR/897536666015/BSNL/RAZORPAY/broadband@paytm/UPI,124453449824,399.00,,470321.31
07-03-2025,UPI/CR/188402332300/Sarita/KKBK/saritashah94@kotak/UPI,291402941161,,"5,950.55",476271.86
07-03-2025,POS HP PETROL PUMP MUMBAI,052072257548,"1,450.57",,474821.29
08-03-2025,UPI/DR/934758815266/Dunzo/ICICI/dunzo@razorpay/UPI,017435533712,"2,160.93",,472660.36
09-03-2025,UPI/DR/817847795184/Vikas/BARB/vikas.das@ptyes/UPI,315176747790,"3,100.14",,469560.22
09-03-2025,IMPS-186566537233-Sushma Ahuja,791869733254,"29,600.72",,439959.50
10-03-2025,UPI/DR/338941288708/Swiggy/ICICI/swiggy@icici/UPI,683306385886,"2,110.13",,437849.37
12-03-2025,UPI/CR/987597537311/Shreya/BKID/shreya.bajaj@apl/UPI,413388797761,,"18,650.81",456500.18
12-03-2025,UPI/DR/073288694548/Sarita/UCBA/3789767626@oksbi/UPI,047607538711,"12,500.06",,444000.12
13-03-2025,POS STAR BAZAAR MUMBAI,074172113461,"3,900.72",,440099.40
14-03-2025,UPI/DR/596299856755/CESC/UPIN/cescpayment@upi/UPI,436798358891,"1,950.84",,438148.56
14-03-2025,UPI/DR/270049320578/Gaurav/BDBL/gaurav.bajaj@ibl/UPI,531887707468,"18,800.17",,419348.39
14-03-2025,UPI/CR/147076233711/Kavita/FDRL/kavitashah76@okhdfcbank/UPI,458891499540,,"8,200.71",427549.10
16-03-2025,UPI/DR/482899138686/Amazon/PAYTM/amazon@apl/UPI,499038628243,"2,350.73",,425198.37
16-03-2025,POS HP PETROL PUMP MUMBAI,718758112789,"1,550.85",,423647.52
17-03-2025,UPI/DR/675708416326/Indane/ICICI/indanegas@upi/UPI,026699559764,"1,950.73",,421696.79
18-03-2025,UPI/DR/584092251891/Kapil/UTIB/kapil644@ybl/UPI,086363280725,"15,950.87",,405745.92
18-03-2025,UPI/CR/969098170223/Usha/PUNB/ushaverm91@apl/UPI,521037563224,,"20,950.89",426696.81
18-03-2025,UPI/DR/974006498693/Arjun/UTIB/arjunnamb86@okhdfcbank/UPI,409979448269,"10,300.44",,416396.37
18-03-2025,NACH/MANDATE/SIP6511607/Mirae Asset MF,599017598088,"5,000.00",,411396.37
19-03-2025,UPI/DR/090027044422/Kavya/BARB/3542719380@oksbi/UPI,499897575375,"12,200.03",,399196.34
20-03-2025,UPI/DR/638697281643/Vi/PAYTM/jio@paytm/UPI,809479630147,409.00,,398787.34
20-03-2025,POS PANTALOONS MUMBAI,705972142744,"7,150.85",,391636.49
21-03-2025,UPI/DR/689988436369/Swiggy/ICICI/swiggy@icici/UPI,469506317627,200.51,,391435.98
21-03-2025,UPI/DR/834026604075/Shivam/SBIN/shivam709@ptaxis/UPI,695717334201,"7,650.62",,383785.36
21-03-2025,UPI/DR/865021800289/Vi/PAYTM/jio@paytm/UPI,568284353269,959.00,,382826.36
21-03-2025,UPI/DR/767034782012/Sonia/BKID/soniabane42@kotak/UPI,166774906201,"12,150.12",,370676.24
22-03-2025,UPI/DR/656117518416/Anil/BDBL/anil.kulkarni@pthdfc/UPI,899047956153,"18,950.15",,351726.09
22-03-2025,UPI/DR/789388584440/BigBasket/ICICI/bigbasket@ybl/UPI,769403085904,440.64,,351285.45
22-03-2025,UPI/CR/129533603802/Arjun/UTIB/arjunseth10@okaxis/UPI,237554003981,,750.56,352036.01
22-03-2025,ATM-CASH-WDL/XBR450891/MUMBAI,812933439853,"3,500.00",,348536.01
23-03-2025,UPI/DR/518859758822/Zepto/ICICI/zepto@apl/UPI,512632650856,"2,730.67",,345805.34
23-03-2025,UPI/DR/917951780743/Pankaj/SBIN/7037551990@paytm/UPI,418287799786,"13,850.22",,331955.12
23-03-2025,UPI/DR/514460960231/Vi/PAYTM/jio@paytm/UPI,526306201894,509.00,,331446.12
23-03-2025,IMPS-928404691218-Anita Menon,740023266446,"2,500.93",,328945.19
23-03-2025,UPI/CR/161527892066/Sunil/SBIN/sunil.yadav@okicici/UPI,401117702435,,"15,300.51",344245.70
24-03-2025,UPI/DR/772739210323/Apollo/ICICI/apollopharmacy@ybl/UPI,449426866474,699.00,,343546.70
25-03-2025,POS SHELL FUEL STATION MUMBAI,695255046379,"3,700.04",,339846.66
25-03-2025,UPI/DR/140248483439/Rapido/PAYTM/rapido@icici/UPI,190349862889,270.37,,339576.29
26-03-2025,UPI/DR/785011390071/Ola/ICICI/olamoney@ola/UPI,558240015718,670.43,,338905.86
27-03-2025,INTEREST CREDIT,600223882851,,"1,035.51",339941.37
27-03-2025,UPI/DR/052501771020/1mg/ICICI/tatahealth@icici/UPI,964216279109,"2,560.13",,337381.24
28-03-2025,UPI/CR/368594560774/Pankaj/BDBL/pankaj981@apl/UPI,886563518477,,"12,200.54",349581.78
29-03-2025,POS PANTALOONS MUMBAI,639715485378,"3,000.85",,346580.93
30-03-2025,ACCOUNT MAINTENANCE CHARGES,107787672099,460.00,,346120.93
30-03-2025,UPI/DR/024763216896/Dunzo/ICICI/dunzo@razorpay/UPI,695886372468,270.59,,345850.34
30-03-2025,GST ON CHARGES,981368363302,82.80,,345767.54
31-03-2025,UPI/DR/754315728134/Paytm/ICICI/paytm@paytm/UPI,268439488548,600.22,,345167.32
31-03-2025,UPI/DR/865597595242/Zomato/ICICI/zomato@axisbank/UPI,511374250831,"1,230.02",,343937.30
01-04-2025,UPI/CR/763385662252/Rajan/UTIB/5354516355@kotak/UPI,868813959052,,"2,250.52",346187.82
01-04-2025,SALARY CREDIT/S7451418393448/Blue Dart Express Ltd,351200572611,,"127,569.46",473757.28
01-04-2025,UPI/DR/786448692624/BSNL/ICICI/bsnlbroadband@upi/UPI,469534192124,390.04,,473367.24
02-04-2025,UPI/DR/898839464384/Spotify/ICICI/spotify@icici/UPI,661492195589,149.00,,473218.24
02-04-2025,UPI/CR/101370781550/Swati/SBIN/swati127@pthdfc/UPI,189009074833,,"14,050.16",487268.40
02-04-2025,UPI/DR/851242546692/Archana/PUNB/archanasing17@aubank/UPI,939111008837,"11,950.07",,475318.33
03-04-2025,NACH/MANDATE/LN607695677423/Tata Capital Finance,192955762306,"7,000.00",,468318.33
03-04-2025,UPI/DR/705479692890/Girish/SBIN/girish.pillai@okhdfcbank/UPI,157109838005,"16,300.12",,452018.21
04-04-2025,ATM-CASH-WDL/JJL642400/MUMBAI,443891844260,"2,500.00",,449518.21
04-04-2025,NACH/MANDATE/RNT6462646/RENT MANDATE,363119403538,"25,500.00",,424018.21
05-04-2025,UPI/DR/574589973915/Flipkart/ICICI/flipkart@ybl/UPI,362548129029,"1,060.57",,422957.64
05-04-2025,UPI/DR/392713214240/Uber/PAYTM/uber@paytm/UPI,904108590383,600.34,,422357.30
06-04-2025,ATM-CASH-WDL/BOA579206/MUMBAI,373672767123,"2,000.00",,420357.30
09-04-2025,UPI/CR/770959382688/Archana/HDFC/0410844846@ybl/UPI,767522417554,,"8,000.03",428357.33
09-04-2025,UPI/DR/359114822853/Varsha/FDRL/varsharao33@pthdfc/UPI,850246645097,"9,350.90",,419006.43
09-04-2025,UPI/CR/384290667024/Pooja/UCBA/poojaroy56@aubank/UPI,956145548076,,"2,550.27",421556.70
10-04-2025,UPI/DR/005114066566/Rapido/PAYTM/rapido@icici/UPI,297657692416,740.73,,420815.97
10-04-2025,POS BRAND FACTORY MUMBAI,857060472737,"2,550.24",,418265.73
10-04-2025,UPI/DR/328430299573/CESC/UPIN/cescpayment@upi/UPI,379438758525,"1,400.09",,416865.64
10-04-2025,UPI/DR/316370458905/Rapido/PAYTM/rapido@icici/UPI,584982332143,360.61,,416505.03
11-04-2025,UPI/DR/699161280790/Vi/PAYTM/jio@paytm/UPI,366230091815,979.00,,415526.03
11-04-2025,UPI/DR/263341503227/Rapido/PAYTM/rapido@icici/UPI,241230519295,680.63,,414845.40
12-04-2025,UPI/DR/266883227313/Indane/ICICI/indanegas@upi/UPI,925654694046,"1,100.92",,413744.48
12-04-2025,POS RELIANCE PETROLEUM MUMBAI,424613899260,"1,250.19",,412494.29
12-04-2025,UPI/DR/556127287596/Vi/PAYTM/jio@paytm/UPI,181090751585,539.00,,411955.29
13-04-2025,UPI/DR/733742404430/Saurabh/UTIB/saurabhyada84@axl/UPI,203477940764,"8,850.13",,403105.16
13-04-2025,UPI/DR/390618615442/Zepto/ICICI/zepto@apl/UPI,860822114849,"1,280.11",,401825.05
13-04-2025,UPI/DR/561303598994/Amazon/ICICI/amazon@apl/UPI,288007656410,"1,010.04",,400815.01
13-04-2025,UPI/DR/843292691074/BSNL/RAZORPAY/broadband@paytm/UPI,156366823740,"1,049.00",,399766.01
14-04-2025,NACH/MANDATE/SIP6246519/Mirae Asset MF,626702116012,"5,000.00",,394766.01
15-04-2025,UPI/DR/875651951181/Sonia/KKBK/sonia.nair@kotak/UPI,698999631240,"11,000.58",,383765.43
15-04-2025,UPI/CR/586880341287/Gopal/SBIN/gopal.sharma@okhdfcbank/UPI,368197185526,,"21,600.49",405365.92
16-04-2025,UPI/DR/071547014464/Divya/SBIN/divya150@aubank/UPI,563652497663,"16,650.18",,388715.74
17-04-2025,POS LIFESTYLE STORES MUMBAI,377660488914,"2,700.13",,386015.61
17-04-2025,UPI/DR/848189691987/Amazon/ICICI/amazon@apl/UPI,174260850362,"1,720.13",,384295.48
17-04-2025,UPI/DR/147266201698/Vi/PAYTM/jio@paytm/UPI,539523166213,549.00,,383746.48
18-04-2025,UPI/DR/220742681201/Swiggy/ICICI/swiggy@icici/UPI,161243628400,"1,090.31",,382656.17
18-04-2025,UPI/DR/982729712804/Usha/SBIN/9661931438@pthdfc/UPI,764865254586,"10,300.08",,372356.09
18-04-2025,UPI/CR/726586583764/Sunita/SBIN/sunitapand96@aubank/UPI,065276120881,,"15,950.58",388306.67
18-04-2025,UPI/DR/906690621483/Paytm/ICICI/paytm@paytm/UPI,715613078968,"2,210.97",,386095.70
18-04-2025,UPI/DR/732060792609/BigBasket/ICICI/bigbasket@ybl/UPI,587260412989,"2,590.20",,383505.50
18-04-2025,UPI/DR/178719653455/Amazon/PAYTM/amazon@apl/UPI,832436130224,"3,850.46",,379655.04
19-04-2025,UPI/DR/616520688016/Krishna/SBIN/krishna.menon@ptaxis/UPI,117464047072,"4,900.42",,374754.62
19-04-2025,NEFT/N1524304024927/Sun Pharmaceutical I,374496513629,,"21,500.82",396255.44
20-04-2025,POS D MART MUMBAI,026362918812,"2,300.66",,393954.78
21-04-2025,UPI/DR/921168245054/Nykaa/PAYTM/nykaa@razorpay/UPI,933056970351,"3,600.63",,390354.15
21-04-2025,POS CENTRAL MALL MUMBAI,728673901869,"5,050.35",,385303.80
22-04-2025,UPI/DR/643197079799/Paytm/ICICI/paytm@paytm/UPI,518777513772,"1,860.09",,383443.71
22-04-2025,UPI/DR/802767257619/Ola/PAYTM/olamoney@ola/UPI,369418210258,600.31,,382843.40
22-04-2025,UPI/DR/828655408503/Vi/PAYTM/jio@paytm/UPI,562503575192,899.00,,381944.40
23-04-2025,POS D MART MUMBAI,549698315113,"1,900.29",,380044.11
23-04-2025,UPI/DR/220235672777/Ola/ICICI/olamoney@ola/UPI,999167545061,"1,630.54",,378413.57
24-04-2025,UPI/DR/866710804131/BigBasket/ICICI/bigbasket@ybl/UPI,013989887542,"1,310.64",,377102.93
24-04-2025,UPI/DR/454931682573/Paytm/ICICI/paytm@paytm/UPI,152949229169,"1,070.53",,376032.40
24-04-2025,UPI/DR/747837330970/Akash/PUNB/6238933628@ptyes/UPI,823272482508,"1,400.95",,374631.45
24-04-2025,UPI/DR/956535128957/Myntra/PAYTM/myntra@ybl/UPI,536371859975,"3,650.01",,370981.44
24-04-2025,UPI/CR/861453785809/Ankit/KKBK/ankit.verma@oksbi/UPI,987122543884,,"13,400.92",384382.36
24-04-2025,ATM-CASH-WDL/HLZ205141/MUMBAI,635548203523,"9,000.00",,375382.36
25-04-2025,UPI/DR/247491828773/Flipkart/ICICI/flipkart@ybl/UPI,401023407299,870.37,,374511.99
25-04-2025,UPI/DR/554388186523/Amazon/ICICI/amazon@apl/UPI,502427730022,"1,490.04",,373021.95
25-04-2025,POS METRO CASH CARRY MUMBAI,857982379933,"3,750.18",,369271.77
25-04-2025,UPI/DR/003825233732/Isha/KKBK/8221180891@okhdfcbank/UPI,514760532502,"17,950.56",,351321.21
26-04-2025,ATM-CASH-WDL/YIE669267/MUMBAI,558456966744,"6,000.00",,345321.21
26-04-2025,UPI/DR/559564198888/1mg/ICICI/tatahealth@icici/UPI,429005422562,"3,430.09",,341891.12
26-04-2025,UPI/DR/708359402719/PhonePe/ICICI/phonepe@ybl/UPI,081099495013,"1,470.51",,340420.61
26-04-2025,POS V MART MUMBAI,700081565343,"8,300.01",,332120.60
26-04-2025,UPI/DR/346764405222/Rapido/PAYTM/rapido@icici/UPI,316345708089,570.34,,331550.26
30-04-2025,ATM-CASH-WDL/RNF361404/MUMBAI,089426224808,"7,500.00",,324050.26
30-04-2025,ATM-CASH-WDL/PTQ363913/MUMBAI,421264009880,"8,000.00",,316050.26
01-05-2025,SALARY CREDIT/S6184564145624/Blue Dart Express Ltd,878548882437,,"129,896.46",445946.72
01-05-2025,UPI/DR/605924747489/BigBasket/ICICI/bigbasket@ybl/UPI,540797206659,"1,390.87",,444555.85
01-05-2025,POS BHARAT PETROLEUM MUMBAI,645547911821,"3,650.35",,440905.50
01-05-2025,UPI/DR/936692009221/Uber/PAYTM/uber@paytm/UPI,640317948969,250.95,,440654.55
01-05-2025,POS V MART MUMBAI,186042304100,"4,800.35",,435854.20
02-05-2025,UPI/DR/359107319463/Nykaa/PAYTM/nykaa@razorpay/UPI,878309244770,"2,700.92",,433153.28
02-05-2025,POS INDIAN OIL MUMBAI,668638775721,"1,850.90",,431302.38
02-05-2025,UPI/DR/412333081332/Radha/KKBK/radha170@kotak/UPI,824483023276,"1,500.48",,429801.90
03-05-2025,UPI/DR/816690506855/Saurabh/BKID/5181113139@apl/UPI,320997237275,"8,200.57",,421601.33
04-05-2025,NACH/MANDATE/LN607695677423/Tata Capital Finance,484558495671,"7,000.00",,414601.33
05-05-2025,ATM-CASH-WDL/HGQ009518/MUMBAI,431756765495,"7,500.00",,407101.33
05-05-2025,UPI/DR/785102179883/Rapido/PAYTM/rapido@icici/UPI,892113234780,840.91,,406260.42
05-05-2025,UPI/DR/804631574569/Vi/PAYTM/jio@paytm/UPI,727378743045,919.00,,405341.42
05-05-2025,NACH/MANDATE/RNT1569744/RENT MANDATE,369601221986,"25,500.00",,379841.42
06-05-2025,POS METRO CASH CARRY MUMBAI,493080943879,"1,250.33",,378591.09
06-05-2025,UPI/CR/086746037165/Girish/HDFC/girish134@ptaxis/UPI,026541499176,,"1,050.16",379641.25
07-05-2025,POS HP PETROL PUMP MUMBAI,905803060798,"3,150.29",,376490.96
07-05-2025,UPI/DR/649555660428/BSNL/RAZORPAY/broadband@paytm/UPI,956799955948,"1,149.00",,375341.96
07-05-2025,UPI/DR/334263045073/Mahesh/UCBA/mahesh499@ybl/UPI,444466384309,"4,650.17",,370691.79
07-05-2025,POS MORE SUPER MARKET MUMBAI,512327516885,"5,000.16",,365691.63
08-05-2025,UPI/DR/621713291144/PhonePe/ICICI/phonepe@ybl/UPI,210751981994,"2,530.46",,363161.17
08-05-2025,UPI/DR/269448525974/Renu/UCBA/renu427@upi/UPI,499289772822,"21,450.65",,341710.52
08-05-2025,UPI/DR/223372143479/Uber/ICICI/uber@paytm/UPI,981428883857,"2,020.56",,339689.96
08-05-2025,UPI/DR/601814646431/Amazon/ICICI/amazon@apl/UPI,981370764443,"1,630.50",,338059.46
10-05-2025,UPI/DR/959949503303/Rapido/PAYTM/rapido@icici/UPI,861561309854,110.33,,337949.13
11-05-2025,UPI/DR/258695415419/Meena/KKBK/meena216@aubank/UPI,899535199243,750.23,,337198.90
11-05-2025,UPI/DR/862630935568/Vi/PAYTM/jio@paytm/UPI,181943635441,289.00,,336909.90
11-05-2025,POS STAR BAZAAR MUMBAI,872223991640,"7,500.47",,329409.43
12-05-2025,UPI/DR/509156099317/Uber/ICICI/uber@paytm/UPI,595091339690,"1,030.26",,328379.17
12-05-2025,POS LIFESTYLE STORES MUMBAI,860516133287,"5,300.28",,323078.89
13-05-2025,ATM-CASH-WDL/UDQ761689/MUMBAI,451171948575,"9,500.00",,313578.89
14-05-2025,UPI/DR/015594733492/BigBasket/ICICI/bigbasket@ybl/UPI,076720068750,520.85,,313058.04
14-05-2025,POS BHARAT PETROLEUM MUMBAI,175017922563,"1,100.25",,311957.79
15-05-2025,UPI/DR/586763479695/Paytm/ICICI/paytm@paytm/UPI,119060276369,790.50,,311167.29
17-05-2025,UPI/DR/221878183427/Uber/ICICI/uber@paytm/UPI,649591485116,430.44,,310736.85
18-05-2025,NACH/MANDATE/SIP9994447/Mirae Asset MF,420484579934,"5,000.00",,305736.85
18-05-2025,UPI/CR/461335875691/Krishna/SBIN/9001784294@axl/UPI,746145491719,,"1,500.39",307237.24
18-05-2025,UPI/DR/854052333155/BSNL/ICICI/bsnlbroadband@upi/UPI,590892872302,"1,690.30",,305546.94
18-05-2025,UPI/DR/074814889779/Girish/PUNB/girishchat91@ptyes/UPI,964264747649,"20,150.12",,285396.82
18-05-2025,POS BRAND FACTORY MUMBAI,746242742582,300.58,,285096.24
19-05-2025,ATM-CASH-WDL/PAA289635/MUMBAI,094761508031,"7,500.00",,277596.24
19-05-2025,ATM-CASH-WDL/WSF749093/MUMBAI,948834372550,"3,500.00",,274096.24
20-05-2025,UPI/DR/543471725888/Netmeds/ICICI/netmeds@paytm/UPI,352334008146,760.72,,273335.52
21-05-2025,UPI/DR/422402774041/Uber/ICICI/uber@paytm/UPI,182966377318,900.28,,272435.24
21-05-2025,UPI/DR/753883249714/Indane/ICICI/indanegas@upi/UPI,130146616915,"1,800.92",,270634.32
21-05-2025,ATM-CASH-WDL/IBS156567/MUMBAI,203941813887,"5,500.00",,265134.32
21-05-2025,UPI/DR/922149924421/CESC/UPIN/cescpayment@upi/UPI,641882593476,"3,100.24",,262034.08
23-05-2025,UPI/DR/092465120279/Hotstar/ICICI/hotstar@hdfcbank/UPI,764019043648,799.00,,261235.08
24-05-2025,UPI/CR/721208290113/Renu/UTIB/renu997@ybl/UPI,500443148356,,"18,700.53",279935.61
25-05-2025,UPI/DR/238008799847/Prashant/UTIB/7192342610@okicici/UPI,359508001381,"19,050.26",,260885.35
25-05-2025,UPI/DR/642887817247/Jio/ICICI/jio@paytm/UPI,204440438755,"2,640.95",,258244.40
26-05-2025,UPI/CR/296909603367/Mukesh/UTIB/mukesh349@okaxis/UPI,742797507360,,"21,150.95",279395.35
27-05-2025,UPI/DR/187866109316/BSNL/ICICI/bsnlbroadband@upi/UPI,521647587110,"1,990.73",,277404.62
27-05-2025,UPI/DR/794950636170/Ola/ICICI/olamoney@ola/UPI,599038779183,"1,880.01",,275524.61
28-05-2025,UPI/DR/647957720199/BSNL/ICICI/bsnlbroadband@upi/UPI,837341334489,960.86,,274563.75
30-05-2025,UPI/DR/630960990251/Paytm/ICICI/paytm@paytm/UPI,041654872765,640.55,,273923.20
31-05-2025,ACCOUNT MAINTENANCE CHARGES,646461812064,280.00,,273643.20
31-05-2025,UPI/CR/091981131681/Rajan/BKID/rajanchop34@paytm/UPI,394647586801,,"13,900.60",287543.80
31-05-2025,GST ON CHARGES,252780334396,50.40,,287493.40
01-06-2025,SALARY CREDIT/S0282871197796/Blue Dart Express Ltd,002745866151,,"130,234.46",417727.86
02-06-2025,UPI/DR/566218466341/Vijay/FDRL/vijay.menon@okhdfcbank/UPI,359714265047,"5,800.34",,411927.52
02-06-2025,ATM-CASH-WDL/QDN370414/MUMBAI,968769330226,"6,000.00",,405927.52
03-06-2025,NACH/MANDATE/LN607695677423/Tata Capital Finance,849520578466,"7,000.00",,398927.52
03-06-2025,UPI/DR/133448704356/Ola/ICICI/olamoney@ola/UPI,582074717442,"2,210.01",,396717.51
03-06-2025,POS BHARAT PETROLEUM MUMBAI,873617066518,"2,700.75",,394016.76
03-06-2025,UPI/DR/662101516863/Uber/PAYTM/uber@paytm/UPI,454736245180,610.47,,393406.29
04-06-2025,NACH/MANDATE/RNT6681901/RENT MANDATE,590262239358,"25,500.00",,367906.29
04-06-2025,UPI/DR/031119593812/PhonePe/ICICI/phonepe@ybl/UPI,941362883691,"2,370.59",,365535.70
04-06-2025,UPI/DR/346224990743/Amazon/ICICI/amazon@apl/UPI,335688847688,"2,620.43",,362915.27
04-06-2025,UPI/DR/311231323919/Aditya/LICI/licindia@licindia/UPI,941413446078,"2,800.00",,360115.27
04-06-2025,UPI/DR/804411678794/Mina/UTIB/mina.srivastava@ptsbi/UPI,714487160291,"2,850.41",,357264.86
05-06-2025,UPI/DR/604428837685/Myntra/PAYTM/myntra@ybl/UPI,998640713592,"3,500.82",,353764.04
05-06-2025,UPI/DR/645986208888/BSNL/RAZORPAY/broadband@paytm/UPI,035988725328,449.00,,353315.04
05-06-2025,UPI/DR/423171051344/Vi/PAYTM/jio@paytm/UPI,134031315456,479.00,,352836.04
05-06-2025,UPI/DR/616063055635/Paytm/ICICI/paytm@paytm/UPI,996766537300,"2,660.50",,350175.54
06-06-2025,UPI/DR/067458892278/Pooja/FDRL/pooja.mishra@pthdfc/UPI,321168925412,"14,150.03",,336025.51
06-06-2025,UPI/DR/986795777228/Dunzo/ICICI/dunzo@razorpay/UPI,128660315437,"1,230.26",,334795.25
06-06-2025,POS CENTRAL MALL MUMBAI,393590969115,"3,300.52",,331494.73
07-06-2025,UPI/DR/753217829315/Uber/PAYTM/uber@paytm/UPI,460657593026,610.22,,330884.51
07-06-2025,ATM-CASH-WDL/KGZ779223/MUMBAI,881399344779,"1,000.00",,329884.51
07-06-2025,UPI/DR/231295098379/Vi/PAYTM/jio@paytm/UPI,327388734991,579.00,,329305.51
08-06-2025,UPI/DR/363509967644/Vi/PAYTM/jio@paytm/UPI,489092062218,579.00,,328726.51
09-06-2025,ATM-CASH-WDL/VDD376884/MUMBAI,626443621882,"2,000.00",,326726.51
09-06-2025,ATM-CASH-WDL/WES876092/MUMBAI,894366111507,"5,500.00",,321226.51
10-06-2025,UPI/DR/847864633688/Archana/PUNB/archana928@upi/UPI,790421598808,"8,950.51",,312276.00
10-06-2025,UPI/CR/607082184148/Mahesh/BARB/mahesh644@okhdfcbank/UPI,284736614932,,"9,100.04",321376.04
10-06-2025,UPI/DR/599589737541/Myntra/PAYTM/myntra@ybl/UPI,017315882480,"2,750.52",,318625.52
10-06-2025,UPI/DR/978815650625/Pankaj/UTIB/6405664981@okaxis/UPI,393227076207,"13,050.34",,305575.18
11-06-2025,UPI/DR/025397463355/Amazon/PAYTM/amazon@apl/UPI,724808913852,"1,650.48",,303924.70
11-06-2025,POS METRO CASH CARRY MUMBAI,888206981427,"1,750.94",,302173.76
12-06-2025,ATM-CASH-WDL/HLH652931/MUMBAI,049804868791,"9,000.00",,293173.76
12-06-2025,UPI/DR/125814085394/Rapido/PAYTM/rapido@icici/UPI,816799581208,220.45,,292953.31
12-06-2025,UPI/DR/040096866836/Sanjay/KKBK/sanjay274@okhdfcbank/UPI,165228041771,"16,500.69",,276452.62
14-06-2025,UPI/DR/704697551070/CESC/UPIN/cescpayment@upi/UPI,404585902876,"1,250.91",,275201.71
15-06-2025,UPI/DR/929579104836/Uber/PAYTM/uber@paytm/UPI,709973321710,640.21,,274561.50
15-06-2025,ATM-CASH-WDL/HVM585532/MUMBAI,879716343805,"1,500.00",,273061.50
15-06-2025,UPI/DR/593008174584/Vi/PAYTM/jio@paytm/UPI,064554965445,579.00,,272482.50
16-06-2025,UPI/CR/316224000183/Rani/BDBL/rani.mukherjee@oksbi/UPI,179670638794,,"13,900.27",286382.77
16-06-2025,UPI/DR/664331096793/Indane/ICICI/indanegas@upi/UPI,797830394961,"2,050.43",,284332.34
17-06-2025,UPI/DR/943460470603/Pooja/UTIB/pooja.saxena@ptaxis/UPI,714065059380,"3,000.49",,281331.85
17-06-2025,UPI/DR/455709460631/Vi/PAYTM/jio@paytm/UPI,307502550637,609.00,,280722.85
18-06-2025,NACH/MANDATE/SIP0342061/Mirae Asset MF,828691194402,"5,000.00",,275722.85
18-06-2025,NEFT/N8903058368681/Capgemini India,553716322771,,"11,000.86",286723.71
18-06-2025,UPI/CR/604872660771/Rajan/BDBL/6661824301@axl/UPI,314615736979,,"20,550.22",307273.93
18-06-2025,UPI/DR/217818255995/Ola/ICICI/olamoney@ola/UPI,129431302545,"2,270.36",,305003.57
18-06-2025,UPI/DR/356524683958/Vikas/KKBK/vikas.mehta@upi/UPI,953068543313,"19,300.05",,285703.52
19-06-2025,UPI/DR/627814498365/Rapido/PAYTM/rapido@icici/UPI,830433197393,700.38,,285003.14
19-06-2025,UPI/DR/746899292860/Anjali/FDRL/anjaliagar85@apl/UPI,763064643745,"19,300.19",,265702.95
20-06-2025,POS INDIAN OIL MUMBAI,154366443035,"1,350.71",,264352.24
20-06-2025,UPI/DR/503678591608/Anjali/BARB/2863774911@kotak/UPI,907800177404,"11,000.66",,253351.58
20-06-2025,UPI/CR/515560236560/Vishal/HDFC/6942582257@ptsbi/UPI,819386550649,,700.25,254051.83
23-06-2025,UPI/DR/350230220279/Isha/UCBA/isha.das@axl/UPI,517868187278,"18,600.01",,235451.82
23-06-2025,UPI/DR/406216321263/Archana/BARB/archana.singh@okaxis/UPI,798809008931,"13,400.80",,222051.02
24-06-2025,UPI/DR/852990048551/Zomato/ICICI/zomato@axisbank/UPI,677899274724,570.46,,221480.56
24-06-2025,UPI/DR/979803179231/Rapido/PAYTM/rapido@icici/UPI,525346792248,810.99,,220669.57
25-06-2025,UPI/DR/697789956291/BSNL/ICICI/bsnlbroadband@upi/UPI,133178355666,"1,100.97",,219568.60
25-06-2025,POS PANTALOONS MUMBAI,207562975843,"7,700.73",,211867.87
26-06-2025,UPI/DR/989866078060/Usha/BKID/usha565@okhdfcbank/UPI,280042387146,"18,850.63",,193017.24
27-06-2025,UPI/DR/909839406489/Jio/ICICI/jio@paytm/UPI,876033309431,460.16,,192557.08
27-06-2025,UPI/CR/635967974855/Vijay/BDBL/vijay934@okicici/UPI,761967688712,,"11,150.96",203708.04
28-06-2025,POS RELIANCE PETROLEUM MUMBAI,330267354303,"4,300.28",,199407.76
28-06-2025,INTEREST CREDIT,493931256976,,380.68,199788.44
30-06-2025,UPI/DR/168722757506/Uber/ICICI/uber@paytm/UPI,253068978542,"1,350.95",,198437.49
01-07-2025,ATM-CASH-WDL/MFM947478/MUMBAI,663618793181,"5,000.00",,193437.49
01-07-2025,UPI/DR/860585297734/Ola/PAYTM/olamoney@ola/UPI,236871805948,880.65,,192556.84
01-07-2025,UPI/DR/260596273387/BigBasket/ICICI/bigbasket@ybl/UPI,815515426162,760.18,,191796.66
01-07-2025,UPI/CR/828273859176/Lata/BARB/lata947@paytm/UPI,093065927040,,"12,750.64",204547.30
02-07-2025,UPI/DR/943480480555/Myntra/PAYTM/myntra@ybl/UPI,421604348948,"2,250.12",,202297.18
02-07-2025,UPI/DR/425544622398/Vi/PAYTM/jio@paytm/UPI,858297632536,749.00,,201548.18
02-07-2025,UPI/DR/034579629704/Nykaa/PAYTM/nykaa@razorpay/UPI,905319293365,"3,500.35",,198047.83
03-07-2025,SALARY CREDIT/S7842542522209/Blue Dart Express Ltd,054877823460,,"132,590.46",330638.29
03-07-2025,UPI/DR/971758343678/Uber/PAYTM/uber@paytm/UPI,381178051855,550.77,,330087.52
04-07-2025,UPI/DR/643890585358/Vi/PAYTM/jio@paytm/UPI,660333560944,439.00,,329648.52
05-07-2025,UPI/DR/909115596633/Paytm/ICICI/paytm@paytm/UPI,607092100417,"2,780.26",,326868.26
05-07-2025,UPI/DR/688939582580/Mina/HDFC/minabane33@kotak/UPI,830509040275,"11,100.45",,315767.81
05-07-2025,UPI/CR/363692478636/Siddharth/SBIN/7354516032@ibl/UPI,976220723884,,"16,050.20",331818.01
05-07-2025,UPI/DR/326644502122/Paytm/ICICI/paytm@paytm/UPI,961152935614,"1,660.86",,330157.15
05-07-2025,POS BHARAT PETROLEUM MUMBAI,704436856649,"2,650.92",,327506.23
05-07-2025,UPI/DR/145310839942/Ola/ICICI/olamoney@ola/UPI,997715659011,"2,040.81",,325465.42
07-07-2025,POS STAR BAZAAR MUMBAI,726254630178,"1,000.57",,324464.85
08-07-2025,NACH/MANDATE/RNT8095044/RENT MANDATE,554880038282,"25,500.00",,298964.85
08-07-2025,UPI/DR/308920554731/Jio/ICICI/jio@paytm/UPI,223436738829,"1,390.01",,297574.84
08-07-2025,NACH/MANDATE/LN607695677423/Tata Capital Finance,509575532550,"7,000.00",,290574.84
09-07-2025,UPI/DR/466402854989/Dunzo/ICICI/dunzo@razorpay/UPI,719272872031,"2,150.26",,288424.58
09-07-2025,UPI/CR/008377574303/Deepa/FDRL/5982200511@ibl/UPI,327363303646,,"6,150.56",294575.14
09-07-2025,UPI/DR/568135429237/BSNL/ICICI/bsnlbroadband@upi/UPI,090023550963,770.51,,293804.63
10-07-2025,POS VISHAL MEGA MART MUMBAI,870904083016,"7,600.57",,286204.06
10-07-2025,UPI/DR/988532376634/BigBasket/ICICI/bigbasket@ybl/UPI,614365853364,"1,210.02",,284994.04
12-07-2025,UPI/DR/120016676811/Amazon/ICICI/amazon@apl/UPI,050289057649,"1,420.56",,283573.48
12-07-2025,ATM-CASH-WDL/UYR446349/MUMBAI,384297234772,"9,500.00",,274073.48
12-07-2025,UPI/CR/265002345622/Lata/SBIN/lata596@upi/UPI,010854330041,,"2,150.12",276223.60
13-07-2025,UPI/DR/012304704025/BSNL/RAZORPAY/broadband@paytm/UPI,450363203790,649.00,,275574.60
14-07-2025,UPI/DR/795730287985/Ashish/BDBL/4598714763@ybl/UPI,888204530012,"4,300.05",,271274.55
14-07-2025,UPI/DR/917614718641/Ola/PAYTM/olamoney@ola/UPI,351315379089,110.94,,271163.61
14-07-2025,UPI/CR/996635659718/Santosh/BKID/0320934800@upi/UPI,593291434233,,"17,350.72",288514.33
14-07-2025,UPI/DR/308827235026/Uber/PAYTM/uber@paytm/UPI,604872590823,190.51,,288323.82
15-07-2025,UPI/DR/890108893175/Uber/PAYTM/uber@paytm/UPI,265917925009,670.30,,287653.52
16-07-2025,POS CENTRAL MALL MUMBAI,962618506485,"3,550.00",,284103.52
17-07-2025,UPI/DR/159275888350/Myntra/ICICI/myntra@ybl/UPI,175395760431,899.00,,283204.52
17-07-2025,UPI/CR/363897350813/Sunita/BDBL/0937176370@oksbi/UPI,672815476673,,"14,950.08",298154.60
17-07-2025,NACH/MANDATE/SIP2006783/Mirae Asset MF,651650871943,"5,000.00",,293154.60
18-07-2025,UPI/DR/032901614125/CESC/UPIN/cescpayment@upi/UPI,549493990852,"3,000.65",,290153.95
18-07-2025,POS RELIANCE PETROLEUM MUMBAI,753193914271,"3,950.04",,286203.91
18-07-2025,UPI/DR/097857117383/Divya/BDBL/divyasing86@kotak/UPI,447407314792,"18,200.32",,268003.59
19-07-2025,UPI/DR/516413743614/Zomato/ICICI/zomato@axisbank/UPI,612239997091,"1,050.56",,266953.03
19-07-2025,UPI/DR/218175190178/PhonePe/ICICI/phonepe@ybl/UPI,875288457981,"1,550.56",,265402.47
19-07-2025,UPI/CR/092767297931/Abhishek/UTIB/abhishek.iyer@okhdfcbank/UPI,594099143900,,"3,600.12",269002.59
20-07-2025,POS D MART MUMBAI,834730193344,"4,400.00",,264602.59
20-07-2025,UPI/DR/481563869781/Sunita/KKBK/sunitameht54@apl/UPI,700007760313,"12,200.40",,252402.19
20-07-2025,UPI/DR/622067937241/Preeti/BARB/6864562328@okicici/UPI,128349259826,"18,000.71",,234401.48
20-07-2025,UPI/DR/885766350883/Ola/PAYTM/olamoney@ola/UPI,279342976137,380.08,,234021.40
21-07-2025,UPI/DR/807466374375/Indane/ICICI/indanegas@upi/UPI,522999940687,"2,200.54",,231820.86
21-07-2025,UPI/DR/074850531796/Deepa/FDRL/deepa.pandey@axl/UPI,523110165098,"1,800.77",,230020.09
22-07-2025,UPI/DR/685225381715/Zomato/ICICI/zomato@axisbank/UPI,554250652472,820.04,,229200.05
22-07-2025,UPI/CR/831819319546/Deepak/BARB/deepakiyer56@apl/UPI,083384670016,,"11,550.15",240750.20
23-07-2025,UPI/DR/759814163118/Seema/BDBL/3345141016@ptsbi/UPI,885177400160,"13,050.25",,227699.95
24-07-2025,UPI/DR/160963923056/Paytm/ICICI/paytm@paytm/UPI,995992431070,"2,610.21",,225089.74
25-07-2025,UPI/DR/773747189448/Sneha/SBIN/sneha.pillai@ptaxis/UPI,231302312958,"14,750.27",,210339.47
26-07-2025,ATM-CASH-WDL/YSL682472/MUMBAI,488714158434,"2,000.00",,208339.47
26-07-2025,UPI/CR/535267605645/Abhishek/PUNB/abhishekmeht28@paytm/UPI,336598631522,,"14,250.78",222590.25
26-07-2025,POS BHARAT PETROLEUM MUMBAI,491930736740,"4,450.07",,218140.18
27-07-2025,ATM-CASH-WDL/BSZ023040/MUMBAI,108881796559,"4,500.00",,213640.18
27-07-2025,POS V MART MUMBAI,022078138957,"7,900.97",,205739.21
28-07-2025,UPI/CR/546826052827/Vivek/HDFC/5713299088@okhdfcbank/UPI,203871733731,,"17,950.35",223689.56
29-07-2025,UPI/DR/113844899647/Abhishek/BDBL/3703927023@aubank/UPI,173586815194,"16,400.53",,207289.03
29-07-2025,ACCOUNT MAINTENANCE CHARGES,305513599710,280.00,,207009.03
29-07-2025,GST ON CHARGES,689162913164,50.40,,206958.63
29-07-2025,IMPS-247357199145-Mina Thapar,600660994203,"6,600.31",,200358.32
30-07-2025,POS SHOPPERS STOP MUMBAI,355629240992,"2,300.65",,198057.67
30-07-2025,UPI/DR/842685604409/Krishna/HDFC/krishna100@upi/UPI,610148611830,"5,650.09",,192407.58
30-07-2025,POS CENTRAL MALL MUMBAI,895494089946,350.59,,192056.99
31-07-2025,UPI/CR/114660020502/Akash/BKID/akash758@axl/UPI,489636077233,,"1,600.21",193657.20
31-07-2025,UPI/CR/206344983433/Prashant/PUNB/prashant.bose@upi/UPI,054482641149,,"19,000.35",212657.55
01-08-2025,UPI/DR/411804782762/Radha/PUNB/3858806223@pthdfc/UPI,124613793118,"18,250.46",,194407.09
01-08-2025,UPI/CR/303228337133/Renu/BDBL/renu.dubey@paytm/UPI,015483890431,,"19,900.50",214307.59
02-08-2025,UPI/DR/221207458618/Vivek/KKBK/vivekbose23@okaxis/UPI,516639748384,"21,450.19",,192857.40
02-08-2025,UPI/DR/302089724606/BSNL/RAZORPAY/broadband@paytm/UPI,934929043602,799.00,,192058.40
02-08-2025,UPI/DR/989054728732/Vi/PAYTM/jio@paytm/UPI,525943702558,719.00,,191339.40
03-08-2025,UPI/DR/750810751850/Jio/ICICI/jio@paytm/UPI,190294906554,"1,680.76",,189658.64
03-08-2025,ATM-CASH-WDL/GPD941000/MUMBAI,529222365780,"8,500.00",,181158.64
03-08-2025,UPI/DR/401509439732/Uber/ICICI/uber@paytm/UPI,637383678438,"1,150.83",,180007.81
03-08-2025,SALARY CREDIT/S4079646908981/Blue Dart Express Ltd,573464792563,,"129,079.46",309087.27
04-08-2025,ATM-CASH-WDL/AIW983989/MUMBAI,507562289197,"9,500.00",,299587.27
04-08-2025,ATM-CASH-WDL/NSN512150/MUMBAI,859955436710,"6,500.00",,293087.27
05-08-2025,UPI/DR/663612119362/Swiggy/ICICI/swiggy@icici/UPI,755671300167,860.76,,292226.51
06-08-2025,POS RELIANCE PETROLEUM MUMBAI,341448954020,850.72,,291375.79
06-08-2025,ATM-CASH-WDL/LZD764230/MUMBAI,790848792956,"2,500.00",,288875.79
07-08-2025,NACH/MANDATE/RNT4339147/RENT MANDATE,002739475498,"25,500.00",,263375.79
07-08-2025,NACH/MANDATE/LN607695677423/Tata Capital Finance,965402268858,"7,000.00",,256375.79
07-08-2025,UPI/CR/606104542600/Anita/BKID/anitashuk88@ibl/UPI,407809804708,,"5,900.50",262276.29
07-08-2025,UPI/DR/464903521374/Kavya/BDBL/kavya.naik@ptaxis/UPI,832272510717,"6,900.09",,255376.20
07-08-2025,UPI/DR/037516624364/Myntra/PAYTM/myntra@ybl/UPI,150710107993,"6,000.63",,249375.57
07-08-2025,POS SHOPPERS STOP MUMBAI,746286907786,"1,600.28",,247775.29
08-08-2025,UPI/DR/029960524563/PhonePe/ICICI/phonepe@ybl/UPI,657357413993,"1,540.15",,246235.14
09-08-2025,UPI/CR/326708330423/Ashish/UTIB/ashish818@oksbi/UPI,364487568594,,"17,900.38",264135.52
09-08-2025,UPI/DR/602984395437/Ola/ICICI/olamoney@ola/UPI,080085271184,"2,440.92",,261694.60
10-08-2025,UPI/DR/134538451492/Yogesh/BARB/yogesh424@kotak/UPI,304582301441,"3,650.43",,258044.17
10-08-2025,POS BIG BAZAAR MUMBAI,466011277455,"7,850.93",,250193.24
10-08-2025,UPI/CR/283513761894/Sachin/KKBK/sachindesa67@oksbi/UPI,956050099091,,"14,150.90",264344.14
10-08-2025,UPI/DR/371509614909/PhonePe/ICICI/phonepe@ybl/UPI,399966754858,860.43,,263483.71
10-08-2025,UPI/DR/155516208658/Nikhil/UTIB/nikhil.dubey@pthdfc/UPI,887807395842,"4,250.43",,259233.28
12-08-2025,UPI/DR/360937908307/Deepak/BKID/deepak325@ptsbi/UPI,680946211928,"2,500.37",,256732.91
12-08-2025,UPI/DR/042596837533/Sapna/UCBA/sapnasaxe24@okaxis/UPI,900970668146,"12,750.06",,243982.85
13-08-2025,UPI/DR/018135375911/Mamta/SBIN/mamtashah76@paytm/UPI,879973141017,"12,700.20",,231282.65
14-08-2025,UPI/DR/227711542890/Vi/PAYTM/jio@paytm/UPI,217500686998,419.00,,230863.65
14-08-2025,UPI/DR/708936468781/Dunzo/ICICI/dunzo@razorpay/UPI,506239170118,"1,050.65",,229813.00
14-08-2025,UPI/DR/894764378325/Mina/BDBL/minabane25@upi/UPI,483810931399,"4,650.42",,225162.58
15-08-2025,UPI/DR/722158936977/Myntra/ICICI/myntra@ybl/UPI,848304227371,849.00,,224313.58
16-08-2025,POS RELIANCE MART MUMBAI,174823205004,"5,500.63",,218812.95
16-08-2025,UPI/DR/767513779515/Vi/PAYTM/jio@paytm/UPI,451896690111,699.00,,218113.95
17-08-2025,UPI/CR/251244989165/Saurabh/PUNB/saurabhmeno46@axl/UPI,809312583505,,"2,650.60",220764.55
18-08-2025,ATM-CASH-WDL/POV686464/MUMBAI,733804990137,"9,500.00",,211264.55
18-08-2025,UPI/DR/386184095304/Netmeds/ICICI/netmeds@paytm/UPI,058271041059,"3,200.16",,208064.39
18-08-2025,NACH/MANDATE/SIP4014914/Mirae Asset MF,132963778432,"5,000.00",,203064.39
19-08-2025,UPI/DR/566488344160/Vi/PAYTM/jio@paytm/UPI,231325448026,839.00,,202225.39
19-08-2025,POS BIG BAZAAR MUMBAI,649599381661,"2,200.99",,200024.40
19-08-2025,UPI/CR/249116796587/Seema/KKBK/seema360@apl/UPI,951436866096,,"3,550.33",203574.73
20-08-2025,UPI/DR/479820244823/CESC/UPIN/cescpayment@upi/UPI,862146530865,"1,400.17",,202174.56
20-08-2025,NEFT/N9163294561136/Cognizant Technology,308737971034,,"39,500.38",241674.94
20-08-2025,UPI/CR/305728978675/Harish/HDFC/harish849@ptaxis/UPI,939001478670,,"15,100.99",256775.93
20-08-2025,UPI/DR/963219456599/Blinkit/ICICI/blinkit@kotak/UPI,637506338888,"2,350.03",,254425.90
20-08-2025,IMPS-924654111711-Sumit Bose,125271633215,"32,500.97",,221924.93
21-08-2025,UPI/DR/092032548002/Uber/PAYTM/uber@paytm/UPI,175990753957,480.52,,221444.41
21-08-2025,UPI/DR/400435895131/PhonePe/ICICI/phonepe@ybl/UPI,955666437631,670.50,,220773.91
22-08-2025,UPI/DR/184592677558/Rapido/PAYTM/rapido@icici/UPI,123041968630,870.84,,219903.07
22-08-2025,UPI/DR/775132067486/Uber/PAYTM/uber@paytm/UPI,795580228415,160.64,,219742.43
22-08-2025,POS BHARAT PETROLEUM MUMBAI,971239980616,"4,200.08",,215542.35
23-08-2025,UPI/DR/330841937429/Amazon/PAYTM/amazon@apl/UPI,799874789326,"5,250.16",,210292.19
24-08-2025,UPI/DR/771605634135/Flipkart/ICICI/flipkart@ybl/UPI,476081441841,630.85,,209661.34
25-08-2025,UPI/DR/355533685184/Uber/ICICI/uber@paytm/UPI,033474707910,"2,380.33",,207281.01
25-08-2025,UPI/DR/331212703831/Indane/ICICI/indanegas@upi/UPI,672409064514,"2,050.76",,205230.25
26-08-2025,UPI/DR/503820162848/Rapido/PAYTM/rapido@icici/UPI,772522838212,110.04,,205120.21
27-08-2025,UPI/CR/161114176701/Himanshu/BDBL/9877851666@upi/UPI,315180176910,,"20,750.56",225870.77
27-08-2025,UPI/DR/640399195827/Ola/ICICI/olamoney@ola/UPI,864731368196,690.86,,225179.91
29-08-2025,UPI/CR/677162168019/Mohan/UTIB/mohan.naik@oksbi/UPI,433401705818,,"10,500.76",235680.67
30-08-2025,UPI/DR/401816903729/Ritu/SBIN/4594067289@ptaxis/UPI,453311250665,"14,050.14",,221630.53
30-08-2025,ATM-CASH-WDL/UWC916929/MUMBAI,286838765398,"10,000.00",,211630.53
31-08-2025,UPI/DR/637750320560/Ola/ICICI/olamoney@ola/UPI,918659373373,180.44,,211450.09
31-08-2025,POS SHELL FUEL STATION MUMBAI,308675603124,"1,050.94",,210399.15
31-08-2025,UPI/CR/248518058040/Sarita/FDRL/2146668838@okicici/UPI,483478183576,,"5,600.45",215999.60
01-09-2025,UPI/DR/518875901901/Ola/PAYTM/olamoney@ola/UPI,669996996285,320.46,,215679.14
02-09-2025,ATM-CASH-WDL/PKX145856/MUMBAI,694304578559,"8,000.00",,207679.14
02-09-2025,SALARY CREDIT/S5055874876056/Blue Dart Express Ltd,387435082508,,"132,136.46",339815.60
03-09-2025,NACH/MANDATE/RNT4555737/RENT MANDATE,477367152410,"25,500.00",,314315.60
03-09-2025,UPI/DR/964185852174/Vi/PAYTM/jio@paytm/UPI,971298577366,339.00,,313976.60
03-09-2025,UPI/DR/579174401589/Myntra/PAYTM/myntra@ybl/UPI,699870223236,"3,450.09",,310526.51
03-09-2025,UPI/DR/774464864259/Saurabh/BDBL/4112999217@ptsbi/UPI,145491402317,"18,250.92",,292275.59
03-09-2025,POS INDIAN OIL MUMBAI,466083104457,"3,050.92",,289224.67
04-09-2025,UPI/DR/586481990283/Vi/PAYTM/jio@paytm/UPI,129424744611,569.00,,288655.67
05-09-2025,UPI/DR/497106181207/Ola/ICICI/olamoney@ola/UPI,080800214676,"2,360.00",,286295.67
05-09-2025,NACH/MANDATE/LN607695677423/Tata Capital Finance,401796631500,"7,000.00",,279295.67
05-09-2025,POS RELIANCE PETROLEUM MUMBAI,257470192252,"1,050.58",,278245.09
07-09-2025,UPI/DR/741667891251/Flipkart/ICICI/flipkart@ybl/UPI,882942485432,"2,000.24",,276244.85
07-09-2025,UPI/DR/175595026753/Aditya/LICI/licindia@licindia/UPI,610522642702,"2,800.00",,273444.85
07-09-2025,UPI/DR/459541794103/Rapido/PAYTM/rapido@icici/UPI,196150668270,680.59,,272764.26
08-09-2025,UPI/DR/305623999227/Amazon/ICICI/amazon@apl/UPI,054930948517,"1,130.57",,271633.69
08-09-2025,UPI/DR/192346832532/Vi/PAYTM/jio@paytm/UPI,833852108223,349.00,,271284.69
08-09-2025,UPI/DR/772713859340/Zomato/ICICI/zomato@axisbank/UPI,509044942892,"1,290.23",,269994.46
08-09-2025,UPI/DR/934063939891/Poonam/UCBA/poonam.verma@pthdfc/UPI,717620207180,"3,750.70",,266243.76
09-09-2025,UPI/DR/614755001096/PhonePe/ICICI/phonepe@ybl/UPI,956606016229,"2,260.65",,263983.11
10-09-2025,UPI/DR/429488025879/Usha/KKBK/usha.pillai@ptyes/UPI,176998862002,"18,050.47",,245932.64
10-09-2025,ATM-CASH-WDL/LAR923424/MUMBAI,337220167372,"2,000.00",,243932.64
11-09-2025,UPI/DR/099498188976/Ola/PAYTM/olamoney@ola/UPI,143857662393,270.71,,243661.93
11-09-2025,UPI/DR/072873157582/Vi/PAYTM/jio@paytm/UPI,601919831228,799.00,,242862.93
12-09-2025,POS LIFESTYLE STORES MUMBAI,661144004046,"6,950.68",,235912.25
12-09-2025,UPI/DR/192395596911/Blinkit/ICICI/blinkit@kotak/UPI,030777814222,"1,420.04",,234492.21
12-09-2025,UPI/DR/069809724600/BigBasket/ICICI/bigbasket@ybl/UPI,301292266826,"1,560.89",,232931.32
13-09-2025,UPI/DR/572102858689/Asha/KKBK/asha822@pthdfc/UPI,551786484268,"3,450.19",,229481.13
13-09-2025,UPI/DR/651352463388/Rani/BKID/ranipill27@apl/UPI,186911003525,"1,600.27",,227880.86
14-09-2025,UPI/DR/343744386490/Flipkart/PAYTM/flipkart@ybl/UPI,530132127019,"1,400.60",,226480.26
14-09-2025,NACH/MANDATE/SIP5980190/Mirae Asset MF,049173517694,"5,000.00",,221480.26
14-09-2025,UPI/DR/672205096526/Indane/ICICI/indanegas@upi/UPI,376373963084,"1,750.29",,219729.97
15-09-2025,POS PANTALOONS MUMBAI,703903561039,900.10,,218829.87
16-09-2025,UPI/DR/000942348815/Nykaa/PAYTM/nykaa@razorpay/UPI,703967953277,"2,650.96",,216178.91
16-09-2025,IMPS-660521412282-Sunil Sharma,663409193413,"33,000.62",,183178.29
16-09-2025,UPI/DR/015475303622/Uber/PAYTM/uber@paytm/UPI,397164182756,890.39,,182287.90
16-09-2025,UPI/DR/593236785825/Meena/UCBA/meena.jain@ptyes/UPI,389199795030,"3,800.50",,178487.40
17-09-2025,UPI/DR/746890055515/Manish/FDRL/manishchop87@okhdfcbank/UPI,676314717815,"12,650.04",,165837.36
18-09-2025,UPI/CR/724507029103/Suresh/PUNB/sureshkhan46@ybl/UPI,799331259029,,"20,950.75",186788.11
19-09-2025,UPI/DR/773201164581/Dinesh/UTIB/dinesh.ahuja@kotak/UPI,673060664417,"17,350.85",,169437.26
20-09-2025,UPI/CR/803840965332/Nisha/BARB/7500726152@ptyes/UPI,085459695225,,"12,150.75",181588.01
20-09-2025,UPI/DR/803742957086/IRCTC/ICICI/irctc@upi/UPI,603564931792,199.00,,181389.01
21-09-2025,UPI/DR/379616318291/CESC/UPIN/cescpayment@upi/UPI,699155948448,"3,300.79",,178088.22
22-09-2025,ATM-CASH-WDL/NBZ744632/MUMBAI,917503532890,"8,000.00",,170088.22
22-09-2025,POS RELIANCE MART MUMBAI,235235524120,"3,700.80",,166387.42
22-09-2025,POS SHOPPERS STOP MUMBAI,870258660209,"4,300.44",,162086.98
22-09-2025,UPI/DR/937615524724/Mukesh/BARB/mukesh380@axl/UPI,573246382334,"20,300.74",,141786.24
23-09-2025,UPI/DR/215835653490/Shweta/BDBL/shweta.verma@okaxis/UPI,787382626636,"13,100.89",,128685.35
25-09-2025,UPI/DR/318774903236/Rajan/HDFC/rajan.patil@ibl/UPI,096219258558,"12,500.16",,116185.19
25-09-2025,INTEREST CREDIT,592684711995,,775.38,116960.57
25-09-2025,UPI/DR/400525491163/Zomato/ICICI/zomato@axisbank/UPI,780066692287,150.25,,116810.32
25-09-2025,UPI/DR/938682443348/BSNL/RAZORPAY/broadband@paytm/UPI,876654673216,749.00,,116061.32
26-09-2025,UPI/DR/765546728919/Rapido/PAYTM/rapido@icici/UPI,950794254136,240.71,,115820.61
26-09-2025,UPI/DR/346268347519/1mg/ICICI/tatahealth@icici/UPI,802029036073,"2,090.37",,113730.24
26-09-2025,UPI/DR/249165567007/Zomato/ICICI/zomato@axisbank/UPI,557253316480,220.35,,113509.89
27-09-2025,UPI/DR/627191410390/Uber/ICICI/uber@paytm/UPI,834119128050,"1,000.07",,112509.82
27-09-2025,ATM-CASH-WDL/PUR611914/MUMBAI,641118931045,"7,500.00",,105009.82
28-09-2025,UPI/DR/270635654596/Uber/PAYTM/uber@paytm/UPI,174103828553,180.49,,104829.33
28-09-2025,UPI/DR/048628571027/Vi/PAYTM/jio@paytm/UPI,541578077126,589.00,,104240.33
28-09-2025,POS HP PETROL PUMP MUMBAI,931316062920,"3,600.26",,100640.07
28-09-2025,UPI/DR/976319016567/Gopal/BKID/6032506975@paytm/UPI,324808601784,"20,950.79",,79689.28
28-09-2025,UPI/DR/071539902296/Sonia/HDFC/sonia.gupta@okicici/UPI,144315091505,"6,200.62",,73488.66
28-09-2025,UPI/DR/362242158621/Jio/ICICI/jio@paytm/UPI,126187161442,"2,200.27",,71288.39
29-09-2025,ACCOUNT MAINTENANCE CHARGES,338834485676,470.00,,70818.39
29-09-2025,GST ON CHARGES,188555017663,84.60,,70733.79
29-09-2025,POS STAR BAZAAR MUMBAI,656451412650,"5,500.70",,65233.09
30-09-2025,POS RELIANCE PETROLEUM MUMBAI,734114380394,"1,050.33",,64182.76
01-10-2025,UPI/DR/718722813273/Zepto/ICICI/zepto@apl/UPI,200277223255,470.92,,63711.84
01-10-2025,POS INDIAN OIL MUMBAI,083963217971,"4,400.99",,59310.85
01-10-2025,UPI/CR/665259273750/Sachin/FDRL/9191468636@ibl/UPI,860839840136,,"18,500.33",77811.18
01-10-2025,UPI/CR/591569236414/Nisha/BKID/nishadutt13@paytm/UPI,820483332887,,"8,450.52",86261.70
01-10-2025,UPI/DR/660625143586/PhonePe/ICICI/phonepe@ybl/UPI,332447287215,210.84,,86050.86
01-10-2025,ATM-CASH-WDL/EVM114384/MUMBAI,272756103768,"2,500.00",,83550.86
02-10-2025,UPI/DR/912418785935/Nykaa/PAYTM/nykaa@razorpay/UPI,398097388099,"3,150.29",,80400.57
02-10-2025,SALARY CREDIT/S0266803934791/Blue Dart Express Ltd,743327459320,,"130,568.46",210969.03
02-10-2025,UPI/DR/985419413338/BSNL/RAZORPAY/broadband@paytm/UPI,366441155942,"1,049.00",,209920.03
02-10-2025,ATM-CASH-WDL/ZFD025122/MUMBAI,035717309009,"8,500.00",,201420.03
04-10-2025,UPI/DR/132380516546/Uber/ICICI/uber@paytm/UPI,610326386384,"1,910.06",,199509.97
04-10-2025,UPI/DR/743058096262/BSNL/ICICI/bsnlbroadband@upi/UPI,584845348197,760.43,,198749.54
05-10-2025,UPI/CR/244939635080/Preeti/UTIB/preetibane68@ptyes/UPI,767272213727,,"13,950.66",212700.20
05-10-2025,NACH/MANDATE/RNT3442349/RENT MANDATE,686757246117,"25,500.00",,187200.20
06-10-2025,UPI/DR/674653549439/MedPlus/ICICI/medplus@icici/UPI,213672293733,840.74,,186359.46
07-10-2025,POS METRO CASH CARRY MUMBAI,155577063889,"7,100.92",,179258.54
08-10-2025,UPI/CR/628120028794/Yogesh/FDRL/yogesh.das@okaxis/UPI,430208324743,,"10,300.42",189558.96
09-10-2025,UPI/DR/596157968260/Rapido/PAYTM/rapido@icici/UPI,666639126651,90.34,,189468.62
09-10-2025,NACH/MANDATE/LN607695677423/Tata Capital Finance,767953893815,"7,000.00",,182468.62
11-10-2025,UPI/CR/233089150671/Manoj/HDFC/manojshuk61@paytm/UPI,699406992359,,"21,150.91",203619.53
11-10-2025,UPI/DR/771317413227/Vi/PAYTM/jio@paytm/UPI,712677659507,529.00,,203090.53
12-10-2025,UPI/CR/169622833506/Kapil/KKBK/7472011617@apl/UPI,382240102775,,"2,500.08",205590.61
12-10-2025,UPI/CR/525555866960/Renu/HDFC/renu.kulkarni@upi/UPI,083487058743,,"18,900.97",224491.58
12-10-2025,NEFT/N7046843578026/Hero MotoCorp Ltd,248260613671,,"24,000.64",248492.22
13-10-2025,UPI/DR/870263014298/Vi/PAYTM/jio@paytm/UPI,042195048222,849.00,,247643.22
14-10-2025,UPI/DR/577940219322/Uber/PAYTM/uber@paytm/UPI,692912722577,350.01,,247293.21
15-10-2025,UPI/DR/218460666698/Rapido/PAYTM/rapido@icici/UPI,593869093192,840.57,,246452.64
15-10-2025,UPI/DR/503742040133/Vi/PAYTM/jio@paytm/UPI,027369374296,969.00,,245483.64
15-10-2025,POS BRAND FACTORY MUMBAI,755048582862,"4,450.64",,241033.00
16-10-2025,UPI/DR/575220323219/Dunzo/ICICI/dunzo@razorpay/UPI,580698183103,"2,720.89",,238312.11
16-10-2025,UPI/DR/030245642162/Jyoti/BDBL/3175648202@ptaxis/UPI,578675037335,"11,300.36",,227011.75
17-10-2025,UPI/DR/052457386971/Blinkit/ICICI/blinkit@kotak/UPI,404492850865,"1,700.29",,225311.46
17-10-2025,POS INDIAN OIL MUMBAI,188868592890,"1,050.48",,224260.98
18-10-2025,UPI/DR/370167280822/Rekha/HDFC/rekha.reddy@upi/UPI,692198955296,"5,800.77",,218460.21
19-10-2025,UPI/DR/926365356747/BigBasket/ICICI/bigbasket@ybl/UPI,306895508135,330.22,,218129.99
19-10-2025,NACH/MANDATE/SIP3064911/Mirae Asset MF,351844625381,"5,000.00",,213129.99
19-10-2025,UPI/DR/255624014748/CESC/UPIN/cescpayment@upi/UPI,915371497538,"3,300.03",,209829.96
20-10-2025,UPI/DR/854861842051/BSNL/ICICI/bsnlbroadband@upi/UPI,894446691105,"1,110.31",,208719.65
21-10-2025,UPI/CR/801251547861/Lata/UTIB/lata.pillai@aubank/UPI,758941243524,,"9,350.86",218070.51
21-10-2025,UPI/DR/206224693914/Apollo/ICICI/apollopharmacy@ybl/UPI,812351732150,699.00,,217371.51
23-10-2025,UPI/DR/143110327754/Rekha/BDBL/rekha790@upi/UPI,146786978276,"7,900.88",,209470.63
23-10-2025,UPI/DR/824609958869/Uber/PAYTM/uber@paytm/UPI,607205007700,440.52,,209030.11
24-10-2025,UPI/DR/194785508453/Uber/PAYTM/uber@paytm/UPI,183740502508,700.92,,208329.19
24-10-2025,UPI/DR/232266080308/Babita/FDRL/9322719173@upi/UPI,892904684117,"2,250.50",,206078.69
24-10-2025,POS CENTRAL MALL MUMBAI,296276818112,"5,450.00",,200628.69
25-10-2025,UPI/DR/300621984308/Indane/ICICI/indanegas@upi/UPI,877478859679,"1,400.17",,199228.52
25-10-2025,UPI/CR/134304605282/Pankaj/KKBK/pankaj964@okaxis/UPI,157467227706,,"1,700.24",200928.76
27-10-2025,UPI/DR/324256523168/Zepto/ICICI/zepto@apl/UPI,283246172854,"1,800.12",,199128.64
27-10-2025,POS BHARAT PETROLEUM MUMBAI,612807036444,"2,150.46",,196978.18
28-10-2025,UPI/DR/217817558129/Sapna/BDBL/sapna.sharma@ptyes/UPI,563235137273,"5,750.03",,191228.15
29-10-2025,UPI/DR/364398830987/Ola/PAYTM/olamoney@ola/UPI,068382636324,390.04,,190838.11
31-10-2025,UPI/DR/601329389486/Girish/UTIB/girish194@oksbi/UPI,798973732072,"16,400.80",,174437.31
01-11-2025,SALARY CREDIT/S7280534285358/Blue Dart Express Ltd,128681663711,,"128,342.46",302779.77
02-11-2025,UPI/CR/701912061374/Rakesh/BDBL/rakesh.bose@paytm/UPI,003708335730,,"2,200.19",304979.96
02-11-2025,UPI/DR/131459801405/BigBasket/ICICI/bigbasket@ybl/UPI,643551568921,230.92,,304749.04
02-11-2025,UPI/CR/002877445187/Rajan/SBIN/rajanpati41@axl/UPI,514264582626,,"12,850.02",317599.06
03-11-2025,UPI/DR/271681148629/Zepto/ICICI/zepto@apl/UPI,811609632405,430.23,,317168.83
03-11-2025,UPI/DR/001486200943/Vi/PAYTM/jio@paytm/UPI,218338255328,799.00,,316369.83
03-11-2025,UPI/DR/438537950073/Practo/ICICI/practo@paytm/UPI,216851147753,449.00,,315920.83
04-11-2025,NACH/MANDATE/RNT0037601/RENT MANDATE,516973196340,"25,500.00",,290420.83
04-11-2025,NACH/MANDATE/LN607695677423/Tata Capital Finance,323221992041,"7,000.00",,283420.83
04-11-2025,POS HP PETROL PUMP MUMBAI,534456102948,"4,200.32",,279220.51
05-11-2025,UPI/DR/824575941639/PhonePe/ICICI/phonepe@ybl/UPI,756441374162,"1,910.21",,277310.30
05-11-2025,UPI/DR/545350194592/Blinkit/ICICI/blinkit@kotak/UPI,810615464589,160.08,,277150.22
05-11-2025,UPI/CR/779029649021/Naresh/BKID/naresh.mishra@aubank/UPI,693303931006,,"8,200.42",285350.64
05-11-2025,UPI/DR/255572362111/Vi/PAYTM/jio@paytm/UPI,811287313050,329.00,,285021.64
05-11-2025,UPI/DR/004972055185/Blinkit/ICICI/blinkit@kotak/UPI,365097794731,"1,890.79",,283130.85
06-11-2025,UPI/DR/827763386959/Rapido/PAYTM/rapido@icici/UPI,744288013733,250.25,,282880.60
09-11-2025,UPI/DR/751691644183/Jio/ICICI/jio@paytm/UPI,430624139267,630.67,,282249.93
09-11-2025,POS STAR BAZAAR MUMBAI,936838238695,"4,750.45",,277499.48
11-11-2025,UPI/DR/786512019448/Zomato/ICICI/zomato@axisbank/UPI,948369348772,"1,670.59",,275828.89
11-11-2025,POS BHARAT PETROLEUM MUMBAI,535243083663,"2,150.68",,273678.21
13-11-2025,UPI/CR/567646730877/Asha/SBIN/asha.dubey@ibl/UPI,730871521283,,"19,350.56",293028.77
14-11-2025,UPI/DR/810617789004/Vi/PAYTM/jio@paytm/UPI,131223458656,779.00,,292249.77
15-11-2025,UPI/DR/748644862352/Vi/PAYTM/jio@paytm/UPI,210861076491,489.00,,291760.77
15-11-2025,ATM-CASH-WDL/IXS288155/MUMBAI,971088328642,"2,000.00",,289760.77
16-11-2025,NACH/MANDATE/SIP5684672/Mirae Asset MF,018122460679,"5,000.00",,284760.77
16-11-2025,UPI/DR/026179398157/CESC/UPIN/cescpayment@upi/UPI,542129038922,"4,000.76",,280760.01
16-11-2025,UPI/DR/924377264350/Dunzo/ICICI/dunzo@razorpay/UPI,947833087922,"2,730.49",,278029.52
16-11-2025,UPI/CR/160804174669/Ramesh/UCBA/ramesh734@okicici/UPI,944446495029,,"16,100.49",294130.01
16-11-2025,UPI/DR/169170052585/Nikhil/FDRL/nikhilkhan34@ptsbi/UPI,303073126324,"19,550.55",,274579.46
17-11-2025,UPI/DR/360873669648/Ajay/PUNB/8437023966@apl/UPI,045815547850,"18,600.36",,255979.10
17-11-2025,UPI/DR/435482024939/Zepto/ICICI/zepto@apl/UPI,504754745172,"2,450.60",,253528.50
17-11-2025,UPI/CR/709463568735/Gopal/HDFC/4944907722@ptaxis/UPI,399330784792,,"7,400.21",260928.71
17-11-2025,UPI/DR/298434956481/Meena/KKBK/8651032352@upi/UPI,585451577435,"19,950.22",,240978.49
17-11-2025,UPI/DR/839885250068/Vi/PAYTM/jio@paytm/UPI,242959807101,669.00,,240309.49
17-11-2025,UPI/DR/526229458409/Ola/ICICI/olamoney@ola/UPI,253270850002,"2,530.19",,237779.30
18-11-2025,UPI/DR/244732939365/Indane/ICICI/indanegas@upi/UPI,804695947873,"1,050.18",,236729.12
18-11-2025,UPI/DR/514941901559/Zomato/ICICI/zomato@axisbank/UPI,728213406557,"2,230.13",,234498.99
18-11-2025,UPI/DR/724822256833/Rapido/PAYTM/rapido@icici/UPI,800070242142,750.36,,233748.63
18-11-2025,UPI/DR/496036143812/Sapna/UTIB/sapna261@oksbi/UPI,167797368660,"6,500.88",,227247.75
19-11-2025,UPI/DR/490114831247/Uber/PAYTM/uber@paytm/UPI,511349388684,350.12,,226897.63
19-11-2025,POS LIFESTYLE STORES MUMBAI,477090615507,"4,800.54",,222097.09
19-11-2025,UPI/DR/832952151622/Myntra/PAYTM/myntra@ybl/UPI,206381168856,"2,450.33",,219646.76
20-11-2025,UPI/DR/548866703993/Ola/PAYTM/olamoney@ola/UPI,646885679010,440.96,,219205.80
20-11-2025,UPI/DR/835199701072/Jio/ICICI/jio@paytm/UPI,885964183706,"2,660.71",,216545.09
21-11-2025,UPI/DR/350034504363/Swiggy/ICICI/swiggy@icici/UPI,565134294465,"2,180.96",,214364.13
22-11-2025,IMPS-558446009378-Anita Desai,104062727292,"40,500.11",,173864.02
22-11-2025,UPI/CR/623751504198/Vikas/HDFC/vikas300@upi/UPI,706173349089,,"1,050.61",174914.63
23-11-2025,POS STAR BAZAAR MUMBAI,213594911582,"3,300.83",,171613.80
24-11-2025,UPI/DR/464809465072/Ravi/UCBA/ravi397@ybl/UPI,405167386186,"2,150.00",,169463.80
24-11-2025,ATM-CASH-WDL/IUG942667/MUMBAI,054901741964,"2,000.00",,167463.80
24-11-2025,UPI/DR/721783019637/Suresh/FDRL/0131993755@aubank/UPI,025265912072,"6,050.44",,161413.36
25-11-2025,UPI/DR/043841513144/Mina/BKID/mina401@ptyes/UPI,181050522333,"6,950.68",,154462.68
25-11-2025,POS PANTALOONS MUMBAI,407766493857,"4,800.03",,149662.65
25-11-2025,UPI/DR/957358610327/Sapna/SBIN/sapna535@kotak/UPI,632269921940,"17,000.74",,132661.91
25-11-2025,UPI/DR/387420325583/Nykaa/PAYTM/nykaa@razorpay/UPI,466913649652,950.94,,131710.97
26-11-2025,UPI/DR/229458872428/PhonePe/ICICI/phonepe@ybl/UPI,205074840758,"1,810.62",,129900.35
26-11-2025,UPI/DR/364045412502/Sunil/UTIB/sunilsing90@kotak/UPI,561352845399,950.19,,128950.16
27-11-2025,UPI/CR/115565158363/Archana/SBIN/7525521486@ptyes/UPI,503431316351,,"7,000.95",135951.11
28-11-2025,UPI/DR/258404047586/Myntra/PAYTM/myntra@ybl/UPI,342560310507,"1,300.03",,134651.08
28-11-2025,POS INDIAN OIL MUMBAI,931615314868,"3,550.90",,131100.18
29-11-2025,UPI/DR/696931114128/Radha/SBIN/radha.bose@oksbi/UPI,878967214788,"6,650.65",,124449.53
29-11-2025,ACCOUNT MAINTENANCE CHARGES,856569608002,560.00,,123889.53
29-11-2025,GST ON CHARGES,264474452807,100.80,,123788.73
30-11-2025,ATM-CASH-WDL/MHK814403/MUMBAI,851129894483,"4,000.00",,119788.73
30-11-2025,UPI/DR/236469654389/Flipkart/ICICI/flipkart@ybl/UPI,923487940092,"2,330.83",,117457.90
01-12-2025,UPI/DR/870283383444/Ola/PAYTM/olamoney@ola/UPI,799696999930,650.95,,116806.95
01-12-2025,UPI/DR/592567723250/Lata/BKID/latanamb39@ibl/UPI,763666022485,"19,750.10",,97056.85
02-12-2025,UPI/DR/012681528633/Ankit/UCBA/ankit.chatterjee@okaxis/UPI,391239703752,"21,400.35",,75656.50
03-12-2025,UPI/CR/222911514715/Rajesh/SBIN/rajesh.banerjee@ptsbi/UPI,336703526734,,"16,500.10",92156.60
03-12-2025,UPI/DR/385066599826/Ola/ICICI/olamoney@ola/UPI,647974746015,"2,790.38",,89366.22
03-12-2025,UPI/DR/506715753880/Blinkit/ICICI/blinkit@kotak/UPI,988181287068,"2,180.62",,87185.60
03-12-2025,UPI/CR/156063899637/Mohan/BDBL/mohan132@oksbi/UPI,358157527257,,"13,500.65",100686.25
03-12-2025,UPI/DR/238783356768/Kapil/FDRL/kapilkulk18@kotak/UPI,518609956400,"13,250.68",,87435.57
03-12-2025,UPI/DR/310842271677/Uber/PAYTM/uber@paytm/UPI,715157871965,770.51,,86665.06
03-12-2025,SALARY CREDIT/S4981622267689/Blue Dart Express Ltd,131385549472,,"127,520.46",214185.52
03-12-2025,UPI/DR/086624594253/BSNL/RAZORPAY/broadband@paytm/UPI,094166380492,499.00,,213686.52
04-12-2025,UPI/DR/410987527105/Jio/ICICI/jio@paytm/UPI,160602459345,370.44,,213316.08
05-12-2025,UPI/CR/040987277680/Meena/BDBL/meena.chaudhary@okhdfcbank/UPI,739501493415,,"8,150.29",221466.37
06-12-2025,UPI/DR/243275218624/Usha/HDFC/2280843616@kotak/UPI,471425465412,"20,700.13",,200766.24
07-12-2025,UPI/DR/645214010546/IRCTC/ICICI/irctc@upi/UPI,305931492276,349.00,,200417.24
08-12-2025,NACH/MANDATE/RNT9969927/RENT MANDATE,355867105602,"25,500.00",,174917.24
08-12-2025,POS BIG BAZAAR MUMBAI,778548728208,"4,300.33",,170616.91
09-12-2025,UPI/DR/973734868235/Rekha/KKBK/5142905937@okaxis/UPI,986619309557,"1,900.49",,168716.42
09-12-2025,NACH/MANDATE/LN607695677423/Tata Capital Finance,959343542465,"7,000.00",,161716.42
09-12-2025,UPI/CR/534443267272/Sarita/SBIN/saritachat93@ptsbi/UPI,308579179542,,"12,950.41",174666.83
09-12-2025,IMPS-939916377072-Krishna Reddy,412127274602,"27,700.94",,146965.89
09-12-2025,UPI/DR/993781139209/Ola/PAYTM/olamoney@ola/UPI,474069958126,110.99,,146854.90
10-12-2025,UPI/DR/675399077098/Jio/ICICI/jio@paytm/UPI,494541657296,160.99,,146693.91
11-12-2025,POS METRO CASH CARRY MUMBAI,271756854973,"6,850.96",,139842.95
11-12-2025,ATM-CASH-WDL/OYU827849/MUMBAI,275228583224,"8,500.00",,131342.95
12-12-2025,UPI/DR/419193455107/Blinkit/ICICI/blinkit@kotak/UPI,585694780985,"1,260.94",,130082.01
12-12-2025,UPI/DR/558893725601/Vi/PAYTM/jio@paytm/UPI,867468553782,899.00,,129183.01
12-12-2025,POS METRO CASH CARRY MUMBAI,485178263164,"4,000.66",,125182.35
12-12-2025,UPI/DR/842316328101/Amazon/ICICI/amazon@apl/UPI,663296556182,"2,640.88",,122541.47
12-12-2025,UPI/DR/863459844762/Aditya/LICI/licindia@licindia/UPI,151784017550,"2,800.00",,119741.47
12-12-2025,UPI/DR/368662920702/Anita/BARB/anita168@ptaxis/UPI,502433694201,"5,550.84",,114190.63
13-12-2025,POS HP PETROL PUMP MUMBAI,421124719396,"2,750.08",,111440.55
13-12-2025,UPI/DR/395432698289/Naveen/SBIN/naveenahuj22@okhdfcbank/UPI,759872191945,"15,550.34",,95890.21
14-12-2025,UPI/DR/100085135022/Zepto/ICICI/zepto@apl/UPI,852374843265,890.25,,94999.96
15-12-2025,UPI/DR/987731310251/Vi/PAYTM/jio@paytm/UPI,249966669603,709.00,,94290.96
15-12-2025,POS VISHAL MEGA MART MUMBAI,287439465676,"4,000.13",,90290.83
15-12-2025,ATM-CASH-WDL/SFP455512/MUMBAI,236939687487,"5,000.00",,85290.83
15-12-2025,UPI/DR/051408492984/Pallavi/UCBA/pallavi.mehta@upi/UPI,648768329013,"19,450.03",,65840.80
15-12-2025,UPI/DR/855141723750/Rapido/PAYTM/rapido@icici/UPI,249277963669,650.93,,65189.87
16-12-2025,NEFT/N4503837796144/L&T Infotech Ltd,077842980571,,"40,500.26",105690.13
16-12-2025,UPI/DR/858203497343/CESC/UPIN/cescpayment@upi/UPI,592891228731,"2,400.05",,103290.08
17-12-2025,ATM-CASH-WDL/WXR589605/MUMBAI,334660891335,"2,500.00",,100790.08
17-12-2025,UPI/CR/524766471733/Arjun/BKID/8185165862@ybl/UPI,324236809031,,"12,950.52",113740.60
18-12-2025,ATM-CASH-WDL/VQV850391/MUMBAI,376215669011,"4,500.00",,109240.60
19-12-2025,ATM-CASH-WDL/TQF271306/MUMBAI,103000052101,"1,000.00",,108240.60
19-12-2025,NACH/MANDATE/SIP8827650/Mirae Asset MF,470530993945,"5,000.00",,103240.60
20-12-2025,UPI/DR/137701263608/Indane/ICICI/indanegas@upi/UPI,772860867070,"1,150.50",,102090.10
20-12-2025,UPI/DR/854949226346/Myntra/PAYTM/myntra@ybl/UPI,882364359290,"2,500.31",,99589.79
22-12-2025,UPI/DR/856750216714/Ramesh/PUNB/rameshdutt13@ptsbi/UPI,421194413147,"18,100.13",,81489.66
22-12-2025,UPI/DR/235762523735/Amazon/PAYTM/amazon@apl/UPI,324031290223,"4,800.60",,76689.06
22-12-2025,UPI/CR/406665392485/Rajesh/FDRL/rajeshchau94@ybl/UPI,591280681771,,"21,300.89",97989.95
22-12-2025,UPI/DR/369167384202/Ola/ICICI/olamoney@ola/UPI,124567740038,"2,700.85",,95289.10
22-12-2025,UPI/DR/128362727041/Swiggy/ICICI/swiggy@icici/UPI,105330551141,880.69,,94408.41
24-12-2025,POS HP PETROL PUMP MUMBAI,791403214710,"3,000.01",,91408.40
25-12-2025,UPI/DR/308466026393/Uber/ICICI/uber@paytm/UPI,409421434824,"2,660.66",,88747.74
27-12-2025,UPI/DR/802819815051/Dunzo/ICICI/dunzo@razorpay/UPI,092810770039,"2,630.31",,86117.43
27-12-2025,INTEREST CREDIT,016172613031,,870.21,86987.64
28-12-2025,POS STAR BAZAAR MUMBAI,029464187872,"6,750.65",,80236.99
28-12-2025,UPI/DR/099782567536/Zepto/ICICI/zepto@apl/UPI,927362786269,"1,260.49",,78976.50
28-12-2025,UPI/DR/383365570261/Rani/BKID/1730179704@ptsbi/UPI,008520090689,"14,800.60",,64175.90
29-12-2025,ATM-CASH-WDL/SKX976632/MUMBAI,551693480316,"3,000.00",,61175.90
29-12-2025,UPI/DR/406388306671/Blinkit/ICICI/blinkit@kotak/UPI,890467271074,"1,880.21",,59295.69
30-12-2025,POS CENTRAL MALL MUMBAI,431665095395,"6,400.74",,52894.95
31-12-2025,UPI/DR/312267065999/Maya/BARB/5405313227@upi/UPI,396125208728,"7,050.56",,45844.39
31-12-2025,UPI/DR/081319864217/PhonePe/ICICI/phonepe@ybl/UPI,628166465249,"2,090.87",,43753.52
01-01-2026,POS MORE SUPER MARKET MUMBAI,001049496965,"2,000.19",,41753.33
01-01-2026,UPI/DR/246981435967/Uber/ICICI/uber@paytm/UPI,426419380534,"1,900.85",,39852.48
01-01-2026,UPI/DR/389879718262/Archana/SBIN/9848967277@okhdfcbank/UPI,981946886201,"2,850.76",,37001.72
01-01-2026,SALARY CREDIT/S4236023523240/Blue Dart Express Ltd,004814968257,,"132,697.46",169699.18
02-01-2026,UPI/DR/757956385709/Uber/ICICI/uber@paytm/UPI,652466060911,"1,540.25",,168158.93
02-01-2026,UPI/DR/849801590788/BSNL/RAZORPAY/broadband@paytm/UPI,376415272449,849.00,,167309.93
02-01-2026,UPI/DR/403183248178/Flipkart/ICICI/flipkart@ybl/UPI,234379354868,"1,020.64",,166289.29
03-01-2026,UPI/DR/685613409389/Shivam/BKID/shivamsriv64@upi/UPI,607681367500,"18,600.75",,147688.54
03-01-2026,NACH/MANDATE/RNT0354386/RENT MANDATE,840301070088,"25,500.00",,122188.54
03-01-2026,UPI/DR/416694185070/Vi/PAYTM/jio@paytm/UPI,099322578442,699.00,,121489.54
03-01-2026,UPI/DR/348788861613/Zepto/ICICI/zepto@apl/UPI,918940561258,"2,600.26",,118889.28
03-01-2026,UPI/DR/003526230418/Zepto/ICICI/zepto@apl/UPI,273839872277,140.80,,118748.48
03-01-2026,UPI/CR/925740764377/Mamta/KKBK/mamta.shah@ibl/UPI,837071997414,,"10,400.16",129148.64
03-01-2026,POS BHARAT PETROLEUM MUMBAI,746596038555,"2,850.74",,126297.90
04-01-2026,UPI/DR/798676968047/Jio/ICICI/jio@paytm/UPI,319427848931,"1,040.47",,125257.43
04-01-2026,POS PANTALOONS MUMBAI,610553195417,"3,800.84",,121456.59
04-01-2026,NACH/MANDATE/LN607695677423/Tata Capital Finance,329050089389,"7,000.00",,114456.59
05-01-2026,UPI/DR/492053324191/Prashant/KKBK/prashant.das@paytm/UPI,773192897348,"15,600.18",,98856.41
05-01-2026,UPI/DR/536944831160/Vi/PAYTM/jio@paytm/UPI,554120078688,819.00,,98037.41
06-01-2026,UPI/DR/767120057658/Vi/PAYTM/jio@paytm/UPI,115225479370,959.00,,97078.41
07-01-2026,UPI/DR/884563533169/Vi/PAYTM/jio@paytm/UPI,874638132799,199.00,,96879.41
08-01-2026,UPI/DR/936216898670/Usha/UCBA/7085525994@ibl/UPI,527393915097,"18,600.95",,78278.46
09-01-2026,UPI/DR/388328283829/Rapido/PAYTM/rapido@icici/UPI,420713509967,250.70,,78027.76
10-01-2026,UPI/DR/247825451155/1mg/ICICI/tatahealth@icici/UPI,736613973749,"1,940.44",,76087.32
10-01-2026,UPI/DR/759869157965/CESC/UPIN/cescpayment@upi/UPI,654309373255,"2,700.19",,73387.13
11-01-2026,ATM-CASH-WDL/UNX311509/MUMBAI,031671073546,"2,000.00",,71387.13
12-01-2026,UPI/DR/064386520876/Blinkit/ICICI/blinkit@kotak/UPI,491221317090,"2,330.31",,69056.82
12-01-2026,UPI/CR/032154167548/Sachin/BKID/sachin479@okaxis/UPI,442312833369,,"1,450.20",70507.02
12-01-2026,UPI/DR/074484000098/Sushma/PUNB/sushmachat43@okhdfcbank/UPI,855174311427,"21,000.12",,49506.90
13-01-2026,UPI/DR/100206587142/Swiggy/ICICI/swiggy@icici/UPI,905378113452,"2,290.46",,47216.44
13-01-2026,POS RELIANCE PETROLEUM MUMBAI,347132984373,"3,950.98",,43265.46
16-01-2026,UPI/DR/840944547921/BigBasket/ICICI/bigbasket@ybl/UPI,057758847176,600.68,,42664.78
17-01-2026,UPI/CR/047660343454/Himanshu/BKID/himanshu303@axl/UPI,780192372603,,"21,450.31",64115.09
18-01-2026,UPI/CR/571000230408/Maya/UTIB/maya.verma@ptsbi/UPI,932768211274,,"17,450.10",81565.19
18-01-2026,UPI/DR/980665869548/Zomato/ICICI/zomato@axisbank/UPI,251767214750,160.73,,81404.46
18-01-2026,NACH/MANDATE/SIP9741659/Mirae Asset MF,378635237719,"5,000.00",,76404.46
18-01-2026,POS V MART MUMBAI,553308152040,900.83,,75503.63
19-01-2026,UPI/DR/766878865941/Rohit/SBIN/0746203903@okaxis/UPI,855988078724,"20,300.32",,55203.31
20-01-2026,UPI/DR/326249218333/Suresh/PUNB/suresh912@ptsbi/UPI,089217220115,"4,600.78",,50602.53
20-01-2026,ATM-CASH-WDL/OIO549543/MUMBAI,224168403681,"5,000.00",,45602.53
21-01-2026,UPI/DR/547921039945/Rapido/PAYTM/rapido@icici/UPI,353892198054,880.29,,44722.24
21-01-2026,ATM-CASH-WDL/TGO596541/MUMBAI,730855065325,"2,000.00",,42722.24
21-01-2026,POS LIFESTYLE STORES MUMBAI,297160586047,"4,450.79",,38271.45
21-01-2026,ATM-CASH-WDL/NKM661769/MUMBAI,820619654986,"4,500.00",,33771.45
21-01-2026,UPI/CR/998373098830/Vikas/UCBA/0850746597@upi/UPI,277320018855,,"16,950.45",50721.90
22-01-2026,NEFT/N3557987093546/Tata Consultancy Ser,534824852672,,"34,000.75",84722.65
22-01-2026,UPI/DR/209046776102/Usha/SBIN/usha.chatterjee@pthdfc/UPI,054533646904,950.06,,83772.59
22-01-2026,UPI/DR/342235135960/Indane/ICICI/indanegas@upi/UPI,077061296446,"2,400.46",,81372.13
24-01-2026,POS VISHAL MEGA MART MUMBAI,462353997524,"3,700.82",,77671.31
25-01-2026,UPI/DR/556740980323/Meesho/PAYTM/meesho@ybl/UPI,557841220535,"2,500.76",,75170.55
26-01-2026,UPI/DR/115391223574/Rapido/PAYTM/rapido@icici/UPI,878904267753,240.23,,74930.32
26-01-2026,UPI/CR/043242240822/Rakesh/SBIN/rakesh.chatterjee@axl/UPI,532924262801,,"1,350.69",76281.01
26-01-2026,ATM-CASH-WDL/WNB509663/MUMBAI,932038624636,"6,000.00",,70281.01
26-01-2026,POS D MART MUMBAI,306922842300,"7,250.79",,63030.22
27-01-2026,UPI/DR/704026853449/Uber/PAYTM/uber@paytm/UPI,675050359070,790.55,,62239.67
27-01-2026,POS BRAND FACTORY MUMBAI,354945102615,"6,750.79",,55488.88
28-01-2026,UPI/DR/815159595565/MakeMyTrip/ICICI/makemytrip@axisbank/UPI,961358248598,999.00,,54489.88
31-01-2026,UPI/CR/751101409624/Sushma/FDRL/sushma.chatterjee@okaxis/UPI,944326780044,,"20,400.17",74890.05
31-01-2026,UPI/DR/383259304653/Kapil/BKID/kapil200@okhdfcbank/UPI,617085238569,"2,400.81",,72489.24
01-02-2026,UPI/DR/864946469828/Zepto/ICICI/zepto@apl/UPI,652894657867,340.28,,72148.96
01-02-2026,SALARY CREDIT/S3180839653001/Blue Dart Express Ltd,792717902144,,"129,197.46",201346.42
02-02-2026,POS V MART MUMBAI,671931322972,"5,150.14",,196196.28
02-02-2026,UPI/DR/463195863522/Priya/HDFC/priyapill49@okicici/UPI,905197835089,"20,200.03",,175996.25
02-02-2026,UPI/CR/330421443721/Varsha/UTIB/varsharedd60@oksbi/UPI,213679761254,,"8,350.53",184346.78
02-02-2026,UPI/CR/131578515728/Deepak/HDFC/1112584268@apl/UPI,481976086089,,"16,000.52",200347.30
02-02-2026,POS BHARAT PETROLEUM MUMBAI,971108976030,"4,100.57",,196246.73
02-02-2026,POS MAX FASHION MUMBAI,502455361359,"2,000.69",,194246.04
03-02-2026,UPI/CR/997845906337/Kiran/UCBA/kiran114@apl/UPI,293391878264,,"4,050.53",198296.57
03-02-2026,POS MAX FASHION MUMBAI,981438360566,"7,350.27",,190946.30
04-02-2026,ATM-CASH-WDL/GOG846650/MUMBAI,513153093897,"8,500.00",,182446.30
04-02-2026,UPI/DR/940539852934/Zepto/ICICI/zepto@apl/UPI,725931985966,"1,520.87",,180925.43
04-02-2026,UPI/CR/497194629536/Usha/KKBK/usha933@oksbi/UPI,434605598280,,"18,250.03",199175.46
04-02-2026,UPI/DR/590151343168/BSNL/RAZORPAY/broadband@paytm/UPI,723026149264,"1,199.00",,197976.46
05-02-2026,NACH/MANDATE/RNT8334623/RENT MANDATE,552249402918,"25,500.00",,172476.46
05-02-2026,POS MAX FASHION MUMBAI,790762797700,"1,700.30",,170776.16
05-02-2026,POS RELIANCE PETROLEUM MUMBAI,108227835379,"3,750.67",,167025.49
05-02-2026,UPI/DR/634746967731/Vikas/HDFC/vikas793@oksbi/UPI,496232250702,"12,950.57",,154074.92
05-02-2026,POS INDIAN OIL MUMBAI,976741545675,900.06,,153174.86
06-02-2026,UPI/CR/592926210328/Maya/BARB/mayachop51@ptsbi/UPI,625556128744,,"9,000.10",162174.96
06-02-2026,UPI/DR/759882010432/Vi/PAYTM/jio@paytm/UPI,377820058124,749.00,,161425.96
07-02-2026,NACH/MANDATE/LN607695677423/Tata Capital Finance,430108188562,"7,000.00",,154425.96
07-02-2026,UPI/DR/182299212374/Zomato/ICICI/zomato@axisbank/UPI,554074119047,"2,600.59",,151825.37
08-02-2026,UPI/DR/922896850122/Sarita/KKBK/sarita685@axl/UPI,920605688962,"1,050.71",,150774.66
09-02-2026,ATM-CASH-WDL/FGF160537/MUMBAI,612076608875,"6,500.00",,144274.66
09-02-2026,UPI/DR/002785982267/Flipkart/ICICI/flipkart@ybl/UPI,709982155405,"1,420.58",,142854.08
09-02-2026,POS BHARAT PETROLEUM MUMBAI,072749907612,"4,300.05",,138554.03
10-02-2026,UPI/DR/951355070187/Uber/PAYTM/uber@paytm/UPI,915418826280,520.32,,138033.71
10-02-2026,UPI/DR/196866197549/Vi/PAYTM/jio@paytm/UPI,992752565849,509.00,,137524.71
10-02-2026,UPI/DR/728960843729/Jio/ICICI/jio@paytm/UPI,960831836371,690.98,,136833.73
10-02-2026,UPI/DR/079494730673/Zomato/ICICI/zomato@axisbank/UPI,190917243027,"1,220.02",,135613.71
11-02-2026,UPI/CR/916628194262/Seema/BDBL/seemachat73@axl/UPI,207596089915,,"16,350.15",151963.86
13-02-2026,NACH/MANDATE/SIP6057330/Mirae Asset MF,532435839789,"5,000.00",,146963.86
13-02-2026,UPI/DR/423978344656/Ola/PAYTM/olamoney@ola/UPI,107808562324,120.42,,146843.44
14-02-2026,NEFT/N4791910590409/Arvind Ltd,623140699434,,"29,500.97",176344.41
15-02-2026,POS RELIANCE MART MUMBAI,619426210625,"4,800.08",,171544.33
15-02-2026,UPI/DR/875482247469/Zepto/ICICI/zepto@apl/UPI,995628114469,"1,160.36",,170383.97
16-02-2026,UPI/CR/724213158451/Priya/BDBL/2087822369@axl/UPI,010242767162,,"1,250.96",171634.93
16-02-2026,UPI/DR/498413067851/Vi/PAYTM/jio@paytm/UPI,502343369901,569.00,,171065.93
16-02-2026,UPI/DR/220857155211/Myntra/ICICI/myntra@ybl/UPI,341399615699,749.00,,170316.93
16-02-2026,ATM-CASH-WDL/ZOF077395/MUMBAI,102775052815,"1,000.00",,169316.93
17-02-2026,UPI/DR/323470242062/CESC/UPIN/cescpayment@upi/UPI,926328565755,700.03,,168616.90
17-02-2026,UPI/DR/289564841688/Flipkart/PAYTM/flipkart@ybl/UPI,719827332853,"1,800.84",,166816.06
17-02-2026,UPI/DR/185985285078/Zomato/ICICI/zomato@axisbank/UPI,721383408709,540.59,,166275.47
18-02-2026,UPI/DR/420628170768/Ritu/HDFC/ritunaik72@ptsbi/UPI,347914942071,"5,800.13",,160475.34
20-02-2026,UPI/CR/008179440525/Pallavi/BKID/pallavibose54@aubank/UPI,231846538844,,"10,200.54",170675.88
20-02-2026,UPI/DR/325184355758/Ola/ICICI/olamoney@ola/UPI,468135446419,"2,470.96",,168204.92
21-02-2026,UPI/DR/605872217822/Ashish/SBIN/1900735695@aubank/UPI,259064811732,"12,800.04",,155404.88
21-02-2026,UPI/DR/000716657083/Vi/PAYTM/jio@paytm/UPI,459165478578,509.00,,154895.88
21-02-2026,UPI/DR/242076612433/Vi/PAYTM/jio@paytm/UPI,546332847394,709.00,,154186.88
22-02-2026,UPI/DR/396560609571/Zepto/ICICI/zepto@apl/UPI,981513121260,900.78,,153286.10
23-02-2026,UPI/DR/107362129511/Ola/PAYTM/olamoney@ola/UPI,948875441791,480.74,,152805.36
23-02-2026,UPI/DR/585155431324/Indane/ICICI/indanegas@upi/UPI,210823601749,"1,200.12",,151605.24
23-02-2026,UPI/DR/343985400072/Amazon/ICICI/amazon@apl/UPI,948173772753,370.56,,151234.68
24-02-2026,UPI/DR/774996889882/Swiggy/ICICI/swiggy@icici/UPI,033148566022,"1,670.91",,149563.77
25-02-2026,UPI/DR/515551335376/Varsha/UCBA/varsha185@paytm/UPI,545738748196,350.60,,149213.17
25-02-2026,UPI/DR/528324789019/Naveen/SBIN/naveenkuma73@ptsbi/UPI,027534846867,"17,250.52",,131962.65
26-02-2026,UPI/DR/485529119779/PhonePe/ICICI/phonepe@ybl/UPI,804134505670,180.66,,131781.99
26-02-2026,UPI/DR/998308634212/Paytm/ICICI/paytm@paytm/UPI,885521355694,910.16,,130871.83
27-02-2026,UPI/DR/388276427245/BSNL/ICICI/bsnlbroadband@upi/UPI,840059084719,"2,390.35",,128481.48
28-02-2026,UPI/DR/714121911030/Jio/ICICI/jio@paytm/UPI,984522459866,"1,140.69",,127340.79
28-02-2026,UPI/DR/733846235804/Kamal/UCBA/kamal504@apl/UPI,691243575620,"3,750.65",,123590.14
28-02-2026,ATM-CASH-WDL/ENR276705/MUMBAI,982683348429,"6,500.00",,117090.14
01-03-2026,UPI/DR/703187608279/Nisha/HDFC/1481372752@ptaxis/UPI,706381543150,"2,750.70",,114339.44
01-03-2026,UPI/DR/921422171421/Zepto/ICICI/zepto@apl/UPI,428649881482,"2,570.63",,111768.81
01-03-2026,UPI/DR/099313543774/Archana/BDBL/archana301@upi/UPI,181953453877,"11,100.84",,100667.97
01-03-2026,UPI/DR/466167565575/BSNL/ICICI/bsnlbroadband@upi/UPI,780931241792,"1,150.95",,99517.02
01-03-2026,UPI/DR/807624096955/Babita/UCBA/9113110911@aubank/UPI,716788816057,"10,150.23",,89366.79
02-03-2026,SALARY CREDIT/S2487454150247/Blue Dart Express Ltd,529708202277,,"131,411.46",220778.25
02-03-2026,UPI/DR/713971391825/Swiggy/ICICI/swiggy@icici/UPI,316936891560,"2,530.40",,218247.85
02-03-2026,UPI/CR/981275350512/Poonam/PUNB/0665533715@upi/UPI,961080223055,,"13,150.23",231398.08
02-03-2026,POS RELIANCE MART MUMBAI,161332262473,"7,150.74",,224247.34
02-03-2026,UPI/DR/720347687233/Paytm/ICICI/paytm@paytm/UPI,457284605398,260.44,,223986.90
03-03-2026,UPI/DR/837348016546/Vi/PAYTM/jio@paytm/UPI,867683635091,629.00,,223357.90
03-03-2026,UPI/DR/071386172882/Flipkart/ICICI/flipkart@ybl/UPI,783038053632,250.40,,223107.50
03-03-2026,UPI/DR/827580230363/Uber/PAYTM/uber@paytm/UPI,821043843124,230.01,,222877.49
03-03-2026,NACH/MANDATE/RNT8477199/RENT MANDATE,561528812757,"25,500.00",,197377.49
04-03-2026,NACH/MANDATE/LN607695677423/Tata Capital Finance,664723331498,"7,000.00",,190377.49
04-03-2026,UPI/DR/575995355346/PhonePe/ICICI/phonepe@ybl/UPI,132307906447,"1,110.74",,189266.75
05-03-2026,UPI/DR/162525485711/Paytm/ICICI/paytm@paytm/UPI,742297262574,"2,480.75",,186786.00
05-03-2026,UPI/CR/971594500693/Vikas/HDFC/vikassaxe99@okaxis/UPI,480108024517,,"9,850.16",196636.16
06-03-2026,UPI/DR/148889219402/Sumit/SBIN/sumit843@aubank/UPI,396251180674,"19,450.65",,177185.51
07-03-2026,POS SHELL FUEL STATION MUMBAI,522170404928,"2,000.63",,175184.88
07-03-2026,POS VISHAL MEGA MART MUMBAI,264780109611,"4,650.54",,170534.34
08-03-2026,UPI/DR/338362714264/Santosh/FDRL/santosh400@okicici/UPI,614740912144,"7,650.47",,162883.87
10-03-2026,UPI/DR/392099420555/PhonePe/ICICI/phonepe@ybl/UPI,996182313701,"1,130.19",,161753.68
11-03-2026,UPI/CR/116083349817/Vivek/PUNB/vivek432@upi/UPI,324364952088,,"1,200.28",162953.96
11-03-2026,UPI/DR/229705321321/Seema/BARB/6960508058@oksbi/UPI,439885601071,"4,000.06",,158953.90
11-03-2026,UPI/DR/932791097208/Blinkit/ICICI/blinkit@kotak/UPI,833988337931,"1,700.92",,157252.98
12-03-2026,UPI/DR/604569506251/Flipkart/ICICI/flipkart@ybl/UPI,583749934670,"2,340.83",,154912.15
12-03-2026,POS SHELL FUEL STATION MUMBAI,441529792754,"2,450.75",,152461.40
12-03-2026,UPI/DR/234563267048/Myntra/PAYTM/myntra@ybl/UPI,377193082159,"3,000.14",,149461.26
12-03-2026,UPI/DR/937853060036/Aditya/LICI/licindia@licindia/UPI,452121269965,"2,800.00",,146661.26
13-03-2026,UPI/CR/318439434328/Anjali/BARB/anjali668@ptaxis/UPI,125372780251,,"10,850.23",157511.49
13-03-2026,UPI/DR/595035388789/Vi/PAYTM/jio@paytm/UPI,837720687729,999.00,,156512.49
14-03-2026,UPI/DR/193744708242/Dunzo/ICICI/dunzo@razorpay/UPI,392802512279,220.94,,156291.55
14-03-2026,UPI/DR/990213906462/Dunzo/ICICI/dunzo@razorpay/UPI,816848709061,280.83,,156010.72
14-03-2026,UPI/CR/251916135233/Ashish/KKBK/9593400261@okaxis/UPI,651962738454,,"9,150.85",165161.57
15-03-2026,UPI/DR/053696603619/Swiggy/ICICI/swiggy@icici/UPI,134023271032,"1,250.74",,163910.83
15-03-2026,UPI/DR/418554295336/Ola/PAYTM/olamoney@ola/UPI,587193836038,560.69,,163350.14
16-03-2026,UPI/DR/943513100607/Jio/ICICI/jio@paytm/UPI,879500670847,710.99,,162639.15
16-03-2026,UPI/DR/592263132343/Ajay/FDRL/3142438498@aubank/UPI,727004896087,"15,050.27",,147588.88
17-03-2026,UPI/CR/672948816842/Rahul/BDBL/7481079839@okicici/UPI,222409967439,,"9,400.26",156989.14
17-03-2026,POS MAX FASHION MUMBAI,314382313607,"3,300.03",,153689.11
17-03-2026,UPI/DR/609585578376/Uber/PAYTM/uber@paytm/UPI,272249699114,350.47,,153338.64
17-03-2026,UPI/DR/648070546179/Apollo/ICICI/apollopharmacy@ybl/UPI,279004998509,399.00,,152939.64
18-03-2026,UPI/DR/489449432110/Ola/PAYTM/olamoney@ola/UPI,587451009997,620.86,,152318.78
18-03-2026,NACH/MANDATE/SIP9846130/Mirae Asset MF,751276734767,"5,000.00",,147318.78
21-03-2026,POS V MART MUMBAI,710218835528,"1,200.49",,146118.29
21-03-2026,ATM-CASH-WDL/VAO748402/MUMBAI,092496694853,"7,000.00",,139118.29
21-03-2026,UPI/DR/112314898856/PhonePe/ICICI/phonepe@ybl/UPI,179065960077,"2,270.85",,136847.44
21-03-2026,UPI/DR/413679325607/Zomato/ICICI/zomato@axisbank/UPI,175219739587,160.25,,136687.19
22-03-2026,UPI/DR/603122416611/CESC/UPIN/cescpayment@upi/UPI,628530510085,"2,600.41",,134086.78
22-03-2026,UPI/DR/899424296222/BigBasket/ICICI/bigbasket@ybl/UPI,937993501160,520.07,,133566.71
23-03-2026,UPI/DR/516259185545/Pooja/HDFC/pooja.bajaj@kotak/UPI,598001314897,"3,100.67",,130466.04
23-03-2026,UPI/DR/780634344035/Apollo/ICICI/apollopharmacy@ybl/UPI,502501248976,949.00,,129517.04
23-03-2026,UPI/DR/138672781987/Myntra/PAYTM/myntra@ybl/UPI,733005765093,"2,150.48",,127366.56
24-03-2026,ATM-CASH-WDL/ZBF536038/MUMBAI,988917581622,"1,500.00",,125866.56
25-03-2026,UPI/DR/109720040437/Indane/ICICI/indanegas@upi/UPI,927755504657,"2,800.77",,123065.79
25-03-2026,UPI/DR/325857450122/Kavita/SBIN/kavita.jain@pthdfc/UPI,497291312303,"1,700.71",,121365.08
26-03-2026,UPI/CR/159254289859/Deepa/BKID/deepashuk99@pthdfc/UPI,995711649490,,"9,850.10",131215.18
26-03-2026,UPI/DR/467331289666/Sumit/SBIN/8211164238@ptyes/UPI,028177717041,"14,900.79",,116314.39
28-03-2026,UPI/CR/617908032535/Archana/BDBL/archanadas37@okaxis/UPI,732439372196,,"7,850.53",124164.92
28-03-2026,UPI/DR/470358739156/Zepto/ICICI/zepto@apl/UPI,410257565274,"2,210.86",,121954.06
28-03-2026,INTEREST CREDIT,515684789799,,920.11,122874.17
28-03-2026,UPI/DR/539330461405/Rapido/PAYTM/rapido@icici/UPI,681485492395,110.24,,122763.93
29-03-2026,UPI/DR/241009761544/Blinkit/ICICI/blinkit@kotak/UPI,686712871012,"2,160.03",,120603.90
29-03-2026,UPI/DR/601115435052/Myntra/PAYTM/myntra@ybl/UPI,076845738301,"4,250.49",,116353.41
30-03-2026,UPI/DR/013099550484/Usha/BDBL/ushayada95@upi/UPI,982942374320,"19,600.23",,96753.18
31-03-2026,POS HP PETROL PUMP MUMBAI,351664616829,"1,200.94",,95552.24
01-04-2026,UPI/CR/276990994890/Meena/BKID/meenadutt78@okhdfcbank/UPI,506022605799,,"15,450.87",111003.11
01-04-2026,UPI/DR/335647986199/Brijesh/FDRL/brijeshkuma40@aubank/UPI,385637598095,"6,250.83",,104752.28
01-04-2026,POS MORE SUPER MARKET MUMBAI,179934536126,400.82,,104351.46
02-04-2026,SALARY CREDIT/S1075759524563/Blue Dart Express Ltd,876863060382,,"128,042.46",232393.92
05-04-2026,ATM-CASH-WDL/HVY839541/MUMBAI,054947727078,"7,000.00",,225393.92
05-04-2026,UPI/DR/524020148031/Zomato/ICICI/zomato@axisbank/UPI,218343585526,"1,050.28",,224343.64
05-04-2026,POS STAR BAZAAR MUMBAI,676518491565,"5,600.36",,218743.28
06-04-2026,UPI/DR/937915497874/Mina/BKID/8273207285@pthdfc/UPI,271405036319,"11,800.05",,206943.23
06-04-2026,ATM-CASH-WDL/HPW294507/MUMBAI,088602292396,"7,500.00",,199443.23
06-04-2026,UPI/DR/606166385008/Uber/PAYTM/uber@paytm/UPI,616178395556,260.49,,199182.74
06-04-2026,ATM-CASH-WDL/TZS834836/MUMBAI,497268552931,"3,000.00",,196182.74
07-04-2026,NACH/MANDATE/RNT9503246/RENT MANDATE,437617328822,"25,500.00",,170682.74
07-04-2026,ATM-CASH-WDL/OTZ755312/MUMBAI,701866201799,"5,500.00",,165182.74
07-04-2026,UPI/DR/127301857643/Arjun/SBIN/0526644596@paytm/UPI,282598089423,"5,750.88",,159431.86
07-04-2026,UPI/DR/188807156713/Ola/PAYTM/olamoney@ola/UPI,579506514856,290.82,,159141.04
08-04-2026,UPI/DR/741182128572/Swiggy/ICICI/swiggy@icici/UPI,850303639990,"1,900.20",,157240.84
08-04-2026,UPI/DR/209165247662/Uber/PAYTM/uber@paytm/UPI,654645684192,570.97,,156669.87
09-04-2026,UPI/DR/022928533255/Ola/ICICI/olamoney@ola/UPI,020884859416,"1,380.87",,155289.00
09-04-2026,UPI/DR/821243329620/Swiggy/ICICI/swiggy@icici/UPI,170466128585,"1,310.40",,153978.60
09-04-2026,UPI/DR/046240076142/Mohan/BARB/mohan911@paytm/UPI,779320864750,"1,850.48",,152128.12
10-04-2026,POS V MART MUMBAI,947675251880,"6,900.89",,145227.23
10-04-2026,UPI/DR/082528320967/Uber/ICICI/uber@paytm/UPI,240290347651,"2,490.04",,142737.19
10-04-2026,NACH/MANDATE/LN607695677423/Tata Capital Finance,133712564698,"7,000.00",,135737.19
10-04-2026,POS SHELL FUEL STATION MUMBAI,256062705851,"3,500.81",,132236.38
11-04-2026,POS SHOPPERS STOP MUMBAI,479348939756,"4,350.41",,127885.97
11-04-2026,UPI/DR/222267585968/Paytm/ICICI/paytm@paytm/UPI,595573116952,"2,670.73",,125215.24
12-04-2026,UPI/CR/483866973093/Gopal/UCBA/gopal751@ptsbi/UPI,213278108754,,"16,450.25",141665.49
12-04-2026,ATM-CASH-WDL/UBE482061/MUMBAI,264831375313,"1,500.00",,140165.49
12-04-2026,POS INDIAN OIL MUMBAI,771983536931,"4,450.42",,135715.07
13-04-2026,UPI/DR/818982401655/Vandana/FDRL/vandana.saxena@axl/UPI,972536825302,"13,800.82",,121914.25
13-04-2026,IMPS-244836444165-Deepa Yadav,085924202110,"41,900.77",,80013.48
14-04-2026,UPI/CR/481579210179/Rani/SBIN/0289719507@axl/UPI,775969359597,,"3,300.16",83313.64
14-04-2026,UPI/DR/607082432828/CESC/UPIN/cescpayment@upi/UPI,605578903875,"1,200.33",,82113.31
14-04-2026,UPI/DR/130903954487/Amazon/PAYTM/amazon@apl/UPI,686495492457,"4,650.22",,77463.09
14-04-2026,UPI/DR/835727234857/Jio/ICICI/jio@paytm/UPI,383679679020,"2,610.26",,74852.83
15-04-2026,UPI/DR/348589214769/BSNL/RAZORPAY/broadband@paytm/UPI,106148051122,499.00,,74353.83
15-04-2026,UPI/DR/535614934499/Pooja/KKBK/poojashar65@apl/UPI,785667177873,"6,700.84",,67652.99
15-04-2026,UPI/DR/422578907201/Indane/ICICI/indanegas@upi/UPI,712439039039,"2,400.34",,65252.65
16-04-2026,UPI/DR/336991225571/Divya/PUNB/divya204@pthdfc/UPI,277977079899,"17,100.99",,48151.66
16-04-2026,UPI/CR/981429146196/Rahul/BKID/2123352433@pthdfc/UPI,416577282965,,"16,400.35",64552.01
16-04-2026,NACH/MANDATE/SIP7064129/Mirae Asset MF,122645110179,"5,000.00",,59552.01
16-04-2026,POS LIFESTYLE STORES MUMBAI,232008779810,"3,900.31",,55651.70
16-04-2026,POS BHARAT PETROLEUM MUMBAI,588063876093,"4,500.71",,51150.99
16-04-2026,UPI/DR/615218816080/PhonePe/ICICI/phonepe@ybl/UPI,793526393583,"1,260.43",,49890.56
17-04-2026,UPI/DR/539468938197/Practo/ICICI/practo@paytm/UPI,918859912821,149.00,,49741.56
18-04-2026,UPI/CR/453218021374/Krishna/BARB/krishna.shukla@upi/UPI,928011876265,,900.83,50642.39
18-04-2026,UPI/DR/974333234221/Meesho/PAYTM/meesho@ybl/UPI,574390746856,"2,100.98",,48541.41
18-04-2026,UPI/DR/470829673963/Vi/PAYTM/jio@paytm/UPI,235490171203,499.00,,48042.41
19-04-2026,UPI/DR/639635400178/Blinkit/ICICI/blinkit@kotak/UPI,770883434345,"2,230.84",,45811.57
20-04-2026,UPI/DR/630014737185/Flipkart/PAYTM/flipkart@ybl/UPI,007116062124,"4,350.93",,41460.64
20-04-2026,POS INDIAN OIL MUMBAI,274879227705,"3,350.00",,38110.64
21-04-2026,POS V MART MUMBAI,397802724329,"1,350.34",,36760.30
21-04-2026,UPI/DR/371495420707/Vi/PAYTM/jio@paytm/UPI,359404472137,939.00,,35821.30
21-04-2026,UPI/CR/727553802516/Santosh/UCBA/3097237128@kotak/UPI,871509707611,,"3,200.65",39021.95
22-04-2026,UPI/DR/034507148612/Isha/PUNB/ishadutt56@paytm/UPI,852754065255,"8,450.97",,30570.98
25-04-2026,UPI/DR/522879446869/Dunzo/ICICI/dunzo@razorpay/UPI,789431605951,870.40,,29700.58
26-04-2026,ATM-CASH-WDL/EEN821326/MUMBAI,695780513882,"9,000.00",,20700.58
26-04-2026,NEFT/N2642578375566/Lupin Limited,058791390354,,"40,000.40",60700.98
26-04-2026,UPI/CR/434424928903/Pankaj/SBIN/pankaj464@ptyes/UPI,891485152784,,"3,500.12",64201.10
27-04-2026,UPI/DR/445751914905/Jio/ICICI/jio@paytm/UPI,472686319760,"1,930.59",,62270.51
27-04-2026,UPI/DR/524230797761/Jio/ICICI/jio@paytm/UPI,745953978101,790.32,,61480.19
29-04-2026,UPI/DR/341330435230/Mamta/UTIB/mamta.mehta@oksbi/UPI,213231327268,"6,150.07",,55330.12
29-04-2026,UPI/DR/765917904900/MakeMyTrip/ICICI/makemytrip@axisbank/UPI,877731822398,699.00,,54631.12
29-04-2026,UPI/DR/857963057434/Blinkit/ICICI/blinkit@kotak/UPI,169337079853,"1,740.18",,52890.94
29-04-2026,UPI/DR/745510146235/BigBasket/ICICI/bigbasket@ybl/UPI,587878277132,"1,450.74",,51440.20
30-04-2026,POS LIFESTYLE STORES MUMBAI,574249778075,"4,700.80",,46739.40
30-04-2026,POS D MART MUMBAI,820929557679,"4,950.95",,41788.45
30-04-2026,UPI/DR/057946150347/Amazon/ICICI/amazon@apl/UPI,374873192678,"1,420.27",,40368.18
01-05-2026,UPI/DR/810815732765/Rajesh/UCBA/8164000009@apl/UPI,076425116831,"11,750.10",,28618.08
02-05-2026,SALARY CREDIT/S0278511750399/Blue Dart Express Ltd,092321846733,,"129,377.46",157995.54
02-05-2026,UPI/DR/876027543871/Vi/PAYTM/jio@paytm/UPI,912370205156,269.00,,157726.54
03-05-2026,UPI/CR/732771366412/Vijay/UTIB/vijay537@ibl/UPI,105329147851,,"16,350.93",174077.47
03-05-2026,NACH/MANDATE/RNT8641560/RENT MANDATE,179331183994,"25,500.00",,148577.47
05-05-2026,POS D MART MUMBAI,362262953032,"3,500.87",,145076.60
05-05-2026,ATM-CASH-WDL/TTT457512/MUMBAI,989480752128,"8,500.00",,136576.60
06-05-2026,NACH/MANDATE/LN607695677423/Tata Capital Finance,889781987651,"7,000.00",,129576.60
07-05-2026,UPI/DR/212549658577/Jio/ICICI/jio@paytm/UPI,469989566301,150.42,,129426.18
08-05-2026,UPI/CR/963408721869/Sushma/KKBK/sushmadesa29@pthdfc/UPI,505637901923,,"11,450.90",140877.08
08-05-2026,UPI/DR/322915710529/PhonePe/ICICI/phonepe@ybl/UPI,630887619387,970.53,,139906.55
09-05-2026,POS CENTRAL MALL MUMBAI,512086729999,"5,000.09",,134906.46
09-05-2026,UPI/DR/076072219935/Uber/ICICI/uber@paytm/UPI,443111172853,500.07,,134406.39
09-05-2026,UPI/CR/570853816800/Pooja/BDBL/pooja.sen@oksbi/UPI,510277121247,,"6,450.23",140856.62
09-05-2026,UPI/CR/950516695527/Renu/FDRL/renupill22@ybl/UPI,403152209925,,"12,900.91",153757.53
