Bank Name,THE FEDERAL BANK LIMITED
Account Number,97948931224243
Account Holder Name,ARUN MALHOTRA
Branch,BALLYGUNGE
IFSC Code,FDRL0898419
Statement Period,01-12-2024 To 09-05-2026

Date,Description,Ref/ChequeNo,Debit,Credit,Balance
01-12-2024,UPI/DR/594631962295/Dunzo/ICICI/dunzo@razorpay/UPI,420542404299,"2,750.48",,518999.52
01-12-2024,UPI/CR/905889903548/Ritu/UCBA/ritu.kulkarni@axl/UPI,972804710726,,"11,350.33",530349.85
02-12-2024,UPI/DR/872612177445/Ola/ICICI/olamoney@ola/UPI,090673714561,240.82,,530109.03
02-12-2024,UPI/DR/430090119697/Blinkit/ICICI/blinkit@kotak/UPI,368679165236,"1,570.44",,528538.59
02-12-2024,UPI/CR/648512550625/Mohit/KKBK/mohit662@ibl/UPI,904273703789,,"11,900.65",540439.24
03-12-2024,ATM CASH WITHDRAWAL/96625/MUMBAI,334374167382,"6,500.00",,533939.24
04-12-2024,UPI/DR/651722207318/PhonePe/ICICI/phonepe@ybl/UPI,079117357885,"1,760.70",,532178.54
04-12-2024,UPI/DR/659552590127/HDFC/LICI/licindia@licindia/UPI,699135325245,"8,500.00",,523678.54
04-12-2024,UPI/CR/487394449897/Naveen/SBIN/6600518306@okaxis/UPI,809776171470,,"2,950.84",526629.38
04-12-2024,IMPS/P2M/097661741699//Rohit Jain/SBIN,818655926750,"44,700.32",,481929.06
04-12-2024,UPI/DR/816410404124/Sunita/UCBA/sunita959@paytm/UPI,099644971297,"7,750.99",,474178.07
05-12-2024,UPI/DR/634047843897/Suresh/BKID/suresh.agarwal@okhdfcbank/UPI,103572514520,"2,900.79",,471277.28
06-12-2024,UPI/DR/709240406930/BSNL/ICICI/bsnlbroadband@upi/UPI,070552691009,"2,600.95",,468676.33
06-12-2024,POS STAR BAZAAR MUMBAI,401946070940,"5,650.19",,463026.14
06-12-2024,SALARY CREDIT/S6917311090799/ICICI Lombard GIC,604371083247,,"120,157.88",583184.02
06-12-2024,UPI/DR/890458910362/Nisha/HDFC/9820330921@paytm/UPI,232369640731,"20,600.38",,562583.64
08-12-2024,ATM CASH WITHDRAWAL/07410/MUMBAI,267237068477,"2,000.00",,560583.64
09-12-2024,UPI/DR/127952778486/Airtel/PAYTM/vi@airtelaxis/UPI,707883779564,309.00,,560274.64
09-12-2024,UPI/DR/237994031752/Amazon/ICICI/amazon@apl/UPI,861553580438,"2,740.78",,557533.86
09-12-2024,NACH/MANDATE/RNT2544530/RENT MANDATE,280379191543,"19,500.00",,538033.86
10-12-2024,UPI/DR/711538773644/Zomato/ICICI/zomato@axisbank/UPI,456209506898,260.46,,537773.40
10-12-2024,UPI/CR/410207644639/Rahul/SBIN/rahulnaik35@okicici/UPI,559765807474,,"17,450.88",555224.28
11-12-2024,UPI/DR/897247458476/Airtel/PAYTM/vi@airtelaxis/UPI,916745563721,459.00,,554765.28
11-12-2024,UPI/DR/897172169249/CESC/UPIN/cescpayment@upi/UPI,243478257092,700.28,,554065.00
12-12-2024,UPI/DR/626913424312/Airtel/PAYTM/vi@airtelaxis/UPI,374353604705,729.00,,553336.00
12-12-2024,NEFT/N9802344053180/Arvind Ltd,419714586716,,"13,000.25",566336.25
12-12-2024,IMPS/P2M/305029776885//Ramesh Joshi/PUNB,957520771801,"35,800.22",,530536.03
12-12-2024,NACH/MANDATE/LN176485063358/SBI Home Loans,184953618423,"17,000.00",,513536.03
12-12-2024,UPI/DR/288008353965/Ola/PAYTM/olamoney@ola/UPI,050614434770,490.65,,513045.38
12-12-2024,UPI/DR/371413002996/PhonePe/ICICI/phonepe@ybl/UPI,962549076049,600.52,,512444.86
13-12-2024,UPI/CR/475236863884/Manoj/FDRL/manojdesa23@upi/UPI,194930035446,,"13,650.77",526095.63
14-12-2024,UPI/DR/982765954415/Indane/ICICI/indanegas@upi/UPI,036714504186,"1,700.27",,524395.36
15-12-2024,UPI/DR/565201121423/Uber/ICICI/uber@paytm/UPI,162206800105,"1,310.95",,523084.41
15-12-2024,UPI/DR/599621012660/Ola/PAYTM/olamoney@ola/UPI,915574923362,230.04,,522854.37
15-12-2024,ATM CASH WITHDRAWAL/41849/MUMBAI,584713807580,"4,000.00",,518854.37
15-12-2024,UPI/DR/632423296257/Practo/ICICI/practo@paytm/UPI,032577664780,149.00,,518705.37
18-12-2024,UPI/DR/265049665892/Blinkit/ICICI/blinkit@kotak/UPI,345258945065,"2,100.02",,516605.35
18-12-2024,UPI/DR/798833384206/Rani/HDFC/ranibose72@ibl/UPI,103867975648,"17,100.04",,499505.31
19-12-2024,POS VISHAL MEGA MART MUMBAI,425101843363,"1,600.89",,497904.42
19-12-2024,POS METRO CASH CARRY MUMBAI,146355646361,"1,350.00",,496554.42
19-12-2024,UPI/DR/809012937559/Airtel/PAYTM/vi@airtelaxis/UPI,530037821523,529.00,,496025.42
20-12-2024,UPI/DR/945630904060/Mina/BDBL/mina.sethi@okaxis/UPI,415315890338,"14,100.59",,481924.83
21-12-2024,UPI/DR/526744980703/Swiggy/ICICI/swiggy@icici/UPI,986584455294,290.32,,481634.51
21-12-2024,UPI/DR/733760844144/Nykaa/PAYTM/nykaa@razorpay/UPI,553972545974,"4,100.53",,477533.98
22-12-2024,UPI/DR/550086364824/Ola/PAYTM/olamoney@ola/UPI,251545122761,340.80,,477193.18
22-12-2024,UPI/DR/668897829210/Ola/PAYTM/olamoney@ola/UPI,151388120178,290.07,,476903.11
22-12-2024,UPI/DR/648990000922/Paytm/ICICI/paytm@paytm/UPI,867906365107,"1,100.42",,475802.69
23-12-2024,POS HP PETROL PUMP MUMBAI,793699619810,"2,900.92",,472901.77
24-12-2024,UPI/DR/927525844763/Sunil/PUNB/sunilnair94@okhdfcbank/UPI,795563783633,"11,750.31",,461151.46
26-12-2024,INTEREST CREDIT,141661622907,,875.89,462027.35
27-12-2024,POS BHARAT PETROLEUM MUMBAI,755806800186,"3,650.51",,458376.84
27-12-2024,UPI/DR/135851934280/Uber/PAYTM/uber@paytm/UPI,951915601428,780.38,,457596.46
27-12-2024,UPI/DR/421390359897/Airtel/PAYTM/vi@airtelaxis/UPI,300058083258,829.00,,456767.46
28-12-2024,UPI/DR/364909618286/Flipkart/ICICI/flipkart@ybl/UPI,338254830557,"1,450.92",,455316.54
29-12-2024,UPI/DR/036489943776/Uber/ICICI/uber@paytm/UPI,407274252277,880.27,,454436.27
29-12-2024,UPI/DR/644323688095/Meesho/PAYTM/meesho@ybl/UPI,457411070595,"2,200.15",,452236.12
29-12-2024,UPI/DR/645910426546/Uber/PAYTM/uber@paytm/UPI,190572688618,560.84,,451675.28
29-12-2024,ATM CASH WITHDRAWAL/09718/MUMBAI,599412535852,"5,000.00",,446675.28
30-12-2024,UPI/DR/148181137085/Nikhil/PUNB/nikhil443@ptaxis/UPI,617389903463,"6,600.55",,440074.73
31-12-2024,UPI/DR/698015069501/BSNL/ICICI/bsnlbroadband@upi/UPI,268558647688,"1,690.43",,438384.30
01-01-2025,UPI/DR/459918328763/Vishal/BARB/vishal161@kotak/UPI,776686323872,"3,300.47",,435083.83
01-01-2025,POS PANTALOONS MUMBAI,618252184149,"1,800.86",,433282.97
02-01-2025,UPI/DR/439308106988/MedPlus/ICICI/medplus@icici/UPI,553062659172,590.64,,432692.33
02-01-2025,UPI/DR/816717366070/Pankaj/SBIN/pankajmukh82@axl/UPI,973953048167,"20,100.70",,412591.63
02-01-2025,ATM CASH WITHDRAWAL/16683/MUMBAI,353560286261,"9,000.00",,403591.63
03-01-2025,UPI/CR/507915532368/Sachin/BKID/sachinjosh71@ptsbi/UPI,711630055447,,"16,650.16",420241.79
03-01-2025,POS BHARAT PETROLEUM MUMBAI,684614041800,"3,400.30",,416841.49
03-01-2025,UPI/CR/246189663632/Rajesh/FDRL/rajesh870@aubank/UPI,037051308284,,"3,800.79",420642.28
04-01-2025,POS PANTALOONS MUMBAI,656717017092,"5,550.82",,415091.46
04-01-2025,UPI/DR/767436081344/Sangita/BKID/sangitasing99@okhdfcbank/UPI,470633438849,"20,950.10",,394141.36
06-01-2025,UPI/DR/850998634213/Ola/ICICI/olamoney@ola/UPI,479479794317,"2,350.20",,391791.16
06-01-2025,POS BIG BAZAAR MUMBAI,665932347043,"2,150.43",,389640.73
06-01-2025,UPI/DR/918025707028/Airtel/PAYTM/vi@airtelaxis/UPI,945697648011,719.00,,388921.73
07-01-2025,UPI/DR/048122809385/Paytm/ICICI/paytm@paytm/UPI,226406174488,"1,040.72",,387881.01
07-01-2025,IMPS/P2M/223877325526//Kavya Pillai/UTIB,872539117257,"40,200.92",,347680.09
07-01-2025,SALARY CREDIT/S7668977829121/ICICI Lombard GIC,089049745213,,"122,082.88",469762.97
08-01-2025,NACH/MANDATE/RNT4660578/RENT MANDATE,973893493697,"19,500.00",,450262.97
08-01-2025,POS D MART MUMBAI,519389235524,"4,200.87",,446062.10
08-01-2025,UPI/DR/048350747872/Amazon/ICICI/amazon@apl/UPI,149358139969,"1,520.56",,444541.54
08-01-2025,UPI/DR/614349196064/Uber/PAYTM/uber@paytm/UPI,898350309392,840.13,,443701.41
10-01-2025,UPI/DR/046564050905/Ola/PAYTM/olamoney@ola/UPI,023990568955,530.73,,443170.68
10-01-2025,NACH/MANDATE/LN176485063358/SBI Home Loans,479545815300,"17,000.00",,426170.68
10-01-2025,UPI/CR/930623867117/Vikas/FDRL/4667928271@paytm/UPI,783808770228,,"13,800.66",439971.34
10-01-2025,UPI/DR/471500886154/Swiggy/ICICI/swiggy@icici/UPI,024656318659,"1,190.12",,438781.22
11-01-2025,UPI/DR/700604463680/Blinkit/ICICI/blinkit@kotak/UPI,265714917102,"2,750.17",,436031.05
11-01-2025,UPI/DR/935983011372/BSNL/RAZORPAY/broadband@paytm/UPI,348217527108,749.00,,435282.05
11-01-2025,POS MAX FASHION MUMBAI,857484586573,600.98,,434681.07
11-01-2025,UPI/DR/183196618480/Zomato/ICICI/zomato@axisbank/UPI,070503714422,150.15,,434530.92
11-01-2025,UPI/CR/753288121448/Naveen/UTIB/naveen258@oksbi/UPI,046444523286,,"2,700.34",437231.26
12-01-2025,UPI/DR/642160363801/Sanjay/UCBA/sanjaydas69@aubank/UPI,633307194205,"7,950.57",,429280.69
13-01-2025,UPI/DR/868556973754/Pallavi/KKBK/1378368347@ptaxis/UPI,435046144613,"4,250.34",,425030.35
13-01-2025,UPI/DR/263259939960/CESC/UPIN/cescpayment@upi/UPI,544680018636,"2,350.15",,422680.20
13-01-2025,UPI/DR/858954250338/Indane/ICICI/indanegas@upi/UPI,441308867297,"2,700.16",,419980.04
13-01-2025,UPI/DR/000973514875/Myntra/PAYTM/myntra@ybl/UPI,984916288298,"4,650.49",,415329.55
13-01-2025,ATM CASH WITHDRAWAL/99473/MUMBAI,505870656195,"1,500.00",,413829.55
16-01-2025,UPI/DR/257436758216/Uber/PAYTM/uber@paytm/UPI,329968215915,270.21,,413559.34
16-01-2025,UPI/DR/743267742597/Zepto/ICICI/zepto@apl/UPI,387774570290,"1,780.98",,411778.36
16-01-2025,UPI/DR/505191535016/Mukesh/FDRL/6802571670@ptsbi/UPI,645816595813,"20,450.99",,391327.37
17-01-2025,UPI/DR/163963123769/Nykaa/PAYTM/nykaa@razorpay/UPI,659591254772,"5,550.75",,385776.62
17-01-2025,UPI/DR/499384613515/Flipkart/ICICI/flipkart@ybl/UPI,311396433592,"1,880.39",,383896.23
17-01-2025,UPI/DR/055783708474/Ravi/BDBL/0853730046@pthdfc/UPI,653802855373,"11,700.06",,372196.17
18-01-2025,UPI/DR/004475491869/Vikas/SBIN/vikas.mehta@ptaxis/UPI,144781598395,"15,000.18",,357195.99
19-01-2025,POS VISHAL MEGA MART MUMBAI,903078897455,"1,650.67",,355545.32
20-01-2025,UPI/DR/940090925413/Vikram/UCBA/vikrampill66@kotak/UPI,346747631544,"3,750.32",,351795.00
22-01-2025,UPI/DR/114608012075/Paytm/ICICI/paytm@paytm/UPI,906112380148,570.02,,351224.98
23-01-2025,UPI/DR/522304869316/Tarun/BDBL/3631075873@kotak/UPI,835346392211,"11,700.19",,339524.79
23-01-2025,UPI/DR/477364427665/Rapido/PAYTM/rapido@icici/UPI,331147889359,680.57,,338844.22
23-01-2025,UPI/CR/373121629053/Anjali/BDBL/anjalisriv80@apl/UPI,808512013415,,"12,950.24",351794.46
24-01-2025,UPI/DR/677921840011/Uber/PAYTM/uber@paytm/UPI,125372020170,680.52,,351113.94
24-01-2025,UPI/DR/768891518194/Myntra/PAYTM/myntra@ybl/UPI,137695250290,"2,000.38",,349113.56
24-01-2025,POS MORE SUPER MARKET MUMBAI,922788099942,"5,000.72",,344112.84
24-01-2025,POS PANTALOONS MUMBAI,158259435261,"5,350.64",,338762.20
25-01-2025,POS RELIANCE PETROLEUM MUMBAI,260324414480,"3,800.80",,334961.40
25-01-2025,UPI/DR/288436805316/Airtel/PAYTM/vi@airtelaxis/UPI,587102840164,699.00,,334262.40
26-01-2025,UPI/DR/296442023735/Saurabh/UTIB/saurabhnamb73@okicici/UPI,200648994109,"6,550.92",,327711.48
26-01-2025,UPI/DR/484944190606/Airtel/PAYTM/vi@airtelaxis/UPI,656522007608,979.00,,326732.48
26-01-2025,ATM CASH WITHDRAWAL/75417/MUMBAI,737955201811,"10,000.00",,316732.48
26-01-2025,UPI/CR/308757343510/Shreya/FDRL/shreyakapo79@kotak/UPI,568455218421,,"17,350.86",334083.34
26-01-2025,UPI/CR/415025992137/Sonia/FDRL/0981755324@oksbi/UPI,388508945532,,"8,250.12",342333.46
27-01-2025,GST ON CHARGES,035107360447,12.60,,342320.86
27-01-2025,UPI/DR/213775541425/Airtel/PAYTM/vi@airtelaxis/UPI,787878953728,189.00,,342131.86
27-01-2025,ATM CASH WITHDRAWAL/98920/MUMBAI,951436093831,"8,500.00",,333631.86
27-01-2025,TRANSACTION CHARGES,461908645487,70.00,,333561.86
28-01-2025,UPI/DR/215669807366/Kiran/UCBA/kiran591@apl/UPI,081020692650,"15,100.10",,318461.76
28-01-2025,POS RELIANCE PETROLEUM MUMBAI,497990116498,"2,200.03",,316261.73
28-01-2025,UPI/DR/113972534733/Deepa/UTIB/deepa.sen@ptsbi/UPI,059271325348,"1,750.23",,314511.50
29-01-2025,ATM CASH WITHDRAWAL/86441/MUMBAI,414763349810,"8,000.00",,306511.50
30-01-2025,UPI/CR/057743172891/Lalit/HDFC/lalitsaxe31@ibl/UPI,255278559680,,"9,700.53",316212.03
30-01-2025,POS BHARAT PETROLEUM MUMBAI,645878156005,800.23,,315411.80
01-02-2025,ATM CASH WITHDRAWAL/27351/MUMBAI,572787437688,"5,500.00",,309911.80
01-02-2025,UPI/CR/783841073878/Gopal/HDFC/gopal626@aubank/UPI,470122109500,,"9,850.60",319762.40
01-02-2025,POS RELIANCE PETROLEUM MUMBAI,756838099943,"4,050.51",,315711.89
01-02-2025,ATM CASH WITHDRAWAL/93948/MUMBAI,741749043376,"8,500.00",,307211.89
01-02-2025,POS V MART MUMBAI,173954484175,"3,450.87",,303761.02
02-02-2025,UPI/DR/348636596146/BSNL/ICICI/bsnlbroadband@upi/UPI,788252854083,"1,450.67",,302310.35
02-02-2025,UPI/DR/076383403282/Airtel/PAYTM/vi@airtelaxis/UPI,436455606503,489.00,,301821.35
03-02-2025,UPI/DR/743961514145/MedPlus/ICICI/medplus@icici/UPI,751153863746,"3,390.61",,298430.74
03-02-2025,POS SHOPPERS STOP MUMBAI,375115641448,"2,550.17",,295880.57
03-02-2025,UPI/DR/686669250836/Airtel/PAYTM/vi@airtelaxis/UPI,221886954128,909.00,,294971.57
04-02-2025,UPI/DR/278753712215/Swiggy/ICICI/swiggy@icici/UPI,557114376219,"2,520.90",,292450.67
04-02-2025,UPI/DR/174915530232/Varsha/KKBK/varsha284@aubank/UPI,927109904278,"16,500.14",,275950.53
05-02-2025,UPI/DR/493049768966/Dunzo/ICICI/dunzo@razorpay/UPI,366711482095,"1,370.14",,274580.39
05-02-2025,POS CENTRAL MALL MUMBAI,720527178055,"2,550.74",,272029.65
05-02-2025,POS SHELL FUEL STATION MUMBAI,120995306527,"2,300.85",,269728.80
06-02-2025,UPI/DR/182457599906/Rapido/PAYTM/rapido@icici/UPI,706254466201,710.61,,269018.19
06-02-2025,UPI/CR/113427421037/Varun/UCBA/varun821@okicici/UPI,942230421956,,"21,900.78",290918.97
06-02-2025,UPI/DR/157839644938/Kavita/KKBK/kavita296@apl/UPI,583337605785,"16,800.89",,274118.08
06-02-2025,SALARY CREDIT/S8431835470032/ICICI Lombard GIC,951376772658,,"123,833.88",397951.96
08-02-2025,UPI/DR/440491356392/BSNL/ICICI/bsnlbroadband@upi/UPI,198264193779,550.82,,397401.14
09-02-2025,NACH/MANDATE/LN176485063358/SBI Home Loans,060839654680,"17,000.00",,380401.14
09-02-2025,UPI/DR/108423325381/Vijay/BKID/0590692388@apl/UPI,129544519281,"12,750.83",,367650.31
09-02-2025,NACH/MANDATE/RNT9270793/RENT MANDATE,347521947903,"19,500.00",,348150.31
10-02-2025,IMPS/P2M/302109164021//Lata Bose/FDRL,138281960667,"6,000.37",,342149.94
12-02-2025,UPI/DR/875450802203/MakeMyTrip/ICICI/makemytrip@axisbank/UPI,879169787575,399.00,,341750.94
12-02-2025,UPI/DR/702861055588/Indane/ICICI/indanegas@upi/UPI,934807118914,"2,050.27",,339700.67
13-02-2025,POS RELIANCE PETROLEUM MUMBAI,889275383950,900.78,,338799.89
14-02-2025,NEFT/N5778375971314/Sun Pharmaceutical I,832816161064,,"9,000.24",347800.13
16-02-2025,UPI/DR/035392830636/Uber/ICICI/uber@paytm/UPI,147523389937,"2,250.20",,345549.93
16-02-2025,UPI/DR/648686584632/Airtel/PAYTM/vi@airtelaxis/UPI,029737318452,619.00,,344930.93
17-02-2025,UPI/DR/237487816621/Myntra/PAYTM/myntra@ybl/UPI,085127804771,"5,150.63",,339780.30
18-02-2025,UPI/DR/685681854135/Dunzo/ICICI/dunzo@razorpay/UPI,667460391241,"1,110.75",,338669.55
18-02-2025,UPI/DR/888586826448/Zepto/ICICI/zepto@apl/UPI,744476853062,"2,160.58",,336508.97
18-02-2025,UPI/DR/206061341470/Nykaa/PAYTM/nykaa@razorpay/UPI,535125070468,"1,100.65",,335408.32
20-02-2025,UPI/DR/628686886318/Zomato/ICICI/zomato@axisbank/UPI,580480911165,"1,490.09",,333918.23
20-02-2025,UPI/DR/647838140974/Paytm/ICICI/paytm@paytm/UPI,462004469078,"1,150.96",,332767.27
20-02-2025,UPI/DR/083354693513/Flipkart/ICICI/flipkart@ybl/UPI,586099735070,600.93,,332166.34
21-02-2025,UPI/CR/404329836437/Anita/UCBA/anita104@ptsbi/UPI,174442020092,,"9,450.73",341617.07
21-02-2025,UPI/DR/994814292396/Zomato/ICICI/zomato@axisbank/UPI,388478451147,410.65,,341206.42
21-02-2025,UPI/DR/070984760869/Mukesh/UCBA/2840267652@axl/UPI,034000820887,"13,550.30",,327656.12
21-02-2025,POS BRAND FACTORY MUMBAI,061812553540,"4,050.23",,323605.89
21-02-2025,UPI/DR/527067780224/Airtel/PAYTM/vi@airtelaxis/UPI,960140097506,759.00,,322846.89
21-02-2025,UPI/DR/567869392076/CESC/UPIN/cescpayment@upi/UPI,511403606574,"4,000.10",,318846.79
22-02-2025,POS BIG BAZAAR MUMBAI,672684049497,"3,600.17",,315246.62
24-02-2025,POS HP PETROL PUMP MUMBAI,023727716887,"2,050.19",,313196.43
24-02-2025,UPI/CR/413934711939/Abhishek/FDRL/2491993012@oksbi/UPI,233660424182,,"1,150.25",314346.68
24-02-2025,UPI/DR/790069786965/Jio/ICICI/jio@paytm/UPI,708422929711,"1,770.87",,312575.81
24-02-2025,POS SHOPPERS STOP MUMBAI,010205694913,350.48,,312225.33
24-02-2025,UPI/DR/931929500946/Rapido/PAYTM/rapido@icici/UPI,538830434656,470.48,,311754.85
25-02-2025,UPI/DR/899401190103/Geeta/BKID/geetamalh53@ptaxis/UPI,743626830213,"2,150.67",,309604.18
25-02-2025,UPI/DR/711821643043/Mamta/FDRL/mamta200@ptyes/UPI,865065632138,"19,150.16",,290454.02
26-02-2025,UPI/DR/504086400234/BSNL/RAZORPAY/broadband@paytm/UPI,650975773471,999.00,,289455.02
27-02-2025,UPI/DR/159317350926/Kunal/SBIN/kunal.kumar@pthdfc/UPI,362177267605,"3,750.51",,285704.51
28-02-2025,UPI/DR/024651484377/Ola/PAYTM/olamoney@ola/UPI,217408922156,190.82,,285513.69
01-03-2025,UPI/CR/955087655168/Neha/BARB/neha.mehta@axl/UPI,919767989536,,"10,350.74",295864.43
01-03-2025,UPI/CR/457744429502/Sunita/BARB/3604346555@pthdfc/UPI,981320230683,,"7,750.96",303615.39
02-03-2025,UPI/DR/152993617234/Amazon/ICICI/amazon@apl/UPI,441222564029,"1,900.28",,301715.11
02-03-2025,POS V MART MUMBAI,835630176581,"7,150.77",,294564.34
03-03-2025,POS HP PETROL PUMP MUMBAI,307773538677,"2,750.12",,291814.22
03-03-2025,UPI/CR/890274890715/Sunita/PUNB/sunita780@ybl/UPI,739947233711,,"16,250.51",308064.73
03-03-2025,UPI/DR/157746194907/PhonePe/ICICI/phonepe@ybl/UPI,369109614602,320.55,,307744.18
05-03-2025,ATM CASH WITHDRAWAL/60449/MUMBAI,275428836442,"5,000.00",,302744.18
05-03-2025,UPI/CR/492807945330/Kiran/PUNB/0166032497@upi/UPI,140801716012,,"11,850.72",314594.90
05-03-2025,UPI/DR/148240376716/HDFC/LICI/licindia@licindia/UPI,881037565935,"8,500.00",,306094.90
05-03-2025,IMPS/P2M/441723699772//Saurabh Jain/HDFC,588214300058,"29,100.42",,276994.48
05-03-2025,UPI/CR/731186523512/Rohit/KKBK/rohit771@ibl/UPI,842338003867,,"1,400.11",278394.59
06-03-2025,ATM CASH WITHDRAWAL/81021/MUMBAI,760048828474,"9,000.00",,269394.59
07-03-2025,SALARY CREDIT/S0196192620932/ICICI Lombard GIC,605304334751,,"123,496.88",392891.47
07-03-2025,UPI/CR/809804217373/Ajay/FDRL/ajayjain72@oksbi/UPI,421571386894,,"2,650.06",395541.53
07-03-2025,UPI/DR/350633109351/Uber/PAYTM/uber@paytm/UPI,184066294878,200.56,,395340.97
07-03-2025,UPI/DR/630245414373/Airtel/PAYTM/vi@airtelaxis/UPI,465987290130,659.00,,394681.97
08-03-2025,UPI/DR/303593882002/Airtel/PAYTM/vi@airtelaxis/UPI,577208815410,249.00,,394432.97
08-03-2025,UPI/DR/123170138895/Flipkart/ICICI/flipkart@ybl/UPI,784047654901,130.48,,394302.49
08-03-2025,UPI/DR/369183728828/Uber/PAYTM/uber@paytm/UPI,582234680040,520.64,,393781.85
09-03-2025,UPI/DR/351592384116/Airtel/PAYTM/vi@airtelaxis/UPI,295146720249,299.00,,393482.85
09-03-2025,POS V MART MUMBAI,664101327226,"1,300.44",,392182.41
10-03-2025,UPI/DR/545630298445/Zepto/ICICI/zepto@apl/UPI,971615812777,950.58,,391231.83
11-03-2025,UPI/DR/027855741672/Zomato/ICICI/zomato@axisbank/UPI,863945954994,850.41,,390381.42
11-03-2025,UPI/DR/701118491594/Netmeds/ICICI/netmeds@paytm/UPI,305001231219,"1,410.44",,388970.98
11-03-2025,NACH/MANDATE/LN176485063358/SBI Home Loans,456518183366,"17,000.00",,371970.98
12-03-2025,POS CENTRAL MALL MUMBAI,739174663990,"8,250.82",,363720.16
12-03-2025,POS INDIAN OIL MUMBAI,481978096806,"3,650.36",,360069.80
12-03-2025,NACH/MANDATE/RNT5328446/RENT MANDATE,877140468732,"19,500.00",,340569.80
13-03-2025,UPI/DR/475968997860/Sanjay/BARB/8943697807@apl/UPI,662278600788,"8,850.37",,331719.43
13-03-2025,UPI/DR/722927683487/CESC/UPIN/cescpayment@upi/UPI,388532469629,"3,650.36",,328069.07
13-03-2025,UPI/CR/154936117087/Varsha/UCBA/9428837201@okhdfcbank/UPI,000132889104,,"11,400.21",339469.28
14-03-2025,UPI/DR/915816869275/BigBasket/ICICI/bigbasket@ybl/UPI,834960838525,"2,580.00",,336889.28
14-03-2025,UPI/DR/142675817083/Jio/ICICI/jio@paytm/UPI,339975909628,340.37,,336548.91
14-03-2025,UPI/DR/610011108426/Jio/ICICI/jio@paytm/UPI,163333793685,580.16,,335968.75
14-03-2025,UPI/DR/776890795474/Dunzo/ICICI/dunzo@razorpay/UPI,562928784679,"2,180.32",,333788.43
15-03-2025,SALARY CREDIT/S6709093574165/Capgemini India,467377735653,,"60,000.91",393789.34
15-03-2025,UPI/DR/108278630044/Spotify/ICICI/spotify@icici/UPI,244609743320,249.00,,393540.34
16-03-2025,ATM CASH WITHDRAWAL/33926/MUMBAI,515661717502,"6,000.00",,387540.34
16-03-2025,UPI/DR/552452290886/Indane/ICICI/indanegas@upi/UPI,760626019076,"2,750.38",,384789.96
17-03-2025,POS V MART MUMBAI,651366674485,"6,800.62",,377989.34
18-03-2025,UPI/DR/405779400901/BSNL/RAZORPAY/broadband@paytm/UPI,204009790979,349.00,,377640.34
19-03-2025,POS MAX FASHION MUMBAI,141606759358,"5,100.30",,372540.04
20-03-2025,UPI/DR/063382794139/Amazon/ICICI/amazon@apl/UPI,560959041614,"2,720.04",,369820.00
20-03-2025,UPI/DR/798136365902/Himanshu/SBIN/himanshu.menon@ptaxis/UPI,528201056262,"17,150.31",,352669.69
22-03-2025,UPI/DR/401314643231/Sneha/UTIB/8193359069@oksbi/UPI,492456537929,"6,500.01",,346169.68
22-03-2025,UPI/DR/323448952606/Rakesh/KKBK/rakesh.kapoor@kotak/UPI,734730417871,"1,000.19",,345169.49
23-03-2025,UPI/DR/166406651614/Bill/PAYTM/billpay@paytm/UPI,994159953840,"3,410.82",,341758.67
24-03-2025,RETURN/994159953840/REVERSAL,722519550345,,"3,410.82",345169.49
24-03-2025,UPI/DR/344630997630/Blinkit/ICICI/blinkit@kotak/UPI,681153521420,"1,350.42",,343819.07
24-03-2025,UPI/DR/353683280257/Rapido/PAYTM/rapido@icici/UPI,299531659828,870.44,,342948.63
24-03-2025,UPI/DR/965946954238/PhonePe/ICICI/phonepe@ybl/UPI,413270415530,590.80,,342357.83
24-03-2025,UPI/DR/340602543926/Airtel/PAYTM/vi@airtelaxis/UPI,520966795911,369.00,,341988.83
25-03-2025,UPI/DR/827920056964/Jio/ICICI/jio@paytm/UPI,613407237329,"2,490.50",,339498.33
25-03-2025,UPI/DR/580544162439/Airtel/PAYTM/vi@airtelaxis/UPI,125645881711,299.00,,339199.33
25-03-2025,UPI/CR/484401925740/Sanjay/BDBL/sanjaymeht15@ybl/UPI,180926047344,,"1,100.76",340300.09
25-03-2025,UPI/DR/638308840420/Ola/ICICI/olamoney@ola/UPI,387070136059,"1,800.90",,338499.19
25-03-2025,UPI/DR/572349728720/Uber/PAYTM/uber@paytm/UPI,497264559333,590.48,,337908.71
25-03-2025,UPI/DR/151216463184/Uber/ICICI/uber@paytm/UPI,223313992997,"1,360.53",,336548.18
27-03-2025,UPI/DR/348856654603/Blinkit/ICICI/blinkit@kotak/UPI,335053090321,"2,230.12",,334318.06
27-03-2025,ATM CASH WITHDRAWAL/48130/MUMBAI,026775166238,"5,500.00",,328818.06
28-03-2025,UPI/CR/853288871714/Anita/BARB/1494286704@ibl/UPI,813878889039,,"11,300.60",340118.66
28-03-2025,INTEREST CREDIT,260396803184,,65.90,340184.56
28-03-2025,POS V MART MUMBAI,735579287507,"7,650.39",,332534.17
29-03-2025,UPI/DR/871853976373/Nykaa/PAYTM/nykaa@razorpay/UPI,407319231118,"2,000.62",,330533.55
29-03-2025,UPI/CR/130593961302/Manoj/HDFC/manoj.patil@ptsbi/UPI,350631688587,,"15,350.44",345883.99
29-03-2025,ATM CASH WITHDRAWAL/04364/MUMBAI,092808194790,"7,000.00",,338883.99
29-03-2025,POS V MART MUMBAI,289100631818,"6,600.04",,332283.95
31-03-2025,UPI/DR/763704334317/Ola/ICICI/olamoney@ola/UPI,963964392310,850.74,,331433.21
02-04-2025,UPI/DR/704481913192/Swati/BDBL/4981474488@okhdfcbank/UPI,792990426564,"8,850.19",,322583.02
02-04-2025,UPI/DR/518291186794/Kavita/PUNB/kavitashar89@oksbi/UPI,233552713332,"2,750.42",,319832.60
04-04-2025,UPI/DR/994619204208/BigBasket/ICICI/bigbasket@ybl/UPI,738180653487,"1,610.90",,318221.70
04-04-2025,UPI/DR/892875454966/Uber/ICICI/uber@paytm/UPI,670847412582,"2,480.10",,315741.60
06-04-2025,POS INDIAN OIL MUMBAI,616725693370,"3,250.85",,312490.75
06-04-2025,UPI/DR/102830081982/Sarita/UCBA/saritabane17@apl/UPI,285197157418,"3,700.69",,308790.06
07-04-2025,SALARY CREDIT/S2521139875140/ICICI Lombard GIC,125424300182,,"120,420.88",429210.94
07-04-2025,UPI/CR/389179132403/Yogesh/SBIN/6287966928@oksbi/UPI,325412224215,,"4,500.70",433711.64
08-04-2025,UPI/DR/573286165517/Nykaa/PAYTM/nykaa@razorpay/UPI,305237058601,"1,800.88",,431910.76
09-04-2025,UPI/DR/183543498799/Airtel/PAYTM/vi@airtelaxis/UPI,805519502984,889.00,,431021.76
09-04-2025,NEFT/N4685630923892/Maruti Suzuki India,351214278084,,"16,500.38",447522.14
10-04-2025,UPI/DR/055663381267/Manoj/KKBK/manojchop95@apl/UPI,220211809429,"8,950.47",,438571.67
11-04-2025,NACH/MANDATE/RNT6164172/RENT MANDATE,163025619534,"19,500.00",,419071.67
11-04-2025,UPI/CR/696309600212/Vandana/SBIN/vandana781@kotak/UPI,989405482160,,"22,000.65",441072.32
12-04-2025,POS LIFESTYLE STORES MUMBAI,806173228550,"3,950.93",,437121.39
12-04-2025,UPI/DR/146604945540/Blinkit/ICICI/blinkit@kotak/UPI,517130244872,"2,490.62",,434630.77
12-04-2025,UPI/DR/987104295255/Uber/PAYTM/uber@paytm/UPI,388823467858,450.67,,434180.10
12-04-2025,UPI/DR/892372139516/Uber/PAYTM/uber@paytm/UPI,741621051425,190.69,,433989.41
15-04-2025,UPI/DR/016681701457/Sapna/FDRL/sapnathap62@upi/UPI,250390070262,"14,700.15",,419289.26
15-04-2025,ATM CASH WITHDRAWAL/94230/MUMBAI,429712061099,"4,500.00",,414789.26
15-04-2025,NACH/MANDATE/LN176485063358/SBI Home Loans,643679984361,"17,000.00",,397789.26
15-04-2025,UPI/DR/239238185174/Rani/UTIB/rani.dutta@axl/UPI,316182175244,"21,050.15",,376739.11
16-04-2025,UPI/DR/066422682632/Swiggy/ICICI/swiggy@icici/UPI,229780711443,"2,670.50",,374068.61
16-04-2025,UPI/DR/704048303804/Rapido/PAYTM/rapido@icici/UPI,526412856840,370.68,,373697.93
16-04-2025,UPI/DR/159863488996/Indane/ICICI/indanegas@upi/UPI,493687659461,"1,850.95",,371846.98
17-04-2025,POS BRAND FACTORY MUMBAI,450011704424,"7,100.87",,364746.11
17-04-2025,UPI/DR/317732525642/Rohit/HDFC/rohitnamb13@okicici/UPI,698900048402,"4,900.06",,359846.05
18-04-2025,UPI/DR/614440398735/Santosh/BKID/santoshbaja90@apl/UPI,258217983133,"4,650.64",,355195.41
18-04-2025,UPI/DR/007867750200/Airtel/PAYTM/vi@airtelaxis/UPI,069553203535,999.00,,354196.41
18-04-2025,UPI/DR/075878146815/Airtel/PAYTM/vi@airtelaxis/UPI,493068124455,219.00,,353977.41
18-04-2025,UPI/DR/774057027772/BigBasket/ICICI/bigbasket@ybl/UPI,018641847271,"1,240.42",,352736.99
19-04-2025,POS MAX FASHION MUMBAI,857913977914,"2,400.88",,350336.11
20-04-2025,POS D MART MUMBAI,326452142943,"6,850.31",,343485.80
21-04-2025,ATM CASH WITHDRAWAL/66121/MUMBAI,353284616719,"9,000.00",,334485.80
21-04-2025,UPI/DR/868855542807/Varsha/UTIB/varshajain72@okhdfcbank/UPI,412563009026,"6,400.70",,328085.10
22-04-2025,ATM CASH WITHDRAWAL/71685/MUMBAI,706084818201,"5,000.00",,323085.10
22-04-2025,POS BHARAT PETROLEUM MUMBAI,185602486475,"3,800.94",,319284.16
22-04-2025,UPI/DR/410412797616/CESC/UPIN/cescpayment@upi/UPI,188721468838,800.04,,318484.12
22-04-2025,UPI/CR/033980768308/Amit/HDFC/amitbose88@ptsbi/UPI,363752435984,,"18,250.22",336734.34
24-04-2025,UPI/DR/808870998457/BSNL/ICICI/bsnlbroadband@upi/UPI,889422561237,"2,490.24",,334244.10
25-04-2025,UPI/CR/885603452369/Prashant/BKID/prashant.mukherjee@ptyes/UPI,830375051714,,"12,800.64",347044.74
25-04-2025,POS BIG BAZAAR MUMBAI,721137508882,"3,850.03",,343194.71
25-04-2025,UPI/CR/169682137552/Deepa/KKBK/deepasing55@oksbi/UPI,334316665701,,"1,350.81",344545.52
26-04-2025,UPI/DR/873891382148/Myntra/ICICI/myntra@ybl/UPI,063669482564,999.00,,343546.52
26-04-2025,UPI/DR/058392696368/Radha/SBIN/radhadutt89@pthdfc/UPI,644446310185,"8,400.12",,335146.40
26-04-2025,UPI/DR/639133958484/Apollo/ICICI/apollopharmacy@ybl/UPI,102251039140,349.00,,334797.40
28-04-2025,UPI/DR/250855037446/Airtel/PAYTM/vi@airtelaxis/UPI,208396083125,309.00,,334488.40
28-04-2025,UPI/DR/894569198833/MedPlus/ICICI/medplus@icici/UPI,678448369355,780.67,,333707.73
28-04-2025,UPI/DR/418263159247/Uber/ICICI/uber@paytm/UPI,651731995550,880.70,,332827.03
29-04-2025,UPI/DR/500704166359/Rapido/PAYTM/rapido@icici/UPI,683134938866,660.69,,332166.34
29-04-2025,POS INDIAN OIL MUMBAI,505971393036,"3,100.53",,329065.81
29-04-2025,UPI/DR/335832729767/Ola/PAYTM/olamoney@ola/UPI,996785184895,130.65,,328935.16
30-04-2025,UPI/DR/494904676388/Lalit/UTIB/lalitiyer82@aubank/UPI,190582455209,"6,600.41",,322334.75
30-04-2025,UPI/CR/456674888184/Krishna/KKBK/krishna184@aubank/UPI,262792075883,,"20,050.03",342384.78
30-04-2025,ATM CASH WITHDRAWAL/83152/MUMBAI,117526253314,"1,000.00",,341384.78
30-04-2025,UPI/DR/235896710113/Blinkit/ICICI/blinkit@kotak/UPI,115866665380,"1,230.23",,340154.55
01-05-2025,GST ON CHARGES,780499428405,45.00,,340109.55
01-05-2025,TRANSACTION CHARGES,109169930626,250.00,,339859.55
01-05-2025,POS CENTRAL MALL MUMBAI,374192219395,"1,350.88",,338508.67
01-05-2025,UPI/CR/700617443505/Sarita/BKID/sarita509@apl/UPI,900432356160,,"7,250.03",345758.70
02-05-2025,UPI/DR/638560852347/PhonePe/ICICI/phonepe@ybl/UPI,520883390714,"1,730.94",,344027.76
03-05-2025,UPI/CR/662168951546/Isha/BDBL/5512764889@oksbi/UPI,131991001325,,"11,500.72",355528.48
03-05-2025,UPI/DR/134299262486/Myntra/PAYTM/myntra@ybl/UPI,417734502325,"5,100.94",,350427.54
03-05-2025,UPI/DR/142062255960/Zepto/ICICI/zepto@apl/UPI,008001451348,640.24,,349787.30
05-05-2025,UPI/DR/887030179734/PhonePe/ICICI/phonepe@ybl/UPI,010377998049,"1,940.45",,347846.85
05-05-2025,POS BIG BAZAAR MUMBAI,432565400483,"5,650.60",,342196.25
05-05-2025,UPI/CR/046563003419/Manoj/BKID/manoj130@okaxis/UPI,781601107899,,"14,700.08",356896.33
06-05-2025,UPI/DR/939114245638/Rekha/KKBK/rekha.agarwal@oksbi/UPI,714660954283,"13,350.63",,343545.70
07-05-2025,SALARY CREDIT/S1058476110466/ICICI Lombard GIC,023367262934,,"122,206.88",465752.58
08-05-2025,UPI/DR/400188013007/Radha/FDRL/radha791@pthdfc/UPI,784665498090,"21,150.99",,444601.59
09-05-2025,UPI/DR/443819393330/Ola/ICICI/olamoney@ola/UPI,183910935261,"1,980.84",,442620.75
09-05-2025,UPI/DR/559269576740/CESC/UPIN/cescpayment@upi/UPI,107492470264,"1,700.35",,440920.40
09-05-2025,NACH/MANDATE/RNT1580060/RENT MANDATE,699731780885,"19,500.00",,421420.40
10-05-2025,UPI/DR/338607479757/Ola/PAYTM/olamoney@ola/UPI,871225711016,880.45,,420539.95
10-05-2025,POS D MART MUMBAI,685177512789,"5,450.49",,415089.46
11-05-2025,NACH/MANDATE/LN176485063358/SBI Home Loans,938159368128,"17,000.00",,398089.46
11-05-2025,UPI/DR/489703270558/Blinkit/ICICI/blinkit@kotak/UPI,571358638486,770.80,,397318.66
11-05-2025,UPI/DR/415265271738/Airtel/PAYTM/vi@airtelaxis/UPI,992527781468,479.00,,396839.66
11-05-2025,ATM CASH WITHDRAWAL/37336/MUMBAI,171667163550,"7,000.00",,389839.66
11-05-2025,UPI/DR/989425568961/Airtel/PAYTM/vi@airtelaxis/UPI,956688786359,999.00,,388840.66
11-05-2025,UPI/CR/859420643048/Sneha/SBIN/sneha.reddy@apl/UPI,481200725323,,"8,050.71",396891.37
12-05-2025,UPI/DR/070350826813/BSNL/ICICI/bsnlbroadband@upi/UPI,571300710104,900.18,,395991.19
14-05-2025,UPI/DR/274304283018/Meesho/PAYTM/meesho@ybl/UPI,127419197691,"1,900.85",,394090.34
14-05-2025,POS SHELL FUEL STATION MUMBAI,483908569676,"1,600.32",,392490.02
15-05-2025,UPI/DR/616967853992/Flipkart/ICICI/flipkart@ybl/UPI,410306368859,"1,790.39",,390699.63
15-05-2025,UPI/DR/704859065529/Vikas/KKBK/vikas.jain@ibl/UPI,981088904333,"21,950.38",,368749.25
17-05-2025,UPI/DR/366023617440/Vikram/SBIN/vikram.pandey@pthdfc/UPI,775988538282,"9,000.73",,359748.52
17-05-2025,UPI/DR/142794383697/Ola/PAYTM/olamoney@ola/UPI,640719972338,870.56,,358877.96
17-05-2025,UPI/DR/740924109128/Ola/ICICI/olamoney@ola/UPI,662008096218,400.02,,358477.94
18-05-2025,ATM CASH WITHDRAWAL/97506/MUMBAI,901002129866,"10,000.00",,348477.94
18-05-2025,UPI/DR/946536238838/BSNL/RAZORPAY/broadband@paytm/UPI,883583638642,399.00,,348078.94
19-05-2025,UPI/DR/333335252995/Arjun/BARB/arjun771@axl/UPI,895167313921,"20,150.94",,327928.00
20-05-2025,UPI/DR/592348924660/Usha/FDRL/usha.ahuja@upi/UPI,850748234718,"20,500.65",,307427.35
20-05-2025,POS BHARAT PETROLEUM MUMBAI,695643567232,"3,350.36",,304076.99
20-05-2025,POS INDIAN OIL MUMBAI,054873272214,"3,150.12",,300926.87
21-05-2025,UPI/DR/365967218084/Amazon/PAYTM/amazon@apl/UPI,356459631787,"3,150.45",,297776.42
21-05-2025,UPI/DR/533543909877/Practo/ICICI/practo@paytm/UPI,981285412502,999.00,,296777.42
22-05-2025,POS RELIANCE MART MUMBAI,331202213744,"6,850.83",,289926.59
23-05-2025,UPI/CR/059214668094/Maya/UCBA/7661383134@ptyes/UPI,077897497537,,"11,250.39",301176.98
23-05-2025,UPI/CR/127967686046/Yogesh/HDFC/yogesh.kulkarni@ybl/UPI,682916824375,,"2,900.13",304077.11
23-05-2025,UPI/DR/550049586824/BigBasket/ICICI/bigbasket@ybl/UPI,897893185113,"2,570.63",,301506.48
24-05-2025,UPI/DR/808914293170/Rohit/SBIN/rohit736@ptsbi/UPI,619727433503,"8,700.73",,292805.75
24-05-2025,UPI/DR/612432658623/Indane/ICICI/indanegas@upi/UPI,170871178398,"2,300.56",,290505.19
25-05-2025,UPI/DR/822927648749/Blinkit/ICICI/blinkit@kotak/UPI,556194648426,840.71,,289664.48
25-05-2025,UPI/DR/060889444868/Rahul/PUNB/0774938871@ptyes/UPI,886198111649,"3,150.33",,286514.15
25-05-2025,UPI/DR/510488531426/Dinesh/BARB/8787844052@ibl/UPI,733829759080,"2,250.31",,284263.84
25-05-2025,UPI/DR/918282247426/Uber/PAYTM/uber@paytm/UPI,634649908000,620.83,,283643.01
26-05-2025,UPI/DR/086577356417/Airtel/PAYTM/vi@airtelaxis/UPI,843149965713,979.00,,282664.01
26-05-2025,UPI/CR/889283987661/Deepak/KKBK/deepakrao56@ptyes/UPI,147833727319,,"12,850.19",295514.20
26-05-2025,POS BIG BAZAAR MUMBAI,961458946581,"4,750.42",,290763.78
27-05-2025,UPI/DR/949363968149/Nikhil/FDRL/nikhilpill94@upi/UPI,277133903847,"8,300.50",,282463.28
27-05-2025,UPI/DR/588311132188/Renu/HDFC/renu216@ptyes/UPI,958772413263,"6,900.05",,275563.23
27-05-2025,POS CENTRAL MALL MUMBAI,583253157642,"5,000.94",,270562.29
27-05-2025,UPI/CR/274849623817/Swati/PUNB/swatiredd47@axl/UPI,532059612651,,"3,600.59",274162.88
28-05-2025,POS RELIANCE MART MUMBAI,683988709312,"5,100.20",,269062.68
28-05-2025,UPI/DR/913217271297/Zomato/ICICI/zomato@axisbank/UPI,659911033138,470.85,,268591.83
29-05-2025,UPI/DR/151524341055/Swati/UCBA/swati464@ybl/UPI,526966038768,"14,650.68",,253941.15
29-05-2025,UPI/DR/815056448124/PhonePe/ICICI/phonepe@ybl/UPI,154027602636,"2,250.87",,251690.28
30-05-2025,UPI/DR/399096966975/BigBasket/ICICI/bigbasket@ybl/UPI,231046673256,"1,600.34",,250089.94
30-05-2025,UPI/CR/261177175782/Arun/KKBK/2462685853@ptyes/UPI,560934183609,,"1,050.04",251139.98
30-05-2025,UPI/DR/981414909357/Arun/SBIN/arunpill71@paytm/UPI,268216470485,"8,750.22",,242389.76
31-05-2025,UPI/CR/622016563557/Preeti/FDRL/7078115167@upi/UPI,086171725575,,"7,150.28",249540.04
31-05-2025,UPI/DR/055354508346/BSNL/ICICI/bsnlbroadband@upi/UPI,390643754578,680.19,,248859.85
31-05-2025,POS HP PETROL PUMP MUMBAI,369971365386,"3,950.16",,244909.69
02-06-2025,UPI/DR/396033966121/Airtel/PAYTM/vi@airtelaxis/UPI,902761678054,919.00,,243990.69
02-06-2025,UPI/DR/088483043826/Jio/ICICI/jio@paytm/UPI,326563991304,190.71,,243799.98
02-06-2025,POS BIG BAZAAR MUMBAI,375117166543,"2,500.84",,241299.14
03-06-2025,UPI/DR/189217076260/Nykaa/PAYTM/nykaa@razorpay/UPI,447452094607,"1,900.64",,239398.50
06-06-2025,UPI/DR/295540632555/Uber/PAYTM/uber@paytm/UPI,925766112810,150.89,,239247.61
07-06-2025,SALARY CREDIT/S5664966094264/ICICI Lombard GIC,611488828659,,"122,850.88",362098.49
08-06-2025,NACH/MANDATE/RNT6054489/RENT MANDATE,554064959001,"19,500.00",,342598.49
08-06-2025,POS VISHAL MEGA MART MUMBAI,855166225190,"2,850.43",,339748.06
08-06-2025,UPI/DR/991638372357/HDFC/LICI/licindia@licindia/UPI,695603759095,"8,500.00",,331248.06
09-06-2025,UPI/CR/101022409575/Anjali/PUNB/anjalising27@okhdfcbank/UPI,759601238105,,"16,950.02",348198.08
10-06-2025,UPI/DR/809198337672/Rapido/PAYTM/rapido@icici/UPI,088510135661,340.47,,347857.61
10-06-2025,POS HP PETROL PUMP MUMBAI,630430138104,"2,950.74",,344906.87
10-06-2025,UPI/DR/674854472932/Uber/ICICI/uber@paytm/UPI,628529558841,"1,920.58",,342986.29
10-06-2025,UPI/DR/875289262334/Santosh/HDFC/santoshshar47@okhdfcbank/UPI,894227534711,"13,600.46",,329385.83
11-06-2025,POS BIG BAZAAR MUMBAI,138802071488,"2,750.66",,326635.17
11-06-2025,UPI/DR/659469765770/Kiran/KKBK/kiranmeht79@okicici/UPI,354239044308,"21,850.37",,304784.80
12-06-2025,UPI/DR/901996177534/CESC/UPIN/cescpayment@upi/UPI,615438784322,"3,600.16",,301184.64
12-06-2025,UPI/DR/303954526594/Santosh/FDRL/santoshmukh14@oksbi/UPI,834664027107,950.41,,300234.23
12-06-2025,POS SHELL FUEL STATION MUMBAI,722422696782,"3,650.78",,296583.45
12-06-2025,UPI/DR/764262690490/IRCTC/ICICI/irctc@upi/UPI,564024972002,949.00,,295634.45
12-06-2025,UPI/DR/755701294255/Nisha/SBIN/nisha488@okhdfcbank/UPI,753959037495,"2,600.74",,293033.71
13-06-2025,UPI/DR/465113136261/Apollo/ICICI/apollopharmacy@ybl/UPI,495869496157,649.00,,292384.71
13-06-2025,UPI/DR/204912376790/Uber/PAYTM/uber@paytm/UPI,179023633153,90.45,,292294.26
13-06-2025,ATM CASH WITHDRAWAL/87803/MUMBAI,567655860929,"2,000.00",,290294.26
13-06-2025,UPI/DR/448084916578/Ola/ICICI/olamoney@ola/UPI,719794841065,"2,710.01",,287584.25
13-06-2025,UPI/DR/369834170504/Dunzo/ICICI/dunzo@razorpay/UPI,546908844946,530.65,,287053.60
13-06-2025,UPI/CR/605159155444/Mina/HDFC/minanaik32@apl/UPI,523343363533,,"9,000.21",296053.81
14-06-2025,UPI/DR/395958057810/Indane/ICICI/indanegas@upi/UPI,720356179134,"2,800.77",,293253.04
14-06-2025,POS PANTALOONS MUMBAI,903100084197,"5,600.02",,287653.02
14-06-2025,UPI/DR/876062930451/Airtel/PAYTM/vi@airtelaxis/UPI,707712764108,359.00,,287294.02
15-06-2025,UPI/DR/498594551814/Zepto/ICICI/zepto@apl/UPI,578558867927,460.00,,286834.02
15-06-2025,NACH/MANDATE/LN176485063358/SBI Home Loans,976078749177,"17,000.00",,269834.02
15-06-2025,UPI/CR/243226176877/Sushma/PUNB/sushma.mehta@ptaxis/UPI,032451703307,,"4,150.76",273984.78
15-06-2025,UPI/DR/171970824340/BSNL/ICICI/bsnlbroadband@upi/UPI,816684713252,930.61,,273054.17
15-06-2025,UPI/DR/285462880785/Sunil/KKBK/suniljosh26@upi/UPI,668285595559,"7,050.60",,266003.57
16-06-2025,UPI/CR/769356107557/Sunita/KKBK/sunitabane37@kotak/UPI,174934795686,,"5,000.14",271003.71
18-06-2025,UPI/CR/603386608993/Vivek/UCBA/vivek.patil@ptaxis/UPI,428667510203,,"12,200.65",283204.36
18-06-2025,UPI/DR/483508990997/Ola/ICICI/olamoney@ola/UPI,787379594807,250.83,,282953.53
18-06-2025,NEFT/N6223226336068/Capgemini India,520720608981,,"22,500.13",305453.66
18-06-2025,POS MORE SUPER MARKET MUMBAI,928938639825,"3,500.49",,301953.17
19-06-2025,UPI/CR/514888119075/Kavya/UTIB/kavya.kumar@paytm/UPI,834597341364,,"12,350.56",314303.73
20-06-2025,UPI/DR/679949789770/BSNL/ICICI/bsnlbroadband@upi/UPI,355042070636,"1,040.83",,313262.90
21-06-2025,POS MAX FASHION MUMBAI,808473194561,"6,300.83",,306962.07
21-06-2025,UPI/DR/683067739369/Rapido/PAYTM/rapido@icici/UPI,831769678278,390.01,,306572.06
22-06-2025,POS METRO CASH CARRY MUMBAI,572197385159,"1,350.16",,305221.90
23-06-2025,UPI/DR/877822466223/PhonePe/ICICI/phonepe@ybl/UPI,282473892494,"1,470.13",,303751.77
23-06-2025,UPI/DR/630884417436/Babita/FDRL/babitaghos39@axl/UPI,106311874910,"21,950.45",,281801.32
24-06-2025,UPI/DR/922500110649/BSNL/RAZORPAY/broadband@paytm/UPI,602451683567,"1,049.00",,280752.32
25-06-2025,UPI/CR/436227671247/Dinesh/PUNB/dinesh.nair@axl/UPI,942889692138,,300.18,281052.50
25-06-2025,ATM CASH WITHDRAWAL/34772/MUMBAI,413653893553,"7,500.00",,273552.50
25-06-2025,POS D MART MUMBAI,808653690531,"7,350.34",,266202.16
25-06-2025,UPI/DR/628144645311/Uber/ICICI/uber@paytm/UPI,260339468303,570.64,,265631.52
26-06-2025,UPI/DR/410534861730/Saurabh/BDBL/0969865036@pthdfc/UPI,156539877259,"1,450.96",,264180.56
26-06-2025,UPI/DR/890120361334/Tarun/KKBK/tarun539@oksbi/UPI,904047873185,"15,150.06",,249030.50
26-06-2025,IMPS/P2M/030168327063//Krishna Kapoor/KKBK,288951083256,600.61,,248429.89
28-06-2025,INTEREST CREDIT,068528702067,,185.03,248614.92
28-06-2025,UPI/DR/736191224442/Ola/ICICI/olamoney@ola/UPI,348883314158,320.44,,248294.48
29-06-2025,UPI/DR/985105539243/Blinkit/ICICI/blinkit@kotak/UPI,284626793036,"1,310.32",,246984.16
29-06-2025,UPI/DR/897833621856/Airtel/PAYTM/vi@airtelaxis/UPI,104713453874,559.00,,246425.16
30-06-2025,UPI/DR/123794201421/BSNL/ICICI/bsnlbroadband@upi/UPI,945559382136,960.89,,245464.27
01-07-2025,UPI/DR/071029866652/Uber/PAYTM/uber@paytm/UPI,662243869693,470.33,,244993.94
02-07-2025,UPI/DR/289623938547/Dinesh/PUNB/dineshsriv33@paytm/UPI,320777916294,"3,900.65",,241093.29
02-07-2025,UPI/DR/303066626750/BigBasket/ICICI/bigbasket@ybl/UPI,153450474290,"2,720.82",,238372.47
02-07-2025,UPI/DR/476083802451/Rapido/PAYTM/rapido@icici/UPI,782726480672,410.27,,237962.20
03-07-2025,UPI/DR/293888742469/Flipkart/PAYTM/flipkart@ybl/UPI,562016543269,"4,050.59",,233911.61
03-07-2025,UPI/DR/654065071317/Paytm/ICICI/paytm@paytm/UPI,158608777843,"2,160.78",,231750.83
04-07-2025,UPI/CR/801675118473/Kavya/BDBL/kavya.khanna@ptsbi/UPI,091040925689,,"12,550.95",244301.78
05-07-2025,UPI/CR/146585907690/Rani/BKID/ranisen93@ybl/UPI,287761668723,,"16,800.36",261102.14
06-07-2025,ATM CASH WITHDRAWAL/85858/MUMBAI,632486748236,"8,500.00",,252602.14
07-07-2025,UPI/DR/837567817594/Spotify/ICICI/spotify@icici/UPI,380172449319,549.00,,252053.14
07-07-2025,POS MORE SUPER MARKET MUMBAI,945917968284,"5,850.26",,246202.88
07-07-2025,UPI/DR/850122500657/Mahesh/KKBK/8887226309@ptsbi/UPI,997852560295,"1,800.77",,244402.11
07-07-2025,POS CENTRAL MALL MUMBAI,036563142327,"6,000.49",,238401.62
07-07-2025,SALARY CREDIT/S6757041700912/ICICI Lombard GIC,018871850300,,"120,636.88",359038.50
09-07-2025,UPI/DR/788773737961/Nikhil/UTIB/4206848128@okicici/UPI,357608347397,"4,900.08",,354138.42
09-07-2025,UPI/CR/196946201004/Rakesh/BARB/rakesh.joshi@upi/UPI,969036845305,,"17,300.06",371438.48
09-07-2025,UPI/DR/089588626296/Divya/SBIN/divya689@apl/UPI,234113207598,"16,850.66",,354587.82
09-07-2025,POS INDIAN OIL MUMBAI,530138328734,"3,150.79",,351437.03
10-07-2025,UPI/DR/347033171704/BSNL/ICICI/bsnlbroadband@upi/UPI,928494834339,400.44,,351036.59
11-07-2025,NACH/MANDATE/RNT6216544/RENT MANDATE,466873396809,"19,500.00",,331536.59
12-07-2025,UPI/DR/115394685252/Dinesh/BARB/dinesh563@aubank/UPI,702977757936,"12,950.24",,318586.35
12-07-2025,UPI/DR/214135551346/Mahesh/HDFC/mahesh.patil@paytm/UPI,246529112266,"12,700.07",,305886.28
12-07-2025,POS BRAND FACTORY MUMBAI,954329518187,"8,000.70",,297885.58
13-07-2025,POS BIG BAZAAR MUMBAI,752183882001,"4,900.50",,292985.08
13-07-2025,NACH/MANDATE/LN176485063358/SBI Home Loans,672626438419,"17,000.00",,275985.08
13-07-2025,UPI/DR/490254497934/BSNL/RAZORPAY/broadband@paytm/UPI,923849355885,"1,099.00",,274886.08
15-07-2025,UPI/CR/392022181720/Kapil/BARB/9433691257@ptsbi/UPI,555871061611,,"4,750.71",279636.79
15-07-2025,UPI/DR/981945311392/Indane/ICICI/indanegas@upi/UPI,075824335370,"2,400.32",,277236.47
16-07-2025,POS HP PETROL PUMP MUMBAI,872055268042,"2,100.72",,275135.75
17-07-2025,UPI/DR/552752201646/Uber/PAYTM/uber@paytm/UPI,727061751205,400.62,,274735.13
18-07-2025,UPI/DR/207243694378/Zepto/ICICI/zepto@apl/UPI,906727787784,"1,920.31",,272814.82
18-07-2025,ATM CASH WITHDRAWAL/64267/MUMBAI,513718658773,"10,000.00",,262814.82
18-07-2025,UPI/DR/766842795975/CESC/UPIN/cescpayment@upi/UPI,325890882111,"1,650.39",,261164.43
19-07-2025,UPI/CR/440869617739/Rakesh/FDRL/rakesh.banerjee@okhdfcbank/UPI,703093666207,,"5,600.74",266765.17
20-07-2025,UPI/CR/638355770394/Mahesh/BKID/mahesh.malhotra@okhdfcbank/UPI,616830850846,,"12,750.64",279515.81
21-07-2025,NEFT/N6336954506557/Vodafone Idea Ltd,675527229702,,"15,500.29",295016.10
21-07-2025,ATM CASH WITHDRAWAL/16978/MUMBAI,792889893659,"7,500.00",,287516.10
22-07-2025,UPI/CR/778476407195/Sneha/BDBL/sneha.agarwal@ptsbi/UPI,637734707702,,"7,700.55",295216.65
22-07-2025,UPI/DR/361777712272/Airtel/PAYTM/vi@airtelaxis/UPI,609154898942,939.00,,294277.65
22-07-2025,UPI/DR/320181629173/Airtel/PAYTM/vi@airtelaxis/UPI,752482233876,589.00,,293688.65
23-07-2025,UPI/DR/677240318729/Airtel/PAYTM/vi@airtelaxis/UPI,464470879357,939.00,,292749.65
23-07-2025,POS VISHAL MEGA MART MUMBAI,306399113479,"5,700.02",,287049.63
24-07-2025,UPI/DR/696847946074/BigBasket/ICICI/bigbasket@ybl/UPI,833619475802,870.29,,286179.34
24-07-2025,UPI/DR/886773205297/Sachin/UCBA/9992341323@okaxis/UPI,214479317707,"17,550.70",,268628.64
27-07-2025,UPI/DR/046565482009/Blinkit/ICICI/blinkit@kotak/UPI,919407871903,360.87,,268267.77
27-07-2025,UPI/DR/879127867090/Flipkart/ICICI/flipkart@ybl/UPI,850021614349,460.23,,267807.54
27-07-2025,UPI/DR/295490902302/Airtel/PAYTM/vi@airtelaxis/UPI,914076554364,269.00,,267538.54
27-07-2025,UPI/DR/336125995061/BigBasket/ICICI/bigbasket@ybl/UPI,788277942491,"1,890.14",,265648.40
28-07-2025,UPI/DR/928126330926/Rajesh/BARB/rajesh523@okicici/UPI,618293194178,"15,350.63",,250297.77
28-07-2025,UPI/DR/118203544302/Paytm/ICICI/paytm@paytm/UPI,556285037908,940.37,,249357.40
28-07-2025,UPI/CR/080538700121/Nikhil/PUNB/0051716265@axl/UPI,001959066739,,"3,750.29",253107.69
30-07-2025,UPI/CR/889823183414/Pallavi/UTIB/pallavi.pandey@oksbi/UPI,780909582158,,"2,150.62",255258.31
31-07-2025,UPI/CR/578868881797/Rahul/PUNB/rahul843@kotak/UPI,119048565899,,"13,250.10",268508.41
01-08-2025,ATM CASH WITHDRAWAL/87873/MUMBAI,021139303280,"7,000.00",,261508.41
02-08-2025,POS MAX FASHION MUMBAI,147878289097,550.17,,260958.24
02-08-2025,POS V MART MUMBAI,026392484920,"5,850.05",,255108.19
02-08-2025,UPI/DR/648545864660/Paytm/ICICI/paytm@paytm/UPI,893801345750,"1,890.06",,253218.13
03-08-2025,UPI/DR/395734499823/Sangita/FDRL/7168793339@okhdfcbank/UPI,871581879567,"11,800.44",,241417.69
04-08-2025,UPI/DR/901089579065/Lalit/KKBK/lalit.patel@upi/UPI,657310462917,"7,500.02",,233917.67
04-08-2025,ATM CASH WITHDRAWAL/85566/MUMBAI,764860256273,"6,500.00",,227417.67
04-08-2025,UPI/DR/636592897861/Airtel/PAYTM/vi@airtelaxis/UPI,080667567145,409.00,,227008.67
05-08-2025,IMPS/P2M/803565051833//Isha Pillai/UCBA,479040493392,"22,000.21",,205008.46
05-08-2025,UPI/DR/424890709121/Manish/BARB/manish697@ptyes/UPI,353906469830,"4,750.70",,200257.76
05-08-2025,UPI/DR/308253491648/Amazon/PAYTM/amazon@apl/UPI,996652497014,900.14,,199357.62
05-08-2025,UPI/DR/066936817620/Rapido/PAYTM/rapido@icici/UPI,385755192792,230.43,,199127.19
06-08-2025,UPI/DR/393088734874/BigBasket/ICICI/bigbasket@ybl/UPI,042589562736,460.54,,198666.65
06-08-2025,UPI/DR/850241132491/Amazon/ICICI/amazon@apl/UPI,882548169799,"2,120.80",,196545.85
07-08-2025,SALARY CREDIT/S7991463292235/ICICI Lombard GIC,072859584714,,"124,604.88",321150.73
08-08-2025,POS BHARAT PETROLEUM MUMBAI,802857772120,"2,000.95",,319149.78
09-08-2025,UPI/DR/999553348186/1mg/ICICI/tatahealth@icici/UPI,116294778411,480.32,,318669.46
09-08-2025,NACH/MANDATE/RNT2435069/RENT MANDATE,921743590193,"19,500.00",,299169.46
09-08-2025,UPI/DR/382958595788/CESC/UPIN/cescpayment@upi/UPI,334212888776,"1,500.64",,297668.82
10-08-2025,UPI/DR/770945655659/Uber/PAYTM/uber@paytm/UPI,571862620042,820.08,,296848.74
10-08-2025,UPI/CR/946930443171/Neha/FDRL/neha.ghosh@aubank/UPI,978353655533,,"16,650.16",313498.90
10-08-2025,NACH/MANDATE/LN176485063358/SBI Home Loans,477204315609,"17,000.00",,296498.90
11-08-2025,UPI/DR/237672647267/Dunzo/ICICI/dunzo@razorpay/UPI,150195005526,"2,550.46",,293948.44
11-08-2025,ATM CASH WITHDRAWAL/44125/MUMBAI,382053284868,"6,000.00",,287948.44
12-08-2025,UPI/DR/668089942288/Rani/PUNB/1266050845@oksbi/UPI,268423966539,"6,200.14",,281748.30
12-08-2025,UPI/DR/304470491399/Prashant/FDRL/9421679821@okicici/UPI,672922039434,"1,200.87",,280547.43
12-08-2025,UPI/DR/383900093954/Airtel/PAYTM/vi@airtelaxis/UPI,886153049787,659.00,,279888.43
12-08-2025,POS STAR BAZAAR MUMBAI,241741793452,"4,000.71",,275887.72
13-08-2025,POS STAR BAZAAR MUMBAI,271906777254,"3,350.08",,272537.64
13-08-2025,UPI/DR/597310294282/Nykaa/PAYTM/nykaa@razorpay/UPI,239835565501,"5,200.36",,267337.28
13-08-2025,UPI/CR/082218549227/Sneha/UCBA/sneha134@oksbi/UPI,557777911353,,"16,250.60",283587.88
13-08-2025,POS RELIANCE PETROLEUM MUMBAI,825772969953,"2,150.13",,281437.75
14-08-2025,UPI/DR/122799612328/Sonia/HDFC/4344021613@aubank/UPI,176036804821,"17,050.73",,264387.02
15-08-2025,UPI/DR/117159105381/Rapido/PAYTM/rapido@icici/UPI,308766022475,280.39,,264106.63
15-08-2025,POS D MART MUMBAI,122329007521,"3,850.23",,260256.40
16-08-2025,UPI/CR/859231384816/Maya/BDBL/maya326@oksbi/UPI,279185290823,,"16,200.60",276457.00
16-08-2025,UPI/CR/653072071091/Deepa/FDRL/7924910911@paytm/UPI,105584135141,,"21,300.82",297757.82
16-08-2025,POS CENTRAL MALL MUMBAI,565479877696,"5,150.51",,292607.31
19-08-2025,UPI/DR/135379059245/Sapna/HDFC/sapna311@ptaxis/UPI,391087395429,"19,550.30",,273057.01
19-08-2025,UPI/DR/857472596554/Naveen/PUNB/naveenkapo27@okicici/UPI,596173220939,"9,650.23",,263406.78
20-08-2025,UPI/DR/484957802757/Airtel/PAYTM/vi@airtelaxis/UPI,238467284400,869.00,,262537.78
20-08-2025,UPI/DR/698895618165/Indane/ICICI/indanegas@upi/UPI,846202310460,"1,700.07",,260837.71
20-08-2025,UPI/DR/136794250109/Amazon/ICICI/amazon@apl/UPI,259871272706,"2,550.04",,258287.67
21-08-2025,UPI/DR/246945969287/Airtel/PAYTM/vi@airtelaxis/UPI,463288501381,709.00,,257578.67
22-08-2025,UPI/DR/090486744710/Mahesh/SBIN/mahesh.malhotra@ptaxis/UPI,667272195664,"15,100.56",,242478.11
22-08-2025,UPI/CR/209974630059/Deepa/FDRL/5656493458@ybl/UPI,786207849114,,"6,250.39",248728.50
23-08-2025,UPI/DR/751720269733/Dunzo/ICICI/dunzo@razorpay/UPI,844524725350,660.55,,248067.95
23-08-2025,UPI/DR/297892274521/Airtel/PAYTM/vi@airtelaxis/UPI,948520304773,879.00,,247188.95
23-08-2025,UPI/CR/356171234136/Rajan/BDBL/rajanahuj10@upi/UPI,973500733891,,"18,400.46",265589.41
23-08-2025,POS BHARAT PETROLEUM MUMBAI,685926731632,"3,950.34",,261639.07
23-08-2025,POS MAX FASHION MUMBAI,070905568757,"3,750.28",,257888.79
24-08-2025,UPI/DR/734951645419/Anita/BARB/anitaseth78@okhdfcbank/UPI,320493581890,"19,250.00",,238638.79
25-08-2025,UPI/DR/020418355888/Jyoti/FDRL/jyotiyada43@pthdfc/UPI,190898886870,"1,950.76",,236688.03
26-08-2025,UPI/CR/440399633749/Sneha/SBIN/0889611854@okhdfcbank/UPI,606832547371,,"18,300.72",254988.75
26-08-2025,UPI/DR/901756498192/Dunzo/ICICI/dunzo@razorpay/UPI,184763389922,"1,400.74",,253588.01
26-08-2025,UPI/CR/945716495830/Vivek/BDBL/vivekpill15@axl/UPI,255820966469,,"20,850.14",274438.15
27-08-2025,TRANSACTION CHARGES,714036751568,260.00,,274178.15
27-08-2025,UPI/DR/428520059387/Amazon/ICICI/amazon@apl/UPI,661642738357,"1,140.64",,273037.51
27-08-2025,GST ON CHARGES,613122308856,46.80,,272990.71
28-08-2025,POS BHARAT PETROLEUM MUMBAI,757660720605,950.70,,272040.01
29-08-2025,UPI/DR/069889018356/BigBasket/ICICI/bigbasket@ybl/UPI,793843248827,"1,090.73",,270949.28
29-08-2025,UPI/CR/547627548889/Amit/HDFC/9895851909@axl/UPI,539595040778,,"19,800.38",290749.66
30-08-2025,UPI/CR/315338540697/Rakesh/BARB/rakesh385@apl/UPI,137918395273,,950.39,291700.05
31-08-2025,UPI/CR/252849654707/Shreya/BDBL/shreya.patel@axl/UPI,197072135402,,"12,950.50",304650.55
01-09-2025,POS CENTRAL MALL MUMBAI,710779914853,"4,450.46",,300200.09
01-09-2025,UPI/CR/201711082494/Sneha/BKID/sneha129@apl/UPI,979510190842,,"18,150.12",318350.21
02-09-2025,POS CENTRAL MALL MUMBAI,172307836943,"6,300.50",,312049.71
02-09-2025,UPI/DR/795811487549/BSNL/RAZORPAY/broadband@paytm/UPI,163385924775,549.00,,311500.71
04-09-2025,UPI/DR/443303150439/Ola/ICICI/olamoney@ola/UPI,799299627681,"2,270.63",,309230.08
06-09-2025,UPI/DR/247730311946/Meesho/PAYTM/meesho@ybl/UPI,976726413112,"2,350.87",,306879.21
06-09-2025,ATM CASH WITHDRAWAL/29070/MUMBAI,778443006203,"5,000.00",,301879.21
06-09-2025,POS SHELL FUEL STATION MUMBAI,193303913349,"3,050.46",,298828.75
07-09-2025,UPI/CR/883257285588/Sapna/BARB/sapna354@okicici/UPI,728399934643,,"20,400.44",319229.19
07-09-2025,UPI/DR/349328101944/Ola/PAYTM/olamoney@ola/UPI,760871154269,710.14,,318519.05
07-09-2025,SALARY CREDIT/S5667203565649/ICICI Lombard GIC,445061835983,,"124,647.88",443166.93
08-09-2025,UPI/DR/894057647090/Poonam/SBIN/poonam637@okicici/UPI,732285439058,"1,700.17",,441466.76
08-09-2025,UPI/DR/690689162130/Airtel/PAYTM/vi@airtelaxis/UPI,805575363224,299.00,,441167.76
08-09-2025,UPI/CR/181454382786/Rakesh/KKBK/rakeshkhan75@okaxis/UPI,058288857278,,"14,450.90",455618.66
10-09-2025,UPI/DR/156591515114/IRCTC/ICICI/irctc@upi/UPI,151208709855,399.00,,455219.66
10-09-2025,UPI/DR/780751345280/Amazon/ICICI/amazon@apl/UPI,306472637606,"1,920.74",,453298.92
10-09-2025,UPI/DR/524017340676/Uber/ICICI/uber@paytm/UPI,091465610567,"1,420.14",,451878.78
10-09-2025,UPI/DR/399861777667/Amazon/PAYTM/amazon@apl/UPI,315982927916,"3,150.23",,448728.55
10-09-2025,NACH/MANDATE/LN176485063358/SBI Home Loans,990848718191,"17,000.00",,431728.55
10-09-2025,ATM CASH WITHDRAWAL/60667/MUMBAI,408826134978,"1,500.00",,430228.55
11-09-2025,UPI/DR/939785715546/Vikas/BARB/vikasshuk57@pthdfc/UPI,461112118837,"12,350.90",,417877.65
11-09-2025,NACH/MANDATE/RNT1013722/RENT MANDATE,740003053889,"19,500.00",,398377.65
11-09-2025,UPI/DR/585743760581/CESC/UPIN/cescpayment@upi/UPI,148981707645,750.34,,397627.31
11-09-2025,UPI/DR/214286713550/Dunzo/ICICI/dunzo@razorpay/UPI,951881291708,"2,290.74",,395336.57
12-09-2025,UPI/DR/683853955783/Archana/FDRL/archanatiwa29@pthdfc/UPI,244633467396,"18,900.85",,376435.72
12-09-2025,UPI/DR/088878580871/HDFC/LICI/licindia@licindia/UPI,827665061056,"8,500.00",,367935.72
13-09-2025,IMPS/P2M/284249998320//Kavita Singh/SBIN,935971235139,"5,100.40",,362835.32
13-09-2025,UPI/CR/800973411283/Naveen/UTIB/2676546323@kotak/UPI,192229672997,,"9,100.38",371935.70
13-09-2025,UPI/DR/264148952446/Amazon/PAYTM/amazon@apl/UPI,286595551133,"2,450.71",,369484.99
13-09-2025,UPI/DR/517659930594/Uber/PAYTM/uber@paytm/UPI,071633344959,700.64,,368784.35
14-09-2025,UPI/DR/535020008379/Ola/ICICI/olamoney@ola/UPI,608722413405,550.10,,368234.25
14-09-2025,ATM CASH WITHDRAWAL/76468/MUMBAI,125471698619,"4,500.00",,363734.25
15-09-2025,UPI/DR/685588116932/Indane/ICICI/indanegas@upi/UPI,595396773880,"1,400.22",,362334.03
15-09-2025,UPI/DR/384406668070/Airtel/PAYTM/vi@airtelaxis/UPI,837534424313,409.00,,361925.03
15-09-2025,UPI/DR/604927769958/Seema/FDRL/4065423702@okicici/UPI,793416997439,"1,050.28",,360874.75
17-09-2025,UPI/DR/397982753343/BSNL/ICICI/bsnlbroadband@upi/UPI,496837149885,"1,770.62",,359104.13
19-09-2025,UPI/DR/648170783535/Myntra/ICICI/myntra@ybl/UPI,767706851387,199.00,,358905.13
20-09-2025,UPI/DR/970374685906/Jio/ICICI/jio@paytm/UPI,818453671159,"1,430.65",,357474.48
20-09-2025,UPI/DR/244838141278/Rajan/UCBA/1759741501@ptyes/UPI,891418313587,"5,500.46",,351974.02
20-09-2025,UPI/DR/464669155210/Dunzo/ICICI/dunzo@razorpay/UPI,547487704524,370.58,,351603.44
22-09-2025,POS LIFESTYLE STORES MUMBAI,936264929640,"5,000.24",,346603.20
22-09-2025,UPI/DR/632143030352/Paytm/ICICI/paytm@paytm/UPI,143058779793,"1,040.12",,345563.08
24-09-2025,UPI/DR/582515645569/Swiggy/ICICI/swiggy@icici/UPI,373316614678,"1,220.79",,344342.29
25-09-2025,UPI/DR/747461770210/Airtel/PAYTM/vi@airtelaxis/UPI,363773552359,939.00,,343403.29
25-09-2025,UPI/DR/573022629010/PhonePe/ICICI/phonepe@ybl/UPI,953024750753,"1,840.63",,341562.66
26-09-2025,UPI/DR/683821477846/Rapido/PAYTM/rapido@icici/UPI,687475651943,500.36,,341062.30
27-09-2025,UPI/DR/979829486583/Dunzo/ICICI/dunzo@razorpay/UPI,388478368729,"1,600.39",,339461.91
28-09-2025,TRANSACTION CHARGES,730885171841,410.00,,339051.91
28-09-2025,GST ON CHARGES,727534347151,73.80,,338978.11
28-09-2025,POS BHARAT PETROLEUM MUMBAI,949387421518,"3,500.69",,335477.42
28-09-2025,IMPS/P2M/993539720860//Arun Saxena/BDBL,945902475361,"30,400.81",,305076.61
28-09-2025,POS BHARAT PETROLEUM MUMBAI,630250387656,"1,050.35",,304026.26
28-09-2025,INTEREST CREDIT,482009943133,,95.26,304121.52
28-09-2025,UPI/DR/969269112352/Zomato/ICICI/zomato@axisbank/UPI,743787945436,"2,590.15",,301531.37
29-09-2025,UPI/DR/709260875173/Zepto/ICICI/zepto@apl/UPI,445087160208,570.37,,300961.00
29-09-2025,UPI/CR/483428524429/Babita/SBIN/babita264@kotak/UPI,534214712496,,"14,500.49",315461.49
30-09-2025,UPI/DR/619342596407/Ajay/KKBK/1166142550@ptyes/UPI,216606603903,"9,100.35",,306361.14
01-10-2025,UPI/DR/739106716672/BigBasket/ICICI/bigbasket@ybl/UPI,480627219118,"1,470.39",,304890.75
01-10-2025,UPI/DR/710596941525/Zepto/ICICI/zepto@apl/UPI,993978822706,"2,530.91",,302359.84
01-10-2025,POS HP PETROL PUMP MUMBAI,324095037523,"2,000.41",,300359.43
01-10-2025,UPI/DR/897504822626/Siddharth/FDRL/9626301650@kotak/UPI,187202185601,"18,300.86",,282058.57
03-10-2025,UPI/DR/459461019942/Airtel/PAYTM/vi@airtelaxis/UPI,095476410559,759.00,,281299.57
03-10-2025,UPI/DR/341064741927/Meesho/PAYTM/meesho@ybl/UPI,939219592973,"2,500.65",,278798.92
03-10-2025,UPI/DR/835619473747/Ola/PAYTM/olamoney@ola/UPI,383916554588,730.07,,278068.85
04-10-2025,ATM CASH WITHDRAWAL/88617/MUMBAI,170588828296,"4,500.00",,273568.85
05-10-2025,UPI/CR/957187941958/Ajay/BDBL/3623542069@kotak/UPI,840448356813,,"19,450.29",293019.14
05-10-2025,POS SHELL FUEL STATION MUMBAI,287394557145,"3,750.56",,289268.58
05-10-2025,UPI/CR/379494036682/Isha/UTIB/isha833@okaxis/UPI,067612225513,,400.99,289669.57
06-10-2025,UPI/DR/449930943357/Swiggy/ICICI/swiggy@icici/UPI,927744147575,980.54,,288689.03
06-10-2025,UPI/DR/449000764833/Spotify/ICICI/spotify@icici/UPI,654082314852,349.00,,288340.03
07-10-2025,SALARY CREDIT/S2115259696487/ICICI Lombard GIC,016952780975,,"124,795.88",413135.91
07-10-2025,POS V MART MUMBAI,677269032167,"4,000.80",,409135.11
08-10-2025,NACH/MANDATE/RNT5374562/RENT MANDATE,023831363313,"19,500.00",,389635.11
08-10-2025,UPI/DR/730388654655/Zepto/ICICI/zepto@apl/UPI,823612189092,"1,920.59",,387714.52
09-10-2025,UPI/DR/001946772816/Sushma/BDBL/sushmaghos54@ybl/UPI,322460656769,"17,600.50",,370114.02
09-10-2025,UPI/CR/384173328953/Preeti/BDBL/preeti225@okaxis/UPI,948097968881,,"2,750.45",372864.47
10-10-2025,UPI/DR/901751211230/Rapido/PAYTM/rapido@icici/UPI,266733369770,740.48,,372123.99
11-10-2025,UPI/DR/405361384143/Blinkit/ICICI/blinkit@kotak/UPI,566223021153,320.81,,371803.18
11-10-2025,NACH/MANDATE/LN176485063358/SBI Home Loans,240388072724,"17,000.00",,354803.18
12-10-2025,UPI/DR/029067292128/Airtel/PAYTM/vi@airtelaxis/UPI,294994431655,449.00,,354354.18
12-10-2025,UPI/DR/993701953479/CESC/UPIN/cescpayment@upi/UPI,445928942095,"2,050.77",,352303.41
13-10-2025,UPI/CR/497605972550/Sapna/PUNB/8551747060@ptaxis/UPI,585250269167,,"1,250.20",353553.61
13-10-2025,ATM CASH WITHDRAWAL/91505/MUMBAI,030079193204,"8,000.00",,345553.61
14-10-2025,UPI/DR/354483895088/Indane/ICICI/indanegas@upi/UPI,805416359109,"2,400.81",,343152.80
14-10-2025,ATM CASH WITHDRAWAL/56733/MUMBAI,849740335570,"3,500.00",,339652.80
14-10-2025,UPI/DR/418885903885/Flipkart/PAYTM/flipkart@ybl/UPI,777906600713,"5,500.00",,334152.80
15-10-2025,ATM CASH WITHDRAWAL/18252/MUMBAI,407670155563,"3,000.00",,331152.80
16-10-2025,UPI/DR/112423201372/Paytm/ICICI/paytm@paytm/UPI,232923774374,940.63,,330212.17
16-10-2025,POS SHELL FUEL STATION MUMBAI,593179421745,"3,850.25",,326361.92
17-10-2025,UPI/DR/236373316604/Swati/UCBA/swati968@okhdfcbank/UPI,152951930710,"8,900.43",,317461.49
17-10-2025,POS INDIAN OIL MUMBAI,620657815447,"3,500.77",,313960.72
18-10-2025,UPI/CR/654398504541/Priya/PUNB/priya683@kotak/UPI,120887753787,,400.33,314361.05
18-10-2025,UPI/DR/920880431816/Rapido/PAYTM/rapido@icici/UPI,224251998945,800.02,,313561.03
20-10-2025,UPI/CR/871784425247/Priya/PUNB/priya.iyer@ibl/UPI,673070611415,,"1,700.47",315261.50
20-10-2025,POS MORE SUPER MARKET MUMBAI,915306777687,"2,900.03",,312361.47
20-10-2025,UPI/CR/400271381142/Vandana/UCBA/vandana813@paytm/UPI,061108736004,,"20,250.03",332611.50
21-10-2025,UPI/DR/409119201219/BSNL/RAZORPAY/broadband@paytm/UPI,634246701924,949.00,,331662.50
21-10-2025,UPI/DR/767030566272/BigBasket/ICICI/bigbasket@ybl/UPI,622749340600,250.02,,331412.48
21-10-2025,UPI/DR/412008156351/Archana/BARB/archana911@aubank/UPI,707183759637,"12,300.58",,319111.90
21-10-2025,POS VISHAL MEGA MART MUMBAI,876833847053,"8,250.09",,310861.81
21-10-2025,IMPS/P2M/227170753841//Akash Nair/BKID,167669542503,"2,200.89",,308660.92
22-10-2025,POS MORE SUPER MARKET MUMBAI,875527532930,"6,000.02",,302660.90
22-10-2025,UPI/DR/291476209403/Amazon/ICICI/amazon@apl/UPI,939865394988,"2,280.53",,300380.37
22-10-2025,UPI/DR/690226555776/Myntra/PAYTM/myntra@ybl/UPI,784611284598,500.79,,299879.58
22-10-2025,UPI/CR/505348250813/Krishna/FDRL/krishna739@kotak/UPI,273515996722,,300.88,300180.46
22-10-2025,UPI/DR/084536549579/Blinkit/ICICI/blinkit@kotak/UPI,895401414960,"2,110.73",,298069.73
24-10-2025,UPI/DR/351063040195/Ola/PAYTM/olamoney@ola/UPI,498762634077,540.49,,297529.24
24-10-2025,UPI/DR/324969526825/Geeta/UCBA/geeta.bose@pthdfc/UPI,432250479614,"11,000.60",,286528.64
25-10-2025,UPI/DR/770182714732/Priya/BARB/9520137915@okicici/UPI,658787652152,350.56,,286178.08
25-10-2025,POS BRAND FACTORY MUMBAI,017321760262,"4,900.95",,281277.13
25-10-2025,UPI/DR/722732424407/Amazon/ICICI/amazon@apl/UPI,357003542678,780.35,,280496.78
26-10-2025,UPI/DR/516964775235/Rapido/PAYTM/rapido@icici/UPI,439783187422,90.69,,280406.09
26-10-2025,UPI/DR/222641481038/Zomato/ICICI/zomato@axisbank/UPI,462119168529,850.64,,279555.45
26-10-2025,UPI/CR/072523839084/Shreya/PUNB/shreya350@ybl/UPI,354322290921,,"4,050.83",283606.28
27-10-2025,UPI/CR/071298402317/Harish/KKBK/harish813@okhdfcbank/UPI,901476920694,,150.06,283756.34
27-10-2025,TRANSACTION CHARGES,502771346184,340.00,,283416.34
27-10-2025,UPI/DR/160567140991/Sapna/UCBA/sapna.agarwal@okaxis/UPI,141916442680,"18,650.24",,264766.10
27-10-2025,UPI/DR/603820114951/Dunzo/ICICI/dunzo@razorpay/UPI,812865126755,870.24,,263895.86
27-10-2025,GST ON CHARGES,310305504357,61.20,,263834.66
28-10-2025,ATM CASH WITHDRAWAL/47083/MUMBAI,721143372341,"1,000.00",,262834.66
28-10-2025,UPI/DR/817014941564/Jio/ICICI/jio@paytm/UPI,536992957748,"1,920.97",,260913.69
28-10-2025,UPI/DR/540048960456/Uber/ICICI/uber@paytm/UPI,083269957320,940.72,,259972.97
29-10-2025,UPI/DR/851757559016/Meena/KKBK/meenayada95@kotak/UPI,052511277219,"5,650.32",,254322.65
30-10-2025,UPI/DR/826191204544/PhonePe/ICICI/phonepe@ybl/UPI,001096549783,"2,010.07",,252312.58
30-10-2025,UPI/CR/488981915359/Deepa/FDRL/deepameno80@apl/UPI,764637265766,,"20,150.64",272463.22
31-10-2025,UPI/DR/798147718088/Suresh/FDRL/5848516172@apl/UPI,674814508856,550.92,,271912.30
31-10-2025,UPI/DR/564236314601/Paytm/ICICI/paytm@paytm/UPI,835185848064,120.38,,271791.92
31-10-2025,POS STAR BAZAAR MUMBAI,801894006579,"5,800.82",,265991.10
01-11-2025,UPI/DR/897683224361/Swiggy/ICICI/swiggy@icici/UPI,699581913536,"2,620.45",,263370.65
02-11-2025,UPI/DR/016101360798/Airtel/PAYTM/vi@airtelaxis/UPI,439305196692,499.00,,262871.65
02-11-2025,UPI/DR/794008865393/Flipkart/ICICI/flipkart@ybl/UPI,310747778258,"1,670.34",,261201.31
02-11-2025,UPI/DR/697376668154/Varun/UCBA/varun.nambiar@paytm/UPI,114881452063,"8,750.51",,252450.80
03-11-2025,UPI/DR/237719198230/Ola/PAYTM/olamoney@ola/UPI,168415371064,590.30,,251860.50
04-11-2025,UPI/DR/432358404551/Uber/ICICI/uber@paytm/UPI,587895935871,"1,740.06",,250120.44
04-11-2025,UPI/DR/571894646766/Airtel/PAYTM/vi@airtelaxis/UPI,847625189577,889.00,,249231.44
04-11-2025,POS MORE SUPER MARKET MUMBAI,376708699347,"2,850.78",,246380.66
05-11-2025,POS RELIANCE PETROLEUM MUMBAI,456266656665,800.37,,245580.29
06-11-2025,UPI/DR/213065768145/Amazon/ICICI/amazon@apl/UPI,197876698257,"2,210.02",,243370.27
06-11-2025,UPI/DR/716625259136/Ola/PAYTM/olamoney@ola/UPI,913328096837,480.61,,242889.66
06-11-2025,UPI/DR/000543290877/BigBasket/ICICI/bigbasket@ybl/UPI,839200734609,"2,080.06",,240809.60
07-11-2025,UPI/DR/535559444885/Blinkit/ICICI/blinkit@kotak/UPI,871044977417,310.10,,240499.50
07-11-2025,UPI/DR/573179179883/BSNL/RAZORPAY/broadband@paytm/UPI,190474341953,"1,249.00",,239250.50
07-11-2025,POS METRO CASH CARRY MUMBAI,114471658667,"1,450.32",,237800.18
07-11-2025,SALARY CREDIT/S0423511075109/ICICI Lombard GIC,606202768382,,"120,244.88",358045.06
08-11-2025,POS METRO CASH CARRY MUMBAI,590544437486,"2,950.13",,355094.93
08-11-2025,POS CENTRAL MALL MUMBAI,909880047959,700.10,,354394.83
09-11-2025,UPI/CR/286096809782/Rani/BARB/rani.chatterjee@upi/UPI,048514643929,,"15,050.86",369445.69
09-11-2025,UPI/DR/821820344628/Dinesh/HDFC/dinesh311@ibl/UPI,598327810754,"19,400.72",,350044.97
09-11-2025,UPI/DR/561405990222/Ola/PAYTM/olamoney@ola/UPI,814290092118,280.66,,349764.31
10-11-2025,UPI/DR/091714741890/Rapido/PAYTM/rapido@icici/UPI,686513109594,190.67,,349573.64
10-11-2025,UPI/DR/377277718591/Swiggy/ICICI/swiggy@icici/UPI,206752518818,430.97,,349142.67
10-11-2025,UPI/DR/255855411935/Ola/ICICI/olamoney@ola/UPI,884565742512,"2,080.91",,347061.76
10-11-2025,UPI/DR/245719386478/Arun/KKBK/arun.jain@ptsbi/UPI,796823473478,"21,400.38",,325661.38
11-11-2025,NACH/MANDATE/RNT0405079/RENT MANDATE,904455620896,"19,500.00",,306161.38
12-11-2025,UPI/DR/765026860504/Ola/PAYTM/olamoney@ola/UPI,544773064262,380.99,,305780.39
12-11-2025,UPI/DR/619961405562/BigBasket/ICICI/bigbasket@ybl/UPI,771156824277,"2,040.95",,303739.44
13-11-2025,UPI/DR/233665891236/Amazon/PAYTM/amazon@apl/UPI,330104534614,"5,750.51",,297988.93
13-11-2025,UPI/DR/982018602835/Ola/PAYTM/olamoney@ola/UPI,386985984845,900.33,,297088.60
13-11-2025,UPI/DR/683896681039/BSNL/ICICI/bsnlbroadband@upi/UPI,724960766612,590.32,,296498.28
13-11-2025,UPI/CR/770795361855/Swati/UTIB/8468405417@ybl/UPI,244813929588,,"8,550.89",305049.17
14-11-2025,UPI/DR/541394244808/Flipkart/ICICI/flipkart@ybl/UPI,285359703129,590.91,,304458.26
14-11-2025,POS V MART MUMBAI,738135168000,"7,750.02",,296708.24
14-11-2025,POS INDIAN OIL MUMBAI,370484431335,"3,300.77",,293407.47
14-11-2025,NACH/MANDATE/LN176485063358/SBI Home Loans,464819306420,"17,000.00",,276407.47
14-11-2025,UPI/DR/470752473118/CESC/UPIN/cescpayment@upi/UPI,727349207183,"3,350.27",,273057.20
15-11-2025,UPI/DR/152845970227/Deepak/BARB/deepakkapo95@okicici/UPI,171181858732,"17,550.70",,255506.50
16-11-2025,UPI/CR/815768262904/Vikas/FDRL/4682511280@apl/UPI,220319989856,,"19,900.98",275407.48
16-11-2025,UPI/DR/574015904488/Zepto/ICICI/zepto@apl/UPI,851122206355,300.33,,275107.15
18-11-2025,UPI/DR/525661829833/Airtel/PAYTM/vi@airtelaxis/UPI,359110651080,869.00,,274238.15
18-11-2025,ATM CASH WITHDRAWAL/53080/MUMBAI,697192252258,"2,500.00",,271738.15
19-11-2025,UPI/DR/393713408786/Brijesh/SBIN/2377008238@okhdfcbank/UPI,018720902543,"17,300.69",,254437.46
19-11-2025,UPI/DR/467409934684/Airtel/PAYTM/vi@airtelaxis/UPI,521003072118,339.00,,254098.46
19-11-2025,UPI/DR/363024771454/Pallavi/KKBK/2719767027@aubank/UPI,933360342760,"14,300.88",,239797.58
21-11-2025,ATM CASH WITHDRAWAL/39347/MUMBAI,031846830499,"8,500.00",,231297.58
22-11-2025,UPI/DR/105672315186/1mg/ICICI/tatahealth@icici/UPI,008521805860,740.55,,230557.03
23-11-2025,ATM CASH WITHDRAWAL/73357/MUMBAI,909384904492,"8,000.00",,222557.03
25-11-2025,UPI/CR/658021104535/Rajesh/UTIB/8872658091@aubank/UPI,297072512747,,"7,450.28",230007.31
25-11-2025,UPI/DR/144534864749/Indane/ICICI/indanegas@upi/UPI,726409434781,"2,050.64",,227956.67
26-11-2025,UPI/DR/480203749505/Usha/UCBA/6276332632@okhdfcbank/UPI,336885036477,"16,700.15",,211256.52
26-11-2025,UPI/DR/289869894926/Airtel/PAYTM/vi@airtelaxis/UPI,966744096152,689.00,,210567.52
27-11-2025,UPI/CR/843490793478/Sneha/FDRL/sneha.nambiar@oksbi/UPI,121880304887,,"9,700.25",220267.77
28-11-2025,UPI/DR/318529482073/Zepto/ICICI/zepto@apl/UPI,635379150970,"2,310.70",,217957.07
28-11-2025,IMPS/P2M/322266394092//Mohit Sethi/FDRL,598169833062,"11,500.89",,206456.18
28-11-2025,UPI/DR/200814807789/Kavya/FDRL/kavyanamb13@kotak/UPI,760927733876,"12,150.91",,194305.27
28-11-2025,POS RELIANCE MART MUMBAI,422513193380,"8,450.68",,185854.59
28-11-2025,POS V MART MUMBAI,985543714286,"6,450.41",,179404.18
29-11-2025,UPI/CR/996839516830/Vikram/FDRL/vikram.mishra@okaxis/UPI,510708744924,,"7,450.70",186854.88
30-11-2025,UPI/DR/341567254906/Shreya/PUNB/shreya.yadav@ptsbi/UPI,585754189090,"4,400.65",,182454.23
01-12-2025,UPI/DR/528369009446/Prashant/PUNB/prashant418@okaxis/UPI,890941659989,"3,700.72",,178753.51
01-12-2025,UPI/DR/154495628440/Zomato/ICICI/zomato@axisbank/UPI,952087840612,460.09,,178293.42
01-12-2025,UPI/DR/380375570817/Babita/KKBK/5341167871@okaxis/UPI,891290320206,"12,350.46",,165942.96
01-12-2025,UPI/DR/842367150842/Uber/PAYTM/uber@paytm/UPI,341175727259,640.50,,165302.46
03-12-2025,UPI/DR/339118838326/Airtel/PAYTM/vi@airtelaxis/UPI,182775789718,179.00,,165123.46
03-12-2025,POS PANTALOONS MUMBAI,846608067463,"5,950.11",,159173.35
04-12-2025,UPI/DR/209779598678/HDFC/LICI/licindia@licindia/UPI,630793101776,"8,500.00",,150673.35
05-12-2025,UPI/DR/334940182660/Myntra/PAYTM/myntra@ybl/UPI,320750419334,"5,250.11",,145423.24
07-12-2025,SALARY CREDIT/S1489726661688/ICICI Lombard GIC,609367481227,,"119,614.88",265038.12
07-12-2025,UPI/DR/428007463414/Nikhil/UCBA/nikhil994@ibl/UPI,840955689359,"16,950.90",,248087.22
07-12-2025,UPI/DR/490986367640/Uber/PAYTM/uber@paytm/UPI,608936015411,620.25,,247466.97
07-12-2025,POS V MART MUMBAI,167783525368,"6,850.81",,240616.16
08-12-2025,UPI/DR/507261258081/Manoj/PUNB/0399958177@axl/UPI,594732618592,"17,950.20",,222665.96
09-12-2025,UPI/DR/428262540039/PhonePe/ICICI/phonepe@ybl/UPI,786493612690,"2,580.51",,220085.45
10-12-2025,NACH/MANDATE/RNT9789275/RENT MANDATE,589948268711,"19,500.00",,200585.45
10-12-2025,UPI/DR/057767793813/BigBasket/ICICI/bigbasket@ybl/UPI,308190709236,"1,370.28",,199215.17
11-12-2025,UPI/CR/061983965078/Rani/BKID/ranikulk33@okhdfcbank/UPI,768987233022,,"11,400.45",210615.62
11-12-2025,IMPS/P2M/793186204660//Varun Pillai/BKID,515475769603,"35,600.81",,175014.81
11-12-2025,POS STAR BAZAAR MUMBAI,357035602655,"4,100.70",,170914.11
12-12-2025,NACH/MANDATE/LN176485063358/SBI Home Loans,349598444682,"17,000.00",,153914.11
12-12-2025,UPI/DR/932535701961/Airtel/PAYTM/vi@airtelaxis/UPI,052924901119,249.00,,153665.11
13-12-2025,UPI/DR/801835469307/CESC/UPIN/cescpayment@upi/UPI,120312103505,"3,050.03",,150615.08
13-12-2025,POS METRO CASH CARRY MUMBAI,487013510290,"5,050.54",,145564.54
15-12-2025,UPI/DR/234972081435/Rapido/PAYTM/rapido@icici/UPI,061601273247,860.52,,144704.02
15-12-2025,POS V MART MUMBAI,309869542673,"5,000.90",,139703.12
16-12-2025,UPI/CR/034989057674/Varsha/HDFC/varsha412@oksbi/UPI,918301351852,,"17,550.69",157253.81
17-12-2025,ATM CASH WITHDRAWAL/10434/MUMBAI,898380491560,"7,500.00",,149753.81
17-12-2025,POS RELIANCE PETROLEUM MUMBAI,833278354396,"1,850.49",,147903.32
18-12-2025,UPI/DR/777115122481/Airtel/PAYTM/vi@airtelaxis/UPI,188982596856,869.00,,147034.32
18-12-2025,UPI/DR/942538518801/Rapido/PAYTM/rapido@icici/UPI,131335617904,360.46,,146673.86
19-12-2025,UPI/DR/447710867502/Indane/ICICI/indanegas@upi/UPI,936772482299,"2,200.44",,144473.42
19-12-2025,ATM CASH WITHDRAWAL/49707/MUMBAI,208359540899,"8,000.00",,136473.42
19-12-2025,UPI/DR/679937803465/PhonePe/ICICI/phonepe@ybl/UPI,128928157210,"1,030.57",,135442.85
19-12-2025,POS PANTALOONS MUMBAI,667063909616,500.59,,134942.26
20-12-2025,POS SHELL FUEL STATION MUMBAI,746207098934,"1,750.11",,133192.15
20-12-2025,UPI/DR/396051789373/Nykaa/PAYTM/nykaa@razorpay/UPI,298279711634,"5,050.38",,128141.77
21-12-2025,UPI/CR/778039412707/Manish/BARB/1936046639@ybl/UPI,400835772095,,"11,150.48",139292.25
21-12-2025,UPI/DR/498061835446/Zepto/ICICI/zepto@apl/UPI,310384243747,"2,020.84",,137271.41
23-12-2025,POS BHARAT PETROLEUM MUMBAI,330921034199,"2,750.21",,134521.20
23-12-2025,UPI/DR/475468071937/Rapido/PAYTM/rapido@icici/UPI,741028689873,890.72,,133630.48
24-12-2025,UPI/DR/459781597933/Himanshu/UCBA/himanshukhan21@ybl/UPI,008363879319,"11,350.97",,122279.51
24-12-2025,UPI/DR/567969988739/Airtel/PAYTM/vi@airtelaxis/UPI,933078683936,469.00,,121810.51
25-12-2025,UPI/DR/741289578706/Mina/PUNB/mina989@ptyes/UPI,612171433672,"3,750.24",,118060.27
25-12-2025,POS VISHAL MEGA MART MUMBAI,982284031266,"5,400.73",,112659.54
26-12-2025,ATM CASH WITHDRAWAL/27753/MUMBAI,202777366482,"1,000.00",,111659.54
27-12-2025,UPI/DR/663060192146/Pooja/PUNB/9342069374@ptyes/UPI,312668969890,"14,850.02",,96809.52
27-12-2025,ATM CASH WITHDRAWAL/35772/MUMBAI,348731117082,"8,000.00",,88809.52
27-12-2025,ATM CASH WITHDRAWAL/21960/MUMBAI,157983203986,"4,500.00",,84309.52
27-12-2025,INTEREST CREDIT,349125283974,,890.33,85199.85
27-12-2025,UPI/CR/584401188655/Sushma/BKID/sushmaseth96@ptyes/UPI,148444155085,,"1,850.16",87050.01
27-12-2025,UPI/DR/025416993715/Airtel/PAYTM/vi@airtelaxis/UPI,536916279158,899.00,,86151.01
28-12-2025,ATM CASH WITHDRAWAL/15691/MUMBAI,899869431427,"7,500.00",,78651.01
29-12-2025,UPI/DR/054068164270/Nikhil/SBIN/6123122664@okaxis/UPI,389138804295,"18,050.02",,60600.99
29-12-2025,UPI/DR/341828181286/Zomato/ICICI/zomato@axisbank/UPI,896873194751,"1,920.62",,58680.37
30-12-2025,UPI/DR/525197878852/Zepto/ICICI/zepto@apl/UPI,653071857222,"1,650.83",,57029.54
30-12-2025,UPI/DR/561819178391/Dunzo/ICICI/dunzo@razorpay/UPI,005602856468,"2,590.93",,54438.61
30-12-2025,UPI/DR/048775212081/Zomato/ICICI/zomato@axisbank/UPI,403866259778,200.99,,54237.62
31-12-2025,UPI/DR/648831669878/Swiggy/ICICI/swiggy@icici/UPI,041296771491,"1,280.90",,52956.72
01-01-2026,UPI/DR/557114299282/Swiggy/ICICI/swiggy@icici/UPI,422354943695,"2,780.34",,50176.38
01-01-2026,UPI/DR/720054398758/Rapido/PAYTM/rapido@icici/UPI,099946924473,200.15,,49976.23
02-01-2026,UPI/DR/947038309057/Swiggy/ICICI/swiggy@icici/UPI,313877488668,"2,270.60",,47705.63
02-01-2026,UPI/DR/126030329113/Sanjay/BKID/2329798493@oksbi/UPI,322081119759,950.90,,46754.73
03-01-2026,ATM CASH WITHDRAWAL/10731/MUMBAI,716663178272,"2,500.00",,44254.73
04-01-2026,UPI/DR/306829198459/Ola/PAYTM/olamoney@ola/UPI,551460909793,370.43,,43884.30
05-01-2026,UPI/DR/010897402516/Amazon/ICICI/amazon@apl/UPI,394652375868,400.81,,43483.49
06-01-2026,POS VISHAL MEGA MART MUMBAI,338256672078,"8,500.31",,34983.18
07-01-2026,SALARY CREDIT/S8193300371677/ICICI Lombard GIC,498012738443,,"121,706.88",156690.06
07-01-2026,ATM CASH WITHDRAWAL/79385/MUMBAI,028963838019,"5,000.00",,151690.06
08-01-2026,UPI/DR/260929436289/Jio/ICICI/jio@paytm/UPI,667063703573,"2,200.70",,149489.36
08-01-2026,UPI/DR/323965622268/Swiggy/ICICI/swiggy@icici/UPI,524596590172,"1,460.63",,148028.73
08-01-2026,NACH/MANDATE/RNT1768431/RENT MANDATE,661469466276,"19,500.00",,128528.73
09-01-2026,UPI/DR/822942487712/Rapido/PAYTM/rapido@icici/UPI,797867655278,670.60,,127858.13
09-01-2026,UPI/DR/609847863903/Dunzo/ICICI/dunzo@razorpay/UPI,575544915966,"2,550.02",,125308.11
09-01-2026,NACH/MANDATE/LN176485063358/SBI Home Loans,495432512773,"17,000.00",,108308.11
10-01-2026,UPI/DR/341101963807/Uber/ICICI/uber@paytm/UPI,677402040354,"1,250.63",,107057.48
12-01-2026,UPI/DR/801832776588/Dunzo/ICICI/dunzo@razorpay/UPI,042186429109,280.76,,106776.72
12-01-2026,UPI/DR/521172985319/Uber/PAYTM/uber@paytm/UPI,238008568082,520.97,,106255.75
13-01-2026,UPI/DR/102935662736/Kavya/FDRL/kavyaiyer69@kotak/UPI,319595139386,"7,050.80",,99204.95
13-01-2026,UPI/DR/574556525223/CESC/UPIN/cescpayment@upi/UPI,315188222443,700.46,,98504.49
14-01-2026,UPI/DR/694337235013/Swiggy/ICICI/swiggy@icici/UPI,952401415488,"2,200.73",,96303.76
14-01-2026,UPI/DR/346017830622/Nykaa/ICICI/nykaa@razorpay/UPI,956196242756,299.00,,96004.76
15-01-2026,UPI/DR/440012861765/Zepto/ICICI/zepto@apl/UPI,208227220864,"1,460.88",,94543.88
15-01-2026,UPI/DR/270761166205/BigBasket/ICICI/bigbasket@ybl/UPI,533230524907,"2,410.41",,92133.47
16-01-2026,UPI/CR/038839487837/Anil/KKBK/3017056518@paytm/UPI,586349201466,,"11,350.20",103483.67
17-01-2026,UPI/CR/632305666353/Vandana/BDBL/vandanagupt32@okhdfcbank/UPI,864722389547,,"19,650.69",123134.36
17-01-2026,UPI/DR/857013651172/Indane/ICICI/indanegas@upi/UPI,182825483602,"1,600.13",,121534.23
17-01-2026,POS SHOPPERS STOP MUMBAI,882112100919,"5,500.91",,116033.32
17-01-2026,POS RELIANCE PETROLEUM MUMBAI,625876783557,800.13,,115233.19
18-01-2026,UPI/DR/839887867853/Dunzo/ICICI/dunzo@razorpay/UPI,936908358155,560.66,,114672.53
19-01-2026,POS PANTALOONS MUMBAI,076447109634,"1,600.41",,113072.12
19-01-2026,IMPS/P2M/295929535351//Deepa Das/UCBA,605753914615,"19,900.48",,93171.64
19-01-2026,UPI/DR/309280420283/MakeMyTrip/ICICI/makemytrip@axisbank/UPI,358253792876,149.00,,93022.64
20-01-2026,UPI/DR/060399964564/BSNL/RAZORPAY/broadband@paytm/UPI,812868310869,849.00,,92173.64
21-01-2026,UPI/DR/881049070251/Ola/ICICI/olamoney@ola/UPI,288536205904,920.41,,91253.23
21-01-2026,UPI/DR/531712615513/Sapna/PUNB/sapna452@aubank/UPI,055379347241,"19,950.63",,71302.60
23-01-2026,UPI/DR/220554357201/Airtel/PAYTM/vi@airtelaxis/UPI,910991831588,499.00,,70803.60
23-01-2026,UPI/DR/308312017229/Shreya/BARB/shreya.nambiar@okicici/UPI,783218031814,"8,550.29",,62253.31
24-01-2026,POS SHELL FUEL STATION MUMBAI,145391706967,"4,350.61",,57902.70
24-01-2026,POS HP PETROL PUMP MUMBAI,667716862101,"2,200.23",,55702.47
24-01-2026,UPI/DR/737519744942/Meesho/PAYTM/meesho@ybl/UPI,688183235811,"2,000.60",,53701.87
24-01-2026,UPI/DR/856758529492/Mohan/PUNB/mohanpill33@ptsbi/UPI,172073108377,"18,550.46",,35151.41
25-01-2026,UPI/CR/260260118110/Krishna/UCBA/krishna320@paytm/UPI,933264910327,,"11,150.18",46301.59
25-01-2026,UPI/DR/308742635065/Swiggy/ICICI/swiggy@icici/UPI,247027917923,580.20,,45721.39
26-01-2026,ATM CASH WITHDRAWAL/73959/MUMBAI,769282532745,"5,000.00",,40721.39
26-01-2026,UPI/DR/636360641340/Kavita/HDFC/kavita.nair@pthdfc/UPI,834469425361,"4,050.74",,36670.65
27-01-2026,UPI/DR/610047244805/Mamta/PUNB/mamtaagar51@upi/UPI,498766854073,"8,300.36",,28370.29
27-01-2026,UPI/DR/151957223491/Flipkart/ICICI/flipkart@ybl/UPI,704905951948,"1,220.90",,27149.39
28-01-2026,POS BHARAT PETROLEUM MUMBAI,695729168451,"1,400.03",,25749.36
29-01-2026,UPI/DR/775035644932/Airtel/PAYTM/vi@airtelaxis/UPI,538023856067,449.00,,25300.36
30-01-2026,UPI/CR/630907333097/Jyoti/UTIB/jyoti.verma@upi/UPI,240266651375,,"17,050.11",42350.47
01-02-2026,ATM CASH WITHDRAWAL/44011/MUMBAI,056415581907,"6,000.00",,36350.47
01-02-2026,POS HP PETROL PUMP MUMBAI,571569910618,"1,250.21",,35100.26
01-02-2026,UPI/DR/386002167722/Swiggy/ICICI/swiggy@icici/UPI,327815505134,440.43,,34659.83
02-02-2026,UPI/DR/846676681487/Airtel/PAYTM/vi@airtelaxis/UPI,805991154780,819.00,,33840.83
02-02-2026,UPI/DR/655667150968/Uber/ICICI/uber@paytm/UPI,819343070931,330.52,,33510.31
05-02-2026,UPI/CR/411969099349/Brijesh/BARB/9339812872@kotak/UPI,051880528633,,"1,950.05",35460.36
06-02-2026,UPI/DR/090568048447/MedPlus/ICICI/medplus@icici/UPI,362214217556,830.62,,34629.74
07-02-2026,SALARY CREDIT/S6659629679684/ICICI Lombard GIC,606959216637,,"123,167.88",157797.62
07-02-2026,UPI/DR/545495610448/Ola/ICICI/olamoney@ola/UPI,096719414665,600.32,,157197.30
09-02-2026,UPI/DR/718645751024/Sarita/KKBK/saritaagar64@pthdfc/UPI,510238093097,"9,750.88",,147446.42
09-02-2026,UPI/DR/248987726904/PhonePe/ICICI/phonepe@ybl/UPI,078826228002,"2,670.35",,144776.07
09-02-2026,POS MORE SUPER MARKET MUMBAI,355138319437,"3,600.56",,141175.51
09-02-2026,NACH/MANDATE/RNT1120830/RENT MANDATE,825447514037,"19,500.00",,121675.51
10-02-2026,UPI/DR/002931723660/Jio/ICICI/jio@paytm/UPI,767994544570,"1,390.26",,120285.25
12-02-2026,UPI/DR/309591934402/Nykaa/PAYTM/nykaa@razorpay/UPI,833269989894,"3,850.83",,116434.42
12-02-2026,UPI/DR/647575408104/Airtel/PAYTM/vi@airtelaxis/UPI,116033270715,429.00,,116005.42
13-02-2026,UPI/CR/296445435406/Sangita/BKID/sangitamalh13@okaxis/UPI,857716986263,,"10,850.15",126855.57
14-02-2026,UPI/DR/029309036304/Rapido/PAYTM/rapido@icici/UPI,470742057218,840.96,,126014.61
14-02-2026,UPI/DR/392119885502/Rapido/PAYTM/rapido@icici/UPI,199261906044,840.18,,125174.43
14-02-2026,UPI/CR/554305119330/Krishna/BARB/9277459216@ybl/UPI,581232292427,,"6,800.72",131975.15
14-02-2026,UPI/DR/620266675005/Airtel/PAYTM/vi@airtelaxis/UPI,359002349381,549.00,,131426.15
15-02-2026,UPI/DR/602756172214/Uber/ICICI/uber@paytm/UPI,976675043030,"2,470.14",,128956.01
15-02-2026,NACH/MANDATE/LN176485063358/SBI Home Loans,783870416469,"17,000.00",,111956.01
15-02-2026,UPI/DR/099146408277/BSNL/RAZORPAY/broadband@paytm/UPI,165849229655,649.00,,111307.01
15-02-2026,UPI/DR/967116763997/Rekha/BARB/rekha861@ptyes/UPI,041714725198,"3,950.43",,107356.58
17-02-2026,UPI/DR/672861360335/Uber/PAYTM/uber@paytm/UPI,823608699663,820.12,,106536.46
17-02-2026,UPI/DR/258837888417/Amazon/ICICI/amazon@apl/UPI,427799309573,"2,680.13",,103856.33
17-02-2026,POS HP PETROL PUMP MUMBAI,264692477477,"4,150.40",,99705.93
17-02-2026,UPI/DR/679041391085/Airtel/PAYTM/vi@airtelaxis/UPI,479443899141,299.00,,99406.93
18-02-2026,POS METRO CASH CARRY MUMBAI,473577754794,700.49,,98706.44
18-02-2026,UPI/CR/025803976548/Sunita/UCBA/sunita.chaudhary@ptaxis/UPI,748636174112,,"14,200.17",112906.61
18-02-2026,UPI/DR/259423928051/Ola/PAYTM/olamoney@ola/UPI,128334861693,80.40,,112826.21
18-02-2026,UPI/DR/501425625394/Girish/BDBL/girish530@ptyes/UPI,687572964858,"10,300.09",,102526.12
18-02-2026,UPI/DR/364916897192/Indane/ICICI/indanegas@upi/UPI,971459202374,"1,100.24",,101425.88
19-02-2026,POS BHARAT PETROLEUM MUMBAI,334125648989,"1,650.26",,99775.62
19-02-2026,UPI/DR/623268108664/Blinkit/ICICI/blinkit@kotak/UPI,248579317253,200.94,,99574.68
20-02-2026,ATM CASH WITHDRAWAL/05254/MUMBAI,281239422982,"1,500.00",,98074.68
21-02-2026,NEFT/N8890863462844/Infosys BPO Pvt Ltd,888814905093,,"9,000.97",107075.65
22-02-2026,UPI/DR/199772299502/Swiggy/ICICI/swiggy@icici/UPI,914130477856,"2,030.43",,105045.22
22-02-2026,UPI/DR/640698066418/CESC/UPIN/cescpayment@upi/UPI,411215061682,"3,700.10",,101345.12
25-02-2026,UPI/DR/875481343516/Uber/PAYTM/uber@paytm/UPI,978447818483,460.64,,100884.48
26-02-2026,UPI/DR/389913053166/Airtel/PAYTM/vi@airtelaxis/UPI,989119205051,319.00,,100565.48
27-02-2026,GST ON CHARGES,086033035595,21.60,,100543.88
27-02-2026,TRANSACTION CHARGES,305885756255,120.00,,100423.88
27-02-2026,UPI/DR/506920194620/Uber/ICICI/uber@paytm/UPI,599265593692,"1,370.07",,99053.81
27-02-2026,ATM CASH WITHDRAWAL/11477/MUMBAI,849399440340,"1,500.00",,97553.81
27-02-2026,POS MORE SUPER MARKET MUMBAI,330964881156,"6,900.93",,90652.88
27-02-2026,UPI/DR/110577008214/Nisha/BARB/nisha.ghosh@aubank/UPI,013873641967,"12,850.11",,77802.77
28-02-2026,UPI/CR/744236268742/Varsha/HDFC/4028933579@apl/UPI,737582330255,,"20,450.06",98252.83
01-03-2026,POS MORE SUPER MARKET MUMBAI,491448598607,"4,850.36",,93402.47
01-03-2026,ATM CASH WITHDRAWAL/38086/MUMBAI,843556758784,"7,000.00",,86402.47
01-03-2026,UPI/DR/474299676855/Manish/BARB/manish373@kotak/UPI,429656168396,"3,100.58",,83301.89
02-03-2026,UPI/DR/421954346422/Radha/BKID/radha.dubey@upi/UPI,567162562892,"15,950.00",,67351.89
02-03-2026,UPI/CR/127192680722/Seema/BKID/seema663@paytm/UPI,809989262348,,"11,300.40",78652.29
02-03-2026,POS BHARAT PETROLEUM MUMBAI,769366284822,"3,200.70",,75451.59
02-03-2026,UPI/DR/048751227495/BSNL/RAZORPAY/broadband@paytm/UPI,559089211297,499.00,,74952.59
03-03-2026,UPI/DR/577997634836/Dinesh/SBIN/dinesh147@ybl/UPI,621663900655,"4,200.29",,70752.30
03-03-2026,ATM CASH WITHDRAWAL/21963/MUMBAI,001217630835,"2,500.00",,68252.30
04-03-2026,UPI/DR/112219109807/Uber/PAYTM/uber@paytm/UPI,965506926715,430.43,,67821.87
04-03-2026,UPI/CR/795889037285/Shivam/BDBL/shivampill53@ptaxis/UPI,607504871186,,"14,650.82",82472.69
04-03-2026,UPI/DR/858236169892/Rapido/PAYTM/rapido@icici/UPI,357355730621,790.74,,81681.95
05-03-2026,UPI/DR/009472283514/Shreya/BDBL/shreya.khanna@ybl/UPI,181524486481,"4,500.30",,77181.65
05-03-2026,UPI/CR/191148518843/Meena/PUNB/meena.ahuja@apl/UPI,446076669461,,"1,300.78",78482.43
07-03-2026,UPI/DR/616964816157/Ola/PAYTM/olamoney@ola/UPI,790609976728,270.96,,78211.47
07-03-2026,SALARY CREDIT/S4455383819267/ICICI Lombard GIC,092106767529,,"121,760.88",199972.35
07-03-2026,UPI/CR/606148712369/Girish/HDFC/girish538@ptsbi/UPI,795305557786,,"17,250.03",217222.38
07-03-2026,UPI/DR/304342671865/Jio/ICICI/jio@paytm/UPI,452579670009,"1,210.56",,216011.82
09-03-2026,UPI/DR/752524454804/HDFC/LICI/licindia@licindia/UPI,448930152680,"8,500.00",,207511.82
09-03-2026,UPI/DR/907038430325/Practo/ICICI/practo@paytm/UPI,638630087738,549.00,,206962.82
10-03-2026,POS HP PETROL PUMP MUMBAI,359080581565,"1,550.25",,205412.57
10-03-2026,UPI/DR/898890519141/Geeta/BARB/geetamukh67@axl/UPI,816301328268,"15,600.62",,189811.95
11-03-2026,UPI/DR/039160266779/Airtel/PAYTM/vi@airtelaxis/UPI,819428017777,499.00,,189312.95
11-03-2026,NACH/MANDATE/LN176485063358/SBI Home Loans,480950684638,"17,000.00",,172312.95
11-03-2026,UPI/DR/592191140815/BigBasket/ICICI/bigbasket@ybl/UPI,744802113404,560.45,,171752.50
12-03-2026,NACH/MANDATE/RNT3508872/RENT MANDATE,624524121085,"19,500.00",,152252.50
12-03-2026,UPI/DR/935192659947/Ola/PAYTM/olamoney@ola/UPI,659032146201,390.04,,151862.46
13-03-2026,UPI/DR/556552235339/Paytm/ICICI/paytm@paytm/UPI,456023242456,"1,470.97",,150391.49
13-03-2026,UPI/DR/010932975926/Pallavi/KKBK/7189513533@upi/UPI,319310363377,"16,050.77",,134340.72
16-03-2026,UPI/DR/569662736233/Rapido/PAYTM/rapido@icici/UPI,624643226052,420.75,,133919.97
16-03-2026,UPI/DR/049376277737/Kavita/SBIN/kavita.mishra@ibl/UPI,345002823910,"17,350.63",,116569.34
16-03-2026,UPI/DR/077664997460/Flipkart/PAYTM/flipkart@ybl/UPI,380553740074,"5,400.97",,111168.37
16-03-2026,UPI/DR/927025878207/PhonePe/ICICI/phonepe@ybl/UPI,638820040514,140.55,,111027.82
16-03-2026,UPI/DR/955755209625/Flipkart/PAYTM/flipkart@ybl/UPI,135537220237,900.70,,110127.12
17-03-2026,UPI/CR/375542536376/Jyoti/UCBA/jyotishar26@kotak/UPI,750091468900,,"5,900.57",116027.69
17-03-2026,UPI/DR/026928301946/Divya/FDRL/5019810296@axl/UPI,254158711686,"2,800.72",,113226.97
17-03-2026,UPI/DR/913548141944/PhonePe/ICICI/phonepe@ybl/UPI,275287586962,"1,390.20",,111836.77
17-03-2026,UPI/CR/073814030842/Babita/UTIB/babitamalh47@ibl/UPI,038544263397,,"12,800.86",124637.63
17-03-2026,UPI/DR/414513024066/Mahesh/FDRL/mahesh626@okaxis/UPI,689955285546,"3,350.04",,121287.59
19-03-2026,UPI/DR/277169491751/Airtel/PAYTM/vi@airtelaxis/UPI,963852542985,809.00,,120478.59
20-03-2026,IMPS/P2M/720994670459//Gopal Banerjee/HDFC,703181656409,"24,200.62",,96277.97
20-03-2026,UPI/CR/704571992866/Kiran/KKBK/kiranghos19@kotak/UPI,280276109885,,"11,250.38",107528.35
21-03-2026,UPI/DR/487978134742/Zepto/ICICI/zepto@apl/UPI,411776482528,880.83,,106647.52
21-03-2026,UPI/DR/920565611887/Uber/ICICI/uber@paytm/UPI,359959084457,"1,180.75",,105466.77
21-03-2026,UPI/CR/936726331205/Brijesh/BDBL/brijesh.sen@axl/UPI,910200579941,,"14,100.74",119567.51
22-03-2026,UPI/DR/456463645073/Airtel/PAYTM/vi@airtelaxis/UPI,563926600741,679.00,,118888.51
23-03-2026,UPI/DR/577834998137/Blinkit/ICICI/blinkit@kotak/UPI,629247328893,"2,770.17",,116118.34
23-03-2026,UPI/CR/893562254880/Amit/FDRL/6367787741@pthdfc/UPI,109822475590,,"10,950.84",127069.18
23-03-2026,UPI/DR/255976982627/CESC/UPIN/cescpayment@upi/UPI,839559783552,"3,250.97",,123818.21
24-03-2026,UPI/DR/936129165366/Indane/ICICI/indanegas@upi/UPI,847822956505,"1,000.39",,122817.82
25-03-2026,UPI/DR/042775667993/Siddharth/HDFC/siddharthdesa39@kotak/UPI,290051794274,"1,400.53",,121417.29
25-03-2026,POS RELIANCE MART MUMBAI,249580430958,"5,000.57",,116416.72
25-03-2026,UPI/DR/079618226447/Arjun/UTIB/arjun.mehta@axl/UPI,191847161869,"20,500.18",,95916.54
26-03-2026,POS RELIANCE PETROLEUM MUMBAI,257394318861,"3,000.23",,92916.31
26-03-2026,ATM CASH WITHDRAWAL/96364/MUMBAI,160490967537,"2,500.00",,90416.31
26-03-2026,UPI/DR/912103164510/Flipkart/ICICI/flipkart@ybl/UPI,998970636464,240.93,,90175.38
27-03-2026,UPI/DR/699493114419/Flipkart/ICICI/flipkart@ybl/UPI,736643398837,"2,060.90",,88114.48
28-03-2026,UPI/CR/296327351773/Krishna/BDBL/krishnayada27@ybl/UPI,671454005515,,"8,450.66",96565.14
28-03-2026,UPI/DR/640818375676/Shreya/SBIN/shreya805@upi/UPI,794385080601,"19,600.28",,76964.86
28-03-2026,ATM CASH WITHDRAWAL/54055/MUMBAI,901893664931,"2,000.00",,74964.86
28-03-2026,INTEREST CREDIT,864533778288,,515.50,75480.36
29-03-2026,UPI/DR/021183876278/Rapido/PAYTM/rapido@icici/UPI,622977912023,80.43,,75399.93
30-03-2026,UPI/DR/620758495660/BigBasket/ICICI/bigbasket@ybl/UPI,408748492275,720.70,,74679.23
30-03-2026,POS BRAND FACTORY MUMBAI,367453438782,"6,550.20",,68129.03
30-03-2026,UPI/DR/105804035677/Mahesh/KKBK/maheshjosh22@ptsbi/UPI,417387841859,"12,200.34",,55928.69
31-03-2026,POS HP PETROL PUMP MUMBAI,107435970512,"3,950.31",,51978.38
31-03-2026,UPI/DR/109884554871/BSNL/ICICI/bsnlbroadband@upi/UPI,641685826827,"2,350.43",,49627.95
31-03-2026,UPI/DR/401439806011/Gopal/PUNB/gopaldas25@okicici/UPI,096111770933,350.19,,49277.76
01-04-2026,UPI/CR/786111972328/Amit/BARB/amit465@kotak/UPI,690938396433,,"17,600.71",66878.47
02-04-2026,UPI/DR/120397122313/Amazon/ICICI/amazon@apl/UPI,500857376767,"1,170.21",,65708.26
03-04-2026,UPI/CR/203326380279/Anjali/SBIN/6222381998@okaxis/UPI,466904989952,,"20,050.53",85758.79
03-04-2026,UPI/DR/438412170474/PhonePe/ICICI/phonepe@ybl/UPI,602510624293,"1,840.38",,83918.41
03-04-2026,POS INDIAN OIL MUMBAI,601148728266,"2,300.58",,81617.83
04-04-2026,UPI/DR/440198010008/Vandana/BARB/vandana622@ptsbi/UPI,498047913711,"8,650.32",,72967.51
05-04-2026,UPI/DR/814489511118/Uber/PAYTM/uber@paytm/UPI,040149417722,270.83,,72696.68
05-04-2026,UPI/CR/578166663048/Archana/UTIB/4507782814@oksbi/UPI,360638216834,,"3,600.17",76296.85
05-04-2026,UPI/DR/536938241103/Flipkart/ICICI/flipkart@ybl/UPI,697579599771,660.43,,75636.42
06-04-2026,SALARY CREDIT/S9929435153583/ICICI Lombard GIC,413768670330,,"124,314.88",199951.30
06-04-2026,UPI/DR/771806575274/Paytm/ICICI/paytm@paytm/UPI,953965045311,"2,030.49",,197920.81
06-04-2026,ATM CASH WITHDRAWAL/91802/MUMBAI,778395530473,"7,500.00",,190420.81
06-04-2026,UPI/DR/904670442170/BSNL/ICICI/bsnlbroadband@upi/UPI,799887925029,"2,770.68",,187650.13
07-04-2026,UPI/DR/941682212183/Flipkart/PAYTM/flipkart@ybl/UPI,934179355347,"1,700.77",,185949.36
07-04-2026,UPI/DR/251341319771/Dunzo/ICICI/dunzo@razorpay/UPI,667402298353,"1,070.85",,184878.51
08-04-2026,UPI/DR/593369516219/Ola/ICICI/olamoney@ola/UPI,925063250588,450.10,,184428.41
08-04-2026,UPI/DR/264934673692/Airtel/PAYTM/vi@airtelaxis/UPI,617541926498,959.00,,183469.41
08-04-2026,NACH/MANDATE/RNT7492257/RENT MANDATE,982030633276,"19,500.00",,163969.41
08-04-2026,POS BHARAT PETROLEUM MUMBAI,256671357533,"2,500.41",,161469.00
08-04-2026,POS LIFESTYLE STORES MUMBAI,327914301032,"4,450.96",,157018.04
08-04-2026,UPI/DR/990639947138/BigBasket/ICICI/bigbasket@ybl/UPI,169933905826,"2,140.66",,154877.38
10-04-2026,POS LIFESTYLE STORES MUMBAI,150910046535,"4,500.56",,150376.82
10-04-2026,UPI/CR/051717745579/Asha/UTIB/asha291@aubank/UPI,571866440443,,"9,100.96",159477.78
11-04-2026,UPI/DR/485204099926/Santosh/UCBA/santosh768@okhdfcbank/UPI,274711441480,"2,200.68",,157277.10
11-04-2026,ATM CASH WITHDRAWAL/62823/MUMBAI,819389454891,"6,500.00",,150777.10
11-04-2026,IMPS/P2M/249084235247//Tarun Kapoor/UTIB,370803339153,900.72,,149876.38
12-04-2026,UPI/DR/038551273937/Airtel/PAYTM/vi@airtelaxis/UPI,328988280823,529.00,,149347.38
13-04-2026,UPI/DR/135132373080/Airtel/PAYTM/vi@airtelaxis/UPI,797005760907,879.00,,148468.38
13-04-2026,UPI/CR/685531633720/Poonam/KKBK/poonam795@ptsbi/UPI,282833875282,,"20,050.94",168519.32
13-04-2026,NACH/MANDATE/LN176485063358/SBI Home Loans,342544781840,"17,000.00",,151519.32
13-04-2026,UPI/DR/056760138147/Paytm/ICICI/paytm@paytm/UPI,035046644030,130.56,,151388.76
14-04-2026,UPI/DR/031463554160/Zepto/ICICI/zepto@apl/UPI,265077936991,"2,490.68",,148898.08
16-04-2026,UPI/DR/237616717483/Flipkart/PAYTM/flipkart@ybl/UPI,002805337661,"1,700.70",,147197.38
17-04-2026,UPI/CR/363563967086/Abhishek/BARB/abhisheknair60@ptyes/UPI,625943870643,,"16,500.18",163697.56
17-04-2026,UPI/DR/937482638489/BSNL/RAZORPAY/broadband@paytm/UPI,643644921350,699.00,,162998.56
18-04-2026,UPI/DR/814466997295/CESC/UPIN/cescpayment@upi/UPI,063222313914,"3,300.13",,159698.43
18-04-2026,UPI/DR/682052017386/MakeMyTrip/ICICI/makemytrip@axisbank/UPI,417675932973,749.00,,158949.43
19-04-2026,UPI/DR/182216371956/Blinkit/ICICI/blinkit@kotak/UPI,549202018700,"2,190.91",,156758.52
20-04-2026,UPI/DR/527882863887/Apollo/ICICI/apollopharmacy@ybl/UPI,785827750912,400.15,,156358.37
21-04-2026,UPI/DR/862444162614/Airtel/PAYTM/vi@airtelaxis/UPI,014030936102,229.00,,156129.37
21-04-2026,ATM CASH WITHDRAWAL/61874/MUMBAI,215397964358,"5,000.00",,151129.37
22-04-2026,UPI/CR/371421273947/Lata/SBIN/latagupt38@okaxis/UPI,065177263008,,"21,550.43",172679.80
24-04-2026,UPI/DR/871007559191/Ramesh/BKID/6876047117@aubank/UPI,953789731139,"9,500.83",,163178.97
24-04-2026,UPI/DR/155394076336/Uber/PAYTM/uber@paytm/UPI,916385478084,420.74,,162758.23
24-04-2026,UPI/DR/928131095603/Indane/ICICI/indanegas@upi/UPI,920809350726,"1,200.68",,161557.55
25-04-2026,POS MORE SUPER MARKET MUMBAI,519953205564,"2,950.39",,158607.16
25-04-2026,UPI/DR/072017968764/Arjun/UTIB/6067361573@ybl/UPI,187966976389,"18,300.45",,140306.71
26-04-2026,UPI/DR/265819586304/BSNL/ICICI/bsnlbroadband@upi/UPI,746360667172,"1,980.87",,138325.84
26-04-2026,UPI/DR/915497643933/Rapido/PAYTM/rapido@icici/UPI,644585819678,770.81,,137555.03
27-04-2026,POS RELIANCE MART MUMBAI,269502293555,"7,450.74",,130104.29
29-04-2026,POS HP PETROL PUMP MUMBAI,565365715239,"3,600.87",,126503.42
30-04-2026,UPI/DR/647306872495/Amazon/ICICI/amazon@apl/UPI,500571829844,"1,370.66",,125132.76
02-05-2026,POS D MART MUMBAI,813747962591,"8,200.77",,116931.99
02-05-2026,UPI/DR/847437254692/Jio/ICICI/jio@paytm/UPI,727296662368,"2,730.09",,114201.90
03-05-2026,UPI/CR/083625989303/Arun/KKBK/arun380@okaxis/UPI,262997024699,,"8,850.65",123052.55
03-05-2026,UPI/DR/753637111178/Airtel/PAYTM/vi@airtelaxis/UPI,603107139571,779.00,,122273.55
04-05-2026,UPI/DR/693538777687/Uber/PAYTM/uber@paytm/UPI,762827649650,720.55,,121553.00
05-05-2026,UPI/CR/850955183948/Suresh/UCBA/suresh499@apl/UPI,854581387619,,"16,850.14",138403.14
05-05-2026,UPI/DR/082647876617/Uber/PAYTM/uber@paytm/UPI,399376169376,560.34,,137842.80
07-05-2026,SALARY CREDIT/S2360145249218/ICICI Lombard GIC,054617463426,,"122,089.88",259932.68
07-05-2026,ATM CASH WITHDRAWAL/42698/MUMBAI,903015846360,"1,000.00",,258932.68
07-05-2026,UPI/DR/682562924451/Blinkit/ICICI/blinkit@kotak/UPI,446092210527,"1,150.37",,257782.31
07-05-2026,UPI/DR/561229887852/Rapido/PAYTM/rapido@icici/UPI,227879803062,200.07,,257582.24
07-05-2026,UPI/DR/879773567026/Swati/BARB/1962909473@axl/UPI,696048325821,"12,750.31",,244831.93
07-05-2026,ATM CASH WITHDRAWAL/22480/MUMBAI,245804272420,"6,000.00",,238831.93
07-05-2026,UPI/DR/755934854990/Airtel/PAYTM/vi@airtelaxis/UPI,523654041584,219.00,,238612.93
08-05-2026,UPI/DR/696085852526/Rekha/UCBA/rekha365@ptaxis/UPI,763910718113,"20,050.48",,218562.45
08-05-2026,UPI/DR/156554647918/Uber/PAYTM/uber@paytm/UPI,875542308759,300.84,,218261.61
08-05-2026,UPI/DR/867744301818/Jio/ICICI/jio@paytm/UPI,027029088151,"2,590.11",,215671.50
09-05-2026,UPI/DR/360935032331/BigBasket/ICICI/bigbasket@ybl/UPI,372875970532,"2,700.72",,212970.78
09-05-2026,UPI/DR/667521420192/Practo/ICICI/practo@paytm/UPI,263912442853,799.00,,212171.78
