Bank Name,STATE BANK OF INDIA
Account Number,98880270931
Account Holder Name,SUNIL SEN
Branch,ROHINI SECTOR 10
IFSC Code,SBIN0093748
Statement Period,01-12-2024 To 09-05-2026

TRAN-DATE,TRAN_PARTICULAR,CHQ-NUM,WITHDRAWAL,DEPOSIT,BALANCE
01-12-2024,UPI/DR/429734276627/Paytm/ICICI/paytm@paytm/UPI,073457746105,530.20,,1362397.60
01-12-2024,INB NEFT-S6938191517567/Hexaware Technologie/SALARY CR,548076465043,,"64,613.82",1427011.42
01-12-2024,UPI/DR/338391690127/Amazon/ICICI/amazon@apl/UPI,027527240878,"1,280.40",,1425731.02
02-12-2024,UPI/DR/424717243666/Suresh/HDFC/suresh507@okicici/UPI,978592942836,"19,250.24",,1406480.78
02-12-2024,UPI/DR/033525486928/Uber/PAYTM/uber@paytm/UPI,467227034627,750.77,,1405730.01
02-12-2024,UPI/DR/165094249770/Uber/PAYTM/uber@paytm/UPI,701542459002,700.52,,1405029.49
02-12-2024,UPI/DR/455049146662/Vi/PAYTM/airtel@axis/UPI,938345236119,189.00,,1404840.49
03-12-2024,UPI/DR/690385071533/Ola/ICICI/olamoney@ola/UPI,553009872571,"1,630.79",,1403209.70
03-12-2024,UPI/DR/973548742901/Mina/BARB/mina.kumar@pthdfc/UPI,127395087148,"15,050.92",,1388158.78
04-12-2024,UPI/CR/340055842938/Kavita/PUNB/kavitanair60@okhdfcbank/UPI,963421535182,,"21,650.65",1409809.43
04-12-2024,"ATM WDL
ATM CASH 12628 ROHINI SECTOR 10 NASHIK",613574654356,"6,000.00",,1403809.43
04-12-2024,"ATM WDL
ATM CASH 11028 ROHINI SECTOR 10 NASHIK",090339531022,"6,500.00",,1397309.43
05-12-2024,NACH/MANDATE/LN843123792646/Manappuram Finance,674056355410,"17,500.00",,1379809.43
06-12-2024,NACH/MANDATE/RNT7093985/RENT MANDATE,549977299885,"9,500.00",,1370309.43
06-12-2024,POS MAX FASHION NASHIK,521493099140,"3,050.38",,1367259.05
06-12-2024,UPI/DR/672414373202/Uber/PAYTM/uber@paytm/UPI,691472585537,690.30,,1366568.75
08-12-2024,UPI/DR/750695578907/Vi/PAYTM/airtel@axis/UPI,716278949941,879.00,,1365689.75
09-12-2024,INB IMPS/370965350511/Sushma Joshi/SBIN,952950513079,"32,600.27",,1333089.48
10-12-2024,UPI/DR/407744323347/Babita/BARB/babita617@upi/UPI,729441999386,"17,850.87",,1315238.61
10-12-2024,UPI/DR/488771770372/Sanjay/KKBK/sanjay.yadav@aubank/UPI,394661137600,"5,250.23",,1309988.38
10-12-2024,UPI/DR/126997659810/Zepto/ICICI/zepto@apl/UPI,165676791799,190.05,,1309798.33
12-12-2024,"ATM WDL
ATM CASH 82984 ROHINI SECTOR 10 NASHIK",280290506681,"1,500.00",,1308298.33
12-12-2024,UPI/DR/170458248638/Ramesh/FDRL/ramesh.naik@paytm/UPI,104107739702,"11,250.82",,1297047.51
13-12-2024,UPI/DR/911376101007/ICICI/LICI/licindia@licindia/UPI,501569355493,"3,800.00",,1293247.51
13-12-2024,UPI/DR/147902013147/Hathway/RAZORPAY/broadband@paytm/UPI,476996878380,"1,049.00",,1292198.51
13-12-2024,"ATM WDL
ATM CASH 82681 ROHINI SECTOR 10 NASHIK",299325848970,"6,000.00",,1286198.51
13-12-2024,UPI/DR/721706193169/Uber/PAYTM/uber@paytm/UPI,537540816723,630.61,,1285567.90
13-12-2024,UPI/DR/371689420554/Flipkart/ICICI/flipkart@ybl/UPI,326211478345,680.11,,1284887.79
15-12-2024,UPI/DR/882207706789/MSEDCL/UPIN/msedclpayment@upi/UPI,343120903800,"2,150.30",,1282737.49
15-12-2024,UPI/DR/747368590388/Amazon/PAYTM/amazon@apl/UPI,165108304235,"2,100.87",,1280636.62
16-12-2024,UPI/CR/911611132346/Ravi/HDFC/ravi985@paytm/UPI,257778744432,,350.90,1280987.52
16-12-2024,"ATM WDL
ATM CASH 59721 ROHINI SECTOR 10 NASHIK",482172587707,"5,500.00",,1275487.52
16-12-2024,UPI/DR/994687969570/Kiran/BARB/kiran991@pthdfc/UPI,200987335728,"12,750.31",,1262737.21
16-12-2024,UPI/DR/869927022262/Ola/PAYTM/olamoney@ola/UPI,354535358734,110.44,,1262626.77
17-12-2024,UPI/DR/583641580741/Jio/ICICI/jio@paytm/UPI,738415446976,"1,810.62",,1260816.15
18-12-2024,POS BIG BAZAAR NASHIK,251321442670,"3,350.08",,1257466.07
18-12-2024,POS BIG BAZAAR NASHIK,475292703085,"7,500.38",,1249965.69
19-12-2024,UPI/DR/790211991377/BigBasket/ICICI/bigbasket@ybl/UPI,872572675201,"1,980.82",,1247984.87
21-12-2024,UPI/DR/501255860477/Vikas/KKBK/vikas437@okicici/UPI,757305378322,"12,600.40",,1235384.47
21-12-2024,UPI/DR/910188737502/Jio/ICICI/jio@paytm/UPI,856994835119,"2,680.81",,1232703.66
21-12-2024,UPI/DR/358982468623/Uber/PAYTM/uber@paytm/UPI,791508234935,830.56,,1231873.10
21-12-2024,UPI/DR/012931805704/Indane/ICICI/indanegas@upi/UPI,084409882733,"1,950.15",,1229922.95
22-12-2024,UPI/DR/969700418419/Uber/ICICI/uber@paytm/UPI,664742976369,"2,510.09",,1227412.86
23-12-2024,UPI/DR/929190949856/Ramesh/HDFC/1950711248@okicici/UPI,014422802902,400.38,,1227012.48
23-12-2024,INB NEFT-N0345935067269/Reliance Retail Ltd/BARB/CR,544279491837,,"18,000.66",1245013.14
23-12-2024,POS D MART NASHIK,291508740297,"4,750.15",,1240262.99
23-12-2024,POS RELIANCE PETROLEUM NASHIK,185874125664,"2,450.44",,1237812.55
24-12-2024,UPI/DR/810828873802/Uber/ICICI/uber@paytm/UPI,627690710115,"1,470.38",,1236342.17
24-12-2024,UPI/CR/451197599245/Kamal/UCBA/2778182648@oksbi/UPI,522728757059,,"6,750.41",1243092.58
25-12-2024,UPI/DR/287909590616/PhonePe/ICICI/phonepe@ybl/UPI,374931119656,"2,110.96",,1240981.62
25-12-2024,"ATM WDL
ATM CASH 11202 ROHINI SECTOR 10 NASHIK",670932140258,"10,000.00",,1230981.62
26-12-2024,UPI/DR/590434969686/Apollo/ICICI/apollopharmacy@ybl/UPI,647418281160,"1,650.32",,1229331.30
26-12-2024,POS STAR BAZAAR NASHIK,378941607136,350.55,,1228980.75
27-12-2024,UPI/DR/274205132472/Lalit/PUNB/lalit.banerjee@upi/UPI,281947230913,450.78,,1228529.97
27-12-2024,GST ON CHARGES,382553764224,86.40,,1228443.57
27-12-2024,CHG FOR NEFT/IMPS TRANSACTION,315342395520,480.00,,1227963.57
28-12-2024,INTEREST CREDIT,871932841555,,"1,130.89",1229094.46
28-12-2024,POS D MART NASHIK,030176293796,"1,700.81",,1227393.65
28-12-2024,INB IMPS/443963189910/Shivam Bose/FDRL,567581933599,"1,700.66",,1225692.99
28-12-2024,UPI/CR/439203863051/Usha/SBIN/usha228@oksbi/UPI,318448362500,,"11,050.18",1236743.17
29-12-2024,POS V MART NASHIK,106552445035,"6,000.29",,1230742.88
30-12-2024,UPI/DR/906483977793/Nikhil/BDBL/2831903323@axl/UPI,982766039139,"5,800.67",,1224942.21
30-12-2024,POS SHELL FUEL STATION NASHIK,865700750169,"1,900.95",,1223041.26
31-12-2024,UPI/DR/634423529341/Arjun/BARB/arjunsaxe71@ptaxis/UPI,201281036194,"4,200.77",,1218840.49
01-01-2025,UPI/DR/560050409725/BSNL/ICICI/bsnlbroadband@upi/UPI,525173118751,610.89,,1218229.60
01-01-2025,UPI/DR/401160999498/Amazon/PAYTM/amazon@apl/UPI,417589507112,"4,350.36",,1213879.24
01-01-2025,POS VISHAL MEGA MART NASHIK,143989090093,"8,050.12",,1205829.12
02-01-2025,POS METRO CASH CARRY NASHIK,445542378487,"3,050.03",,1202779.09
02-01-2025,INB NEFT-S8799738568062/Hexaware Technologie/SALARY CR,247140565232,,"68,178.82",1270957.91
03-01-2025,UPI/CR/433556705124/Ankit/SBIN/ankitdube15@okaxis/UPI,327646646688,,"10,700.58",1281658.49
03-01-2025,"ATM WDL
ATM CASH 00903 ROHINI SECTOR 10 NASHIK",069689895308,"8,500.00",,1273158.49
05-01-2025,NACH/MANDATE/LN843123792646/Manappuram Finance,899206537331,"17,500.00",,1255658.49
06-01-2025,UPI/CR/170371011652/Divya/BARB/divyaverm71@kotak/UPI,194422734978,,"1,750.04",1257408.53
06-01-2025,NACH/MANDATE/RNT1025725/RENT MANDATE,341204701575,"9,500.00",,1247908.53
06-01-2025,"ATM WDL
ATM CASH 99778 ROHINI SECTOR 10 NASHIK",134261947805,"4,500.00",,1243408.53
07-01-2025,UPI/DR/350627915706/Blinkit/ICICI/blinkit@kotak/UPI,087109182391,"1,240.10",,1242168.43
07-01-2025,UPI/DR/799590409125/Zepto/ICICI/zepto@apl/UPI,830535297836,"1,560.82",,1240607.61
07-01-2025,UPI/DR/815813265565/Blinkit/ICICI/blinkit@kotak/UPI,059050581310,"2,560.34",,1238047.27
08-01-2025,UPI/DR/886150258087/Flipkart/PAYTM/flipkart@ybl/UPI,590602743874,"2,650.07",,1235397.20
08-01-2025,UPI/DR/692741483965/Blinkit/ICICI/blinkit@kotak/UPI,162367641061,"2,060.13",,1233337.07
09-01-2025,UPI/DR/089357507916/Zepto/ICICI/zepto@apl/UPI,082713487266,"1,560.90",,1231776.17
11-01-2025,UPI/DR/728998823239/Kamal/UCBA/9011536900@oksbi/UPI,566163005459,"3,100.29",,1228675.88
11-01-2025,UPI/CR/429922405409/Kavya/UCBA/kavya128@axl/UPI,627318223110,,"12,150.58",1240826.46
11-01-2025,UPI/CR/408107156595/Jyoti/FDRL/jyotidas39@ptyes/UPI,787470809276,,"11,000.56",1251827.02
12-01-2025,UPI/DR/118252768048/Indane/ICICI/indanegas@upi/UPI,274247119202,"1,350.42",,1250476.60
13-01-2025,POS RELIANCE PETROLEUM NASHIK,741421053692,"4,150.05",,1246326.55
13-01-2025,UPI/DR/444004551914/Vi/PAYTM/airtel@axis/UPI,304239248360,249.00,,1246077.55
13-01-2025,UPI/DR/042636772893/Vi/PAYTM/airtel@axis/UPI,922982255589,219.00,,1245858.55
13-01-2025,"ATM WDL
ATM CASH 72795 ROHINI SECTOR 10 NASHIK",392142318255,"10,000.00",,1235858.55
14-01-2025,UPI/DR/161415710073/Rapido/PAYTM/rapido@icici/UPI,041210146140,370.29,,1235488.26
14-01-2025,UPI/CR/162623286742/Renu/BARB/4424506606@pthdfc/UPI,193352868624,,"16,600.23",1252088.49
15-01-2025,UPI/DR/146092669734/Nykaa/ICICI/nykaa@razorpay/UPI,266593460905,649.00,,1251439.49
15-01-2025,UPI/DR/931284800808/Rapido/PAYTM/rapido@icici/UPI,894956625004,790.62,,1250648.87
15-01-2025,"ATM WDL
ATM CASH 52266 ROHINI SECTOR 10 NASHIK",831410609340,"4,500.00",,1246148.87
16-01-2025,UPI/DR/289509963368/Deepak/PUNB/deepak.chatterjee@ybl/UPI,570642031532,"18,250.61",,1227898.26
16-01-2025,UPI/DR/979395218405/1mg/ICICI/tatahealth@icici/UPI,914538748775,"1,420.74",,1226477.52
18-01-2025,UPI/DR/354967041560/Vishal/SBIN/vishal966@kotak/UPI,689642384337,"16,400.10",,1210077.42
18-01-2025,UPI/DR/394112999152/MSEDCL/UPIN/msedclpayment@upi/UPI,800818329636,"1,100.62",,1208976.80
18-01-2025,UPI/DR/878635146889/Rapido/PAYTM/rapido@icici/UPI,547042194881,490.21,,1208486.59
18-01-2025,UPI/CR/881593667493/Mukesh/BKID/mukeshsriv64@ptyes/UPI,657487767514,,"1,550.51",1210037.10
19-01-2025,UPI/DR/631918082972/Jio/ICICI/jio@paytm/UPI,044020331387,950.87,,1209086.23
19-01-2025,POS METRO CASH CARRY NASHIK,531126065913,"5,800.98",,1203285.25
20-01-2025,UPI/DR/121823144387/Vi/PAYTM/airtel@axis/UPI,005674214035,719.00,,1202566.25
21-01-2025,UPI/DR/640633696595/Vi/PAYTM/airtel@axis/UPI,576892905303,509.00,,1202057.25
21-01-2025,POS STAR BAZAAR NASHIK,063603710369,"4,750.74",,1197306.51
22-01-2025,"ATM WDL
ATM CASH 71536 ROHINI SECTOR 10 NASHIK",133110225664,"6,500.00",,1190806.51
22-01-2025,UPI/DR/680713312550/Ola/ICICI/olamoney@ola/UPI,956456628587,"1,810.22",,1188996.29
22-01-2025,POS RELIANCE PETROLEUM NASHIK,386526345832,"2,000.93",,1186995.36
23-01-2025,UPI/DR/856479876610/BigBasket/ICICI/bigbasket@ybl/UPI,247268223004,660.27,,1186335.09
24-01-2025,UPI/DR/643572759472/BSNL/ICICI/bsnlbroadband@upi/UPI,978888642959,"1,230.41",,1185104.68
24-01-2025,UPI/DR/096793672304/Meesho/PAYTM/meesho@ybl/UPI,250189804283,"3,550.31",,1181554.37
24-01-2025,POS INDIAN OIL NASHIK,835240244727,"4,300.40",,1177253.97
25-01-2025,UPI/DR/908851316240/Swiggy/ICICI/swiggy@icici/UPI,275637935403,440.15,,1176813.82
25-01-2025,UPI/DR/832248224435/Hathway/RAZORPAY/broadband@paytm/UPI,435318288966,599.00,,1176214.82
26-01-2025,UPI/CR/636775250278/Nisha/FDRL/6711702595@axl/UPI,887874686836,,"9,800.64",1186015.46
26-01-2025,UPI/DR/995281846202/Ola/ICICI/olamoney@ola/UPI,878964306392,"2,010.09",,1184005.37
26-01-2025,CHG FOR NEFT/IMPS TRANSACTION,253464753464,160.00,,1183845.37
26-01-2025,GST ON CHARGES,359405155841,28.80,,1183816.57
26-01-2025,UPI/CR/607457785519/Jyoti/SBIN/jyoti324@ptyes/UPI,612522315375,,"6,300.10",1190116.67
26-01-2025,UPI/DR/922219553161/Vi/PAYTM/airtel@axis/UPI,815500991301,609.00,,1189507.67
27-01-2025,UPI/DR/814006920135/Vandana/BARB/vandana.thapar@ptyes/UPI,359481244643,"11,800.01",,1177707.66
27-01-2025,"ATM WDL
ATM CASH 32765 ROHINI SECTOR 10 NASHIK",024487684193,"6,000.00",,1171707.66
28-01-2025,UPI/DR/607965577077/PhonePe/ICICI/phonepe@ybl/UPI,042024302744,870.02,,1170837.64
28-01-2025,UPI/DR/105404370495/Blinkit/ICICI/blinkit@kotak/UPI,003393110982,"2,740.10",,1168097.54
29-01-2025,POS CENTRAL MALL NASHIK,152946388592,"5,350.19",,1162747.35
29-01-2025,POS BRAND FACTORY NASHIK,748803403999,"7,700.44",,1155046.91
30-01-2025,UPI/DR/083609599776/Naresh/KKBK/naresh.malhotra@upi/UPI,821950691001,"4,550.78",,1150496.13
31-01-2025,UPI/CR/339717020399/Harish/BDBL/harishkuma18@ptaxis/UPI,161211006178,,"14,350.62",1164846.75
01-02-2025,UPI/CR/778937848500/Mahesh/BARB/mahesh175@ybl/UPI,452785537584,,"19,750.51",1184597.26
01-02-2025,UPI/DR/165472260760/Rapido/PAYTM/rapido@icici/UPI,883729657379,740.56,,1183856.70
01-02-2025,UPI/DR/378337089005/Asha/FDRL/asha.rao@oksbi/UPI,938326801171,"20,050.49",,1163806.21
02-02-2025,UPI/DR/629578107342/Usha/FDRL/ushayada95@axl/UPI,472755922511,"13,650.57",,1150155.64
02-02-2025,INB NEFT-S6704549155299/Hexaware Technologie/SALARY CR,126131441742,,"67,586.82",1217742.46
03-02-2025,UPI/CR/000010232546/Sumit/BDBL/8513326658@apl/UPI,501420359459,,"6,500.33",1224242.79
03-02-2025,UPI/DR/772578186197/Zepto/ICICI/zepto@apl/UPI,741996373980,"1,350.70",,1222892.09
03-02-2025,UPI/DR/458637934651/Nykaa/PAYTM/nykaa@razorpay/UPI,571272505645,"2,950.15",,1219941.94
04-02-2025,UPI/DR/775587136832/Blinkit/ICICI/blinkit@kotak/UPI,931581238701,"2,530.22",,1217411.72
04-02-2025,UPI/DR/969101343739/Anil/UTIB/anil408@okhdfcbank/UPI,527971087971,"14,250.73",,1203160.99
04-02-2025,UPI/CR/088347636456/Ritu/BKID/ritu.verma@ybl/UPI,225574541055,,"16,200.61",1219361.60
06-02-2025,UPI/DR/804437521281/Uber/ICICI/uber@paytm/UPI,862142010608,270.59,,1219091.01
06-02-2025,POS SHOPPERS STOP NASHIK,982329667846,"2,950.72",,1216140.29
07-02-2025,UPI/DR/982118616026/Netmeds/ICICI/netmeds@paytm/UPI,430305692355,"2,310.07",,1213830.22
07-02-2025,POS HP PETROL PUMP NASHIK,171672669776,"2,800.10",,1211030.12
07-02-2025,NACH/MANDATE/RNT3772761/RENT MANDATE,458908855753,"9,500.00",,1201530.12
07-02-2025,UPI/CR/041856593243/Gopal/BKID/gopal.agarwal@okhdfcbank/UPI,405921758429,,200.93,1201731.05
08-02-2025,UPI/DR/974318388753/Amazon/PAYTM/amazon@apl/UPI,263544433398,"4,050.96",,1197680.09
08-02-2025,UPI/DR/960747500711/Sonia/UCBA/1049155327@okaxis/UPI,260856182732,"15,300.52",,1182379.57
10-02-2025,UPI/DR/480685137643/Vi/PAYTM/airtel@axis/UPI,167110539826,549.00,,1181830.57
10-02-2025,UPI/DR/694644688528/PhonePe/ICICI/phonepe@ybl/UPI,794674792865,"1,730.64",,1180099.93
10-02-2025,UPI/CR/526394393096/Priya/BDBL/priya806@pthdfc/UPI,705119926777,,"4,900.95",1185000.88
10-02-2025,NACH/MANDATE/LN843123792646/Manappuram Finance,479351983812,"17,500.00",,1167500.88
12-02-2025,UPI/DR/957496671683/Flipkart/ICICI/flipkart@ybl/UPI,435572740514,840.11,,1166660.77
14-02-2025,"ATM WDL
ATM CASH 12939 ROHINI SECTOR 10 NASHIK",551641089999,"7,000.00",,1159660.77
15-02-2025,"ATM WDL
ATM CASH 70504 ROHINI SECTOR 10 NASHIK",169206225955,"5,000.00",,1154660.77
15-02-2025,UPI/DR/258605389430/Dunzo/ICICI/dunzo@razorpay/UPI,248792862597,"1,690.17",,1152970.60
15-02-2025,UPI/DR/446079310033/Blinkit/ICICI/blinkit@kotak/UPI,320704227480,780.63,,1152189.97
16-02-2025,UPI/DR/850928822149/Rekha/BARB/9585948025@okhdfcbank/UPI,963690520618,"10,950.56",,1141239.41
16-02-2025,POS D MART NASHIK,299968814611,"1,500.50",,1139738.91
16-02-2025,"ATM WDL
ATM CASH 50723 ROHINI SECTOR 10 NASHIK",350460902046,"5,000.00",,1134738.91
18-02-2025,UPI/DR/430125894632/Swiggy/ICICI/swiggy@icici/UPI,377236158477,420.20,,1134318.71
18-02-2025,UPI/DR/810935254286/Dunzo/ICICI/dunzo@razorpay/UPI,001646817449,"1,180.24",,1133138.47
19-02-2025,UPI/DR/374959177124/Indane/ICICI/indanegas@upi/UPI,860125920272,"2,150.52",,1130987.95
20-02-2025,UPI/DR/562945458882/Vi/PAYTM/airtel@axis/UPI,820205881272,849.00,,1130138.95
20-02-2025,UPI/DR/749514994796/Nisha/UCBA/nishaahuj41@apl/UPI,335680052342,"11,600.09",,1118538.86
21-02-2025,UPI/DR/632378189871/Uber/PAYTM/uber@paytm/UPI,675415078363,120.41,,1118418.45
21-02-2025,UPI/DR/787873468059/Ola/PAYTM/olamoney@ola/UPI,619418232161,320.34,,1118098.11
21-02-2025,UPI/DR/351459970962/Ravi/KKBK/ravi223@okicici/UPI,470404860624,"3,350.87",,1114747.24
22-02-2025,UPI/DR/312095023455/Zomato/ICICI/zomato@axisbank/UPI,225904911163,330.76,,1114416.48
22-02-2025,POS INDIAN OIL NASHIK,470485361071,"2,650.08",,1111766.40
22-02-2025,UPI/DR/728910509168/MSEDCL/UPIN/msedclpayment@upi/UPI,447705037830,"1,900.71",,1109865.69
23-02-2025,UPI/DR/261248316191/Hathway/RAZORPAY/broadband@paytm/UPI,912421940802,699.00,,1109166.69
24-02-2025,UPI/DR/888761750084/Ola/ICICI/olamoney@ola/UPI,547850848325,"2,670.52",,1106496.17
24-02-2025,UPI/DR/159089248881/Apollo/ICICI/apollopharmacy@ybl/UPI,111316756888,749.00,,1105747.17
24-02-2025,UPI/CR/699182479665/Varsha/BDBL/varshaseth21@ibl/UPI,868468346755,,"18,650.65",1124397.82
24-02-2025,UPI/DR/328327229075/Geeta/UTIB/9309939117@kotak/UPI,436631944225,"13,650.96",,1110746.86
25-02-2025,UPI/DR/478950925349/Zomato/ICICI/zomato@axisbank/UPI,603898677154,"1,110.13",,1109636.73
25-02-2025,"ATM WDL
ATM CASH 37350 ROHINI SECTOR 10 NASHIK",183877387759,"8,000.00",,1101636.73
27-02-2025,UPI/DR/831345910273/Rapido/PAYTM/rapido@icici/UPI,394814676915,230.22,,1101406.51
27-02-2025,UPI/DR/346559319874/Ola/ICICI/olamoney@ola/UPI,464084439977,"1,510.57",,1099895.94
27-02-2025,"ATM WDL
ATM CASH 65888 ROHINI SECTOR 10 NASHIK",630176320675,"2,500.00",,1097395.94
27-02-2025,POS BRAND FACTORY NASHIK,999894749999,"2,750.47",,1094645.47
28-02-2025,UPI/DR/997737090265/Ola/PAYTM/olamoney@ola/UPI,840713223299,220.07,,1094425.40
28-02-2025,UPI/DR/599795302985/Uber/PAYTM/uber@paytm/UPI,205559885418,890.28,,1093535.12
28-02-2025,UPI/DR/352407043131/Naresh/UTIB/nareshchop64@ptyes/UPI,943613886970,"5,650.07",,1087885.05
28-02-2025,UPI/DR/140440336892/Renu/HDFC/renutiwa80@oksbi/UPI,966727318853,"20,350.20",,1067534.85
01-03-2025,UPI/DR/074864664621/Uber/ICICI/uber@paytm/UPI,684694585459,540.94,,1066993.91
01-03-2025,UPI/DR/899402025199/Kiran/BARB/kiranchop29@okicici/UPI,374178097562,"21,850.85",,1045143.06
01-03-2025,UPI/DR/453965741935/Zepto/ICICI/zepto@apl/UPI,826557004298,"2,290.57",,1042852.49
01-03-2025,POS HP PETROL PUMP NASHIK,962246152769,"1,800.06",,1041052.43
01-03-2025,UPI/DR/700203728645/Nikhil/FDRL/7273972710@axl/UPI,893685904827,"10,450.07",,1030602.36
01-03-2025,UPI/DR/080643250148/BigBasket/ICICI/bigbasket@ybl/UPI,779039503658,"1,130.60",,1029471.76
02-03-2025,POS BHARAT PETROLEUM NASHIK,183248845212,950.68,,1028521.08
02-03-2025,UPI/DR/967498472454/Hathway/RAZORPAY/broadband@paytm/UPI,075803414471,"1,049.00",,1027472.08
03-03-2025,UPI/DR/558158594245/Ola/PAYTM/olamoney@ola/UPI,152013770539,870.84,,1026601.24
03-03-2025,POS INDIAN OIL NASHIK,294230817498,"3,500.15",,1023101.09
03-03-2025,POS BIG BAZAAR NASHIK,060933778580,"1,200.97",,1021900.12
03-03-2025,POS VISHAL MEGA MART NASHIK,975684938592,"7,050.24",,1014849.88
03-03-2025,INB NEFT-S5142040009186/Hexaware Technologie/SALARY CR,402518679535,,"66,566.82",1081416.70
03-03-2025,UPI/DR/853848716296/Renu/FDRL/renu686@okhdfcbank/UPI,063985201931,"14,000.54",,1067416.16
03-03-2025,"ATM WDL
ATM CASH 86816 ROHINI SECTOR 10 NASHIK",864419087152,"9,000.00",,1058416.16
04-03-2025,UPI/DR/889425379654/Vi/PAYTM/airtel@axis/UPI,516279524316,629.00,,1057787.16
04-03-2025,NACH/MANDATE/RNT6254109/RENT MANDATE,984276623383,"9,500.00",,1048287.16
05-03-2025,UPI/DR/038172671319/Ankit/BDBL/ankit628@paytm/UPI,674151076632,"7,650.25",,1040636.91
05-03-2025,UPI/DR/749502243028/Sanjay/UTIB/sanjayshuk12@pthdfc/UPI,532226563863,"14,300.69",,1026336.22
05-03-2025,UPI/DR/869866172617/Mahesh/BKID/mahesh698@ybl/UPI,148107778812,"20,900.61",,1005435.61
06-03-2025,UPI/DR/961109215681/Gopal/BARB/gopal855@oksbi/UPI,272735941709,"2,950.27",,1002485.34
06-03-2025,POS LIFESTYLE STORES NASHIK,369077219253,"6,350.77",,996134.57
06-03-2025,POS MAX FASHION NASHIK,559343765011,"8,050.36",,988084.21
07-03-2025,POS BHARAT PETROLEUM NASHIK,521620251476,"1,100.30",,986983.91
07-03-2025,NACH/MANDATE/LN843123792646/Manappuram Finance,687748043908,"17,500.00",,969483.91
08-03-2025,UPI/DR/015238189806/PhonePe/ICICI/phonepe@ybl/UPI,023533334435,"1,480.12",,968003.79
10-03-2025,UPI/CR/951198536500/Maya/BARB/maya.rao@upi/UPI,828212050213,,"4,350.06",972353.85
11-03-2025,UPI/DR/003463269925/MSEDCL/UPIN/msedclpayment@upi/UPI,821860196639,"2,300.71",,970053.14
11-03-2025,UPI/DR/073970759345/ICICI/LICI/licindia@licindia/UPI,554725780731,"3,800.00",,966253.14
11-03-2025,UPI/DR/217306286866/Ola/ICICI/olamoney@ola/UPI,312059377539,530.58,,965722.56
12-03-2025,UPI/DR/435202869119/BigBasket/ICICI/bigbasket@ybl/UPI,026440721010,"2,020.85",,963701.71
12-03-2025,UPI/DR/744688987054/Vi/PAYTM/airtel@axis/UPI,495256425554,769.00,,962932.71
14-03-2025,UPI/DR/801749549372/Zepto/ICICI/zepto@apl/UPI,041165899790,"1,970.58",,960962.13
14-03-2025,UPI/CR/787655037059/Anil/SBIN/anil.das@paytm/UPI,102586314165,,850.49,961812.62
15-03-2025,UPI/CR/143355560787/Siddharth/PUNB/siddharthnamb43@ybl/UPI,457498977638,,"18,650.74",980463.36
15-03-2025,UPI/DR/853705528163/Kavya/BARB/kavya149@paytm/UPI,989334152594,"14,900.78",,965562.58
15-03-2025,UPI/DR/060489292734/BSNL/ICICI/bsnlbroadband@upi/UPI,494943584730,140.27,,965422.31
17-03-2025,UPI/DR/116946246779/Flipkart/ICICI/flipkart@ybl/UPI,677375632393,590.29,,964832.02
17-03-2025,UPI/DR/269572953635/Ola/PAYTM/olamoney@ola/UPI,003781609903,220.96,,964611.06
17-03-2025,UPI/DR/240624412035/Vi/PAYTM/airtel@axis/UPI,592437699965,899.00,,963712.06
17-03-2025,UPI/DR/493905334715/Uber/PAYTM/uber@paytm/UPI,242024014485,320.79,,963391.27
17-03-2025,UPI/DR/651927886282/Ola/ICICI/olamoney@ola/UPI,864392858541,"2,210.83",,961180.44
19-03-2025,UPI/DR/180247197759/Amazon/ICICI/amazon@apl/UPI,210034383119,"2,420.78",,958759.66
19-03-2025,UPI/DR/154683758743/Ola/PAYTM/olamoney@ola/UPI,782120535309,750.09,,958009.57
19-03-2025,UPI/DR/421384598314/Amazon/PAYTM/amazon@apl/UPI,712234956996,"1,850.17",,956159.40
20-03-2025,"ATM WDL
ATM CASH 59825 ROHINI SECTOR 10 NASHIK",103040118409,"9,500.00",,946659.40
20-03-2025,UPI/DR/019978552290/Vi/PAYTM/airtel@axis/UPI,819203889573,989.00,,945670.40
21-03-2025,UPI/DR/591808416703/Amazon/PAYTM/amazon@apl/UPI,048902457313,"5,500.53",,940169.87
21-03-2025,UPI/DR/615396728734/PhonePe/ICICI/phonepe@ybl/UPI,364641110448,"1,040.64",,939129.23
21-03-2025,UPI/DR/074453502999/Meena/UTIB/meena419@upi/UPI,342282087292,"15,550.81",,923578.42
22-03-2025,UPI/DR/117153916461/Radha/PUNB/2643613517@ybl/UPI,589341492669,"21,000.32",,902578.10
22-03-2025,UPI/DR/059011716735/Ola/PAYTM/olamoney@ola/UPI,014709689557,800.91,,901777.19
24-03-2025,UPI/DR/294675810087/Jyoti/HDFC/jyotising78@ybl/UPI,735193172449,"18,950.15",,882827.04
24-03-2025,UPI/DR/116506213674/Gaurav/HDFC/gauravpand28@ptyes/UPI,187848576540,"13,300.42",,869526.62
25-03-2025,UPI/DR/043410311817/Mohit/BKID/mohitkuma23@okicici/UPI,455195578789,"1,850.91",,867675.71
25-03-2025,INTEREST CREDIT,227737627633,,"1,015.07",868690.78
25-03-2025,UPI/CR/707948295141/Anil/BDBL/anil.srivastava@ybl/UPI,205543421746,,"10,300.53",878991.31
26-03-2025,UPI/DR/524368511253/Indane/ICICI/indanegas@upi/UPI,295005556605,"2,350.66",,876640.65
26-03-2025,UPI/CR/150779809457/Sushma/HDFC/sushmabose12@okaxis/UPI,027919723747,,"7,700.25",884340.90
27-03-2025,UPI/DR/391277174051/Zepto/ICICI/zepto@apl/UPI,683038410004,"1,640.28",,882700.62
27-03-2025,"ATM WDL
ATM CASH 79928 ROHINI SECTOR 10 NASHIK",088959315533,"1,500.00",,881200.62
27-03-2025,UPI/DR/574101438490/Jio/ICICI/jio@paytm/UPI,394554959220,260.22,,880940.40
28-03-2025,CHG FOR NEFT/IMPS TRANSACTION,566361055772,540.00,,880400.40
28-03-2025,GST ON CHARGES,210850162007,97.20,,880303.20
31-03-2025,"ATM WDL
ATM CASH 81474 ROHINI SECTOR 10 NASHIK",869518944722,"7,500.00",,872803.20
02-04-2025,UPI/DR/300215010205/Amazon/PAYTM/amazon@apl/UPI,771644992645,"1,950.55",,870852.65
03-04-2025,UPI/CR/150168719686/Neha/HDFC/5135564822@kotak/UPI,578880948646,,"16,000.34",886852.99
03-04-2025,POS RELIANCE PETROLEUM NASHIK,233437701212,800.32,,886052.67
03-04-2025,UPI/DR/084111133539/Vi/PAYTM/airtel@axis/UPI,824579166489,409.00,,885643.67
03-04-2025,UPI/DR/944987181325/Vikram/HDFC/9149201957@oksbi/UPI,229015526726,"15,650.65",,869993.02
03-04-2025,UPI/DR/244136127639/Hathway/RAZORPAY/broadband@paytm/UPI,538266793042,749.00,,869244.02
04-04-2025,"ATM WDL
ATM CASH 12756 ROHINI SECTOR 10 NASHIK",649487189466,"7,000.00",,862244.02
04-04-2025,INB NEFT-S3827229401966/Hexaware Technologie/SALARY CR,983504630365,,"65,931.82",928175.84
04-04-2025,UPI/DR/981048595396/Amazon/ICICI/amazon@apl/UPI,462812284168,320.16,,927855.68
05-04-2025,UPI/DR/207464996632/Uber/PAYTM/uber@paytm/UPI,193963989402,590.05,,927265.63
06-04-2025,POS MORE SUPER MARKET NASHIK,374112060569,"2,650.48",,924615.15
06-04-2025,UPI/DR/538036373946/PhonePe/ICICI/phonepe@ybl/UPI,110796950818,820.15,,923795.00
06-04-2025,UPI/DR/017613079000/Jio/ICICI/jio@paytm/UPI,508054869970,"1,100.54",,922694.46
06-04-2025,POS BRAND FACTORY NASHIK,470843112176,"1,650.46",,921044.00
08-04-2025,NACH/MANDATE/RNT9721167/RENT MANDATE,274114246172,"9,500.00",,911544.00
08-04-2025,UPI/CR/012322430739/Geeta/BDBL/geeta.naik@okhdfcbank/UPI,048356194304,,"21,550.42",933094.42
08-04-2025,UPI/DR/824865798984/Ola/PAYTM/olamoney@ola/UPI,348964027513,470.75,,932623.67
08-04-2025,UPI/DR/168871427657/Vi/PAYTM/airtel@axis/UPI,551593975656,499.00,,932124.67
08-04-2025,UPI/DR/544676377862/Dunzo/ICICI/dunzo@razorpay/UPI,161673418920,"2,380.36",,929744.31
08-04-2025,NACH/MANDATE/LN843123792646/Manappuram Finance,401294859558,"17,500.00",,912244.31
08-04-2025,UPI/DR/424142225142/Gaurav/BARB/0307417418@kotak/UPI,518435070565,"13,000.99",,899243.32
08-04-2025,UPI/DR/042409046234/Babita/BKID/5382143901@kotak/UPI,799401660823,"8,650.84",,890592.48
09-04-2025,UPI/CR/573879621869/Ravi/PUNB/ravibaja26@ptyes/UPI,984506159058,,"4,350.10",894942.58
10-04-2025,UPI/DR/136122107438/Uber/PAYTM/uber@paytm/UPI,003002030039,600.31,,894342.27
10-04-2025,UPI/DR/181326377804/Vi/PAYTM/airtel@axis/UPI,929751068774,639.00,,893703.27
10-04-2025,POS STAR BAZAAR NASHIK,707250798409,"1,750.14",,891953.13
10-04-2025,INB NEFT-N3329980248336/Hero MotoCorp Ltd/UTIB/CR,136897793186,,"8,500.60",900453.73
10-04-2025,UPI/DR/811431917311/Lalit/SBIN/lalitshar78@oksbi/UPI,643383437449,"13,850.18",,886603.55
12-04-2025,POS MAX FASHION NASHIK,089736259974,"7,800.19",,878803.36
12-04-2025,UPI/DR/068856028822/Nykaa/ICICI/nykaa@razorpay/UPI,700364595863,699.00,,878104.36
13-04-2025,UPI/DR/149795033096/Blinkit/ICICI/blinkit@kotak/UPI,501080224545,130.16,,877974.20
15-04-2025,"ATM WDL
ATM CASH 92704 ROHINI SECTOR 10 NASHIK",212680739513,"8,500.00",,869474.20
15-04-2025,UPI/DR/586360151832/Flipkart/ICICI/flipkart@ybl/UPI,069580966820,"1,160.56",,868313.64
16-04-2025,UPI/DR/291380016945/Paytm/ICICI/paytm@paytm/UPI,379169862116,"1,030.89",,867282.75
16-04-2025,POS PANTALOONS NASHIK,449833523158,"3,150.98",,864131.77
18-04-2025,UPI/DR/526012345116/BigBasket/ICICI/bigbasket@ybl/UPI,534649688274,340.95,,863790.82
18-04-2025,UPI/DR/695978967085/MSEDCL/UPIN/msedclpayment@upi/UPI,586930138358,"1,150.82",,862640.00
19-04-2025,UPI/DR/232268751712/Uber/ICICI/uber@paytm/UPI,946289256391,"2,740.69",,859899.31
19-04-2025,POS BHARAT PETROLEUM NASHIK,430179286868,"3,250.76",,856648.55
19-04-2025,UPI/CR/018241063069/Yogesh/UCBA/yogesh294@ptsbi/UPI,665706707707,,"20,350.88",876999.43
19-04-2025,"ATM WDL
ATM CASH 13527 ROHINI SECTOR 10 NASHIK",884418343011,"2,000.00",,874999.43
19-04-2025,UPI/CR/008149610440/Anil/PUNB/anilmeht86@okicici/UPI,861546701406,,"11,750.02",886749.45
20-04-2025,UPI/DR/525722032753/Flipkart/ICICI/flipkart@ybl/UPI,252362757216,"2,350.66",,884398.79
20-04-2025,UPI/DR/997528906902/Girish/FDRL/girishdas29@axl/UPI,310307584386,"8,750.14",,875648.65
20-04-2025,UPI/DR/068645191125/Kamal/PUNB/5251495258@ptaxis/UPI,972829481317,"14,550.30",,861098.35
21-04-2025,UPI/CR/534278207420/Babita/BKID/4973335150@okaxis/UPI,594373617317,,"6,700.97",867799.32
22-04-2025,UPI/DR/867146940129/Archana/SBIN/archana.kumar@okhdfcbank/UPI,390880433751,"19,600.54",,848198.78
24-04-2025,"ATM WDL
ATM CASH 37592 ROHINI SECTOR 10 NASHIK",582313490053,"6,500.00",,841698.78
25-04-2025,UPI/CR/815964086081/Vikas/BARB/vikas.singh@oksbi/UPI,940197586027,,"4,800.51",846499.29
25-04-2025,UPI/DR/222087507384/Indane/ICICI/indanegas@upi/UPI,411064106692,"1,850.88",,844648.41
25-04-2025,UPI/DR/121669859685/Vi/PAYTM/airtel@axis/UPI,455896016961,249.00,,844399.41
26-04-2025,UPI/DR/964884038329/Blinkit/ICICI/blinkit@kotak/UPI,806922552686,"2,720.22",,841679.19
26-04-2025,UPI/CR/861116608913/Sunita/BDBL/sunitadutt75@ibl/UPI,702323935819,,"18,450.86",860130.05
26-04-2025,UPI/CR/871826452151/Sushma/BDBL/sushma.reddy@ptyes/UPI,716413261183,,"13,650.30",873780.35
26-04-2025,UPI/CR/049463857094/Shweta/HDFC/shweta318@ptsbi/UPI,271720539537,,"12,450.20",886230.55
27-04-2025,POS INDIAN OIL NASHIK,412916671827,"1,650.35",,884580.20
27-04-2025,UPI/CR/893174238041/Sonia/FDRL/soniapand22@ptaxis/UPI,095356471710,,"7,032.97",891613.17
28-04-2025,UPI/DR/081273644342/Vi/PAYTM/airtel@axis/UPI,073982060695,439.00,,891174.17
29-04-2025,UPI/DR/740253038983/Rapido/PAYTM/rapido@icici/UPI,618394973018,520.66,,890653.51
29-04-2025,UPI/DR/848364359003/Anjali/UTIB/anjali532@apl/UPI,223014595463,"2,600.82",,888052.69
30-04-2025,POS HP PETROL PUMP NASHIK,108800388401,800.82,,887251.87
30-04-2025,UPI/CR/137447173005/Mahesh/KKBK/5272125099@pthdfc/UPI,697790894715,,"21,200.06",908451.93
01-05-2025,UPI/DR/347803588733/BigBasket/ICICI/bigbasket@ybl/UPI,512339365066,"1,290.13",,907161.80
01-05-2025,UPI/DR/890341459886/Uber/ICICI/uber@paytm/UPI,200038501883,"1,690.59",,905471.21
01-05-2025,INB IMPS/538180390648/Krishna Gupta/PUNB,564428196743,"27,300.05",,878171.16
01-05-2025,INB NEFT-S5652552517854/Hexaware Technologie/SALARY CR,027930129741,,"64,125.82",942296.98
01-05-2025,UPI/DR/677892042528/Uber/PAYTM/uber@paytm/UPI,466679225312,700.19,,941596.79
02-05-2025,UPI/DR/783503047318/Mina/BKID/mina.das@upi/UPI,470877705842,"5,000.10",,936596.69
02-05-2025,UPI/DR/597681663744/Ola/ICICI/olamoney@ola/UPI,879140093247,"2,280.83",,934315.86
03-05-2025,UPI/DR/085208766637/Uber/ICICI/uber@paytm/UPI,219770956904,"1,230.75",,933085.11
03-05-2025,POS SHELL FUEL STATION NASHIK,329184039335,"4,450.08",,928635.03
04-05-2025,UPI/DR/303088947432/Ola/ICICI/olamoney@ola/UPI,734601559289,520.89,,928114.14
04-05-2025,NACH/MANDATE/LN843123792646/Manappuram Finance,447698048756,"17,500.00",,910614.14
05-05-2025,UPI/DR/355219449731/Ola/PAYTM/olamoney@ola/UPI,024283615902,500.40,,910113.74
05-05-2025,UPI/DR/076952477706/Myntra/PAYTM/myntra@ybl/UPI,277386051401,"2,300.52",,907813.22
05-05-2025,NACH/MANDATE/RNT7205988/RENT MANDATE,667173821300,"9,500.00",,898313.22
06-05-2025,UPI/DR/036879162299/Swiggy/ICICI/swiggy@icici/UPI,652026723428,"1,700.15",,896613.07
06-05-2025,UPI/DR/495294458533/Radha/SBIN/radhabane68@ptsbi/UPI,382116249810,"3,700.59",,892912.48
06-05-2025,UPI/DR/392046184258/Meena/HDFC/9070499381@ptaxis/UPI,541831160789,"6,100.02",,886812.46
06-05-2025,UPI/DR/971176189143/Swiggy/ICICI/swiggy@icici/UPI,519607634079,"1,220.87",,885591.59
07-05-2025,UPI/DR/404958799737/Zomato/ICICI/zomato@axisbank/UPI,626002426844,"1,460.20",,884131.39
08-05-2025,UPI/CR/610936593282/Sangita/UTIB/sangitakulk29@axl/UPI,275408534645,,"3,950.15",888081.54
09-05-2025,UPI/DR/617430267097/Swiggy/ICICI/swiggy@icici/UPI,473935187620,"2,000.77",,886080.77
10-05-2025,POS MORE SUPER MARKET NASHIK,248842360862,"1,800.15",,884280.62
11-05-2025,UPI/DR/180783170255/Zomato/ICICI/zomato@axisbank/UPI,583303793146,830.19,,883450.43
11-05-2025,UPI/CR/406690991889/Swati/UTIB/swati589@oksbi/UPI,779557326899,,"13,850.79",897301.22
13-05-2025,POS LIFESTYLE STORES NASHIK,676144940237,"4,600.26",,892700.96
14-05-2025,UPI/DR/183500172691/Priya/UCBA/priyadesa75@okicici/UPI,467783665412,"2,972.20",,889728.76
14-05-2025,UPI/DR/364358008922/Swiggy/ICICI/swiggy@icici/UPI,731946346526,680.15,,889048.61
14-05-2025,POS LIFESTYLE STORES NASHIK,796474834270,"3,250.37",,885798.24
14-05-2025,UPI/DR/703042558644/Dunzo/ICICI/dunzo@razorpay/UPI,071921838233,"1,400.95",,884397.29
14-05-2025,UPI/DR/085610919461/Vi/PAYTM/airtel@axis/UPI,600634393765,749.00,,883648.29
15-05-2025,UPI/DR/111195337318/Hathway/RAZORPAY/broadband@paytm/UPI,990364153753,549.00,,883099.29
16-05-2025,UPI/DR/144912794990/Hotstar/ICICI/hotstar@hdfcbank/UPI,340369915514,449.00,,882650.29
17-05-2025,UPI/DR/986446418347/Akash/BARB/akash.rao@ibl/UPI,453809793995,"19,900.69",,862749.60
18-05-2025,UPI/DR/376214181571/Paytm/ICICI/paytm@paytm/UPI,688517256903,630.58,,862119.02
20-05-2025,UPI/DR/412924941355/MSEDCL/UPIN/msedclpayment@upi/UPI,259833006888,"3,100.96",,859018.06
20-05-2025,UPI/DR/026979076315/Swati/HDFC/swati.banerjee@ibl/UPI,115002880326,"11,100.02",,847918.04
21-05-2025,POS BRAND FACTORY NASHIK,283162127121,"5,150.30",,842767.74
21-05-2025,POS HP PETROL PUMP NASHIK,640829364625,"1,000.63",,841767.11
21-05-2025,UPI/CR/503121607434/Varsha/BKID/varsha.tiwari@ptsbi/UPI,026956571470,,"8,700.33",850467.44
21-05-2025,"ATM WDL
ATM CASH 15390 ROHINI SECTOR 10 NASHIK",505207596268,"2,500.00",,847967.44
21-05-2025,UPI/DR/277644251576/BSNL/ICICI/bsnlbroadband@upi/UPI,407331350670,"1,780.45",,846186.99
22-05-2025,UPI/DR/491280275891/Zepto/ICICI/zepto@apl/UPI,966357475409,"2,120.28",,844066.71
22-05-2025,UPI/DR/964215299237/Rapido/PAYTM/rapido@icici/UPI,609905373290,650.73,,843415.98
23-05-2025,UPI/DR/700134247447/Meesho/PAYTM/meesho@ybl/UPI,573923664775,"1,600.36",,841815.62
23-05-2025,UPI/DR/806197044205/Indane/ICICI/indanegas@upi/UPI,326508689274,"1,650.84",,840164.78
23-05-2025,UPI/DR/544232630096/Vikas/BDBL/vikas.tiwari@okicici/UPI,829396751660,"1,726.37",,838438.41
24-05-2025,UPI/DR/495730386457/Isha/BKID/isha755@okhdfcbank/UPI,184886890938,"12,800.64",,825637.77
25-05-2025,UPI/DR/492242230229/Blinkit/ICICI/blinkit@kotak/UPI,116647937812,210.32,,825427.45
25-05-2025,UPI/DR/518510813915/Vi/PAYTM/airtel@axis/UPI,128127536322,899.00,,824528.45
25-05-2025,UPI/DR/944333507464/Amazon/ICICI/amazon@apl/UPI,912640323086,890.16,,823638.29
25-05-2025,UPI/DR/477320899737/Jio/ICICI/jio@paytm/UPI,953505306116,"2,680.31",,820957.98
25-05-2025,UPI/DR/239515843222/Swiggy/ICICI/swiggy@icici/UPI,552365959001,"1,690.87",,819267.11
26-05-2025,"ATM WDL
ATM CASH 90307 ROHINI SECTOR 10 NASHIK",444997835209,"2,500.00",,816767.11
28-05-2025,CHG FOR NEFT/IMPS TRANSACTION,828365983314,410.00,,816357.11
28-05-2025,GST ON CHARGES,291685360220,73.80,,816283.31
29-05-2025,POS V MART NASHIK,487004107618,"4,900.90",,811382.41
29-05-2025,UPI/DR/518050910382/Uber/PAYTM/uber@paytm/UPI,796691945685,410.11,,810972.30
29-05-2025,UPI/DR/002019971518/Nykaa/PAYTM/nykaa@razorpay/UPI,362270376795,"3,150.01",,807822.29
30-05-2025,UPI/DR/274676779329/Uber/ICICI/uber@paytm/UPI,462686628401,870.23,,806952.06
31-05-2025,UPI/DR/110894755229/Sangita/BARB/sangitaverm49@apl/UPI,826668125734,"3,750.71",,803201.35
31-05-2025,POS MAX FASHION NASHIK,922259659754,"7,150.93",,796050.42
01-06-2025,POS RELIANCE MART NASHIK,655593408087,"6,250.39",,789800.03
01-06-2025,UPI/DR/691476148364/Ola/PAYTM/olamoney@ola/UPI,637320427130,560.95,,789239.08
01-06-2025,UPI/DR/184175114157/Ola/PAYTM/olamoney@ola/UPI,566580797663,520.02,,788719.06
01-06-2025,UPI/DR/019658843507/Deepa/BDBL/deepa560@ibl/UPI,334559631442,"17,050.45",,771668.61
02-06-2025,POS RELIANCE MART NASHIK,620225145183,"1,900.84",,769767.77
02-06-2025,UPI/CR/239144625536/Neha/BKID/neha.mukherjee@apl/UPI,549816365314,,"7,900.57",777668.34
02-06-2025,UPI/DR/728341960502/Vi/PAYTM/airtel@axis/UPI,692923809218,349.00,,777319.34
03-06-2025,UPI/CR/761686301972/Meena/BDBL/meena.chaudhary@okaxis/UPI,413228070496,,"7,200.99",784520.33
04-06-2025,INB NEFT-S2983871373378/Hexaware Technologie/SALARY CR,141200249232,,"67,472.82",851993.15
04-06-2025,UPI/DR/057855378093/Hotstar/ICICI/hotstar@hdfcbank/UPI,883076431160,449.00,,851544.15
04-06-2025,"ATM WDL
ATM CASH 02618 ROHINI SECTOR 10 NASHIK",162111572269,"6,500.00",,845044.15
06-06-2025,UPI/DR/302878632772/BSNL/ICICI/bsnlbroadband@upi/UPI,983430949636,"1,810.53",,843233.62
06-06-2025,UPI/DR/900166909188/BSNL/ICICI/bsnlbroadband@upi/UPI,838416972975,960.01,,842273.61
07-06-2025,NACH/MANDATE/LN843123792646/Manappuram Finance,408200116838,"17,500.00",,824773.61
07-06-2025,POS BHARAT PETROLEUM NASHIK,500643369395,"1,350.39",,823423.22
07-06-2025,UPI/DR/793849887006/Uber/ICICI/uber@paytm/UPI,560690343437,"2,110.40",,821312.82
08-06-2025,UPI/DR/605784327101/Vi/PAYTM/airtel@axis/UPI,012909670293,999.00,,820313.82
08-06-2025,UPI/DR/863259535713/Amit/BKID/amit645@ibl/UPI,911278967322,"9,250.02",,811063.80
08-06-2025,UPI/DR/841995246828/Maya/BARB/7727341520@kotak/UPI,678501138150,"1,950.42",,809113.38
09-06-2025,NACH/MANDATE/RNT9543175/RENT MANDATE,818082101437,"9,500.00",,799613.38
09-06-2025,UPI/CR/033179697468/Rajan/BDBL/rajan.joshi@ptsbi/UPI,003146288794,,"19,350.53",818963.91
09-06-2025,UPI/CR/790681962062/Mahesh/BDBL/5034517110@okicici/UPI,667272064983,,"11,650.99",830614.90
09-06-2025,"ATM WDL
ATM CASH 75820 ROHINI SECTOR 10 NASHIK",417512694771,"5,000.00",,825614.90
10-06-2025,POS STAR BAZAAR NASHIK,230984132994,"2,850.15",,822764.75
11-06-2025,UPI/DR/163447603900/Ashish/HDFC/ashishredd57@ptyes/UPI,482840312047,"10,400.06",,812364.69
11-06-2025,UPI/DR/057178479819/ICICI/LICI/licindia@licindia/UPI,017030154361,"3,800.00",,808564.69
13-06-2025,UPI/CR/148706198328/Dinesh/BKID/dineshkapo41@okhdfcbank/UPI,177408724975,,"6,250.61",814815.30
13-06-2025,UPI/DR/620584494756/Indane/ICICI/indanegas@upi/UPI,499558455797,950.07,,813865.23
14-06-2025,POS HP PETROL PUMP NASHIK,224113395702,"3,950.15",,809915.08
14-06-2025,UPI/DR/050597752469/Babita/BARB/babitabose58@ybl/UPI,613469416188,"3,300.41",,806614.67
14-06-2025,UPI/DR/391121459741/Ola/ICICI/olamoney@ola/UPI,545617833700,610.59,,806004.08
15-06-2025,UPI/CR/511480690701/Archana/PUNB/archana864@axl/UPI,119060602409,,"1,250.90",807254.98
16-06-2025,UPI/DR/590889666102/Hathway/RAZORPAY/broadband@paytm/UPI,417552564230,849.00,,806405.98
17-06-2025,UPI/DR/114218589488/Dunzo/ICICI/dunzo@razorpay/UPI,931038612262,"2,540.18",,803865.80
17-06-2025,POS BHARAT PETROLEUM NASHIK,094742264058,"2,850.72",,801015.08
18-06-2025,UPI/DR/534876217452/Zomato/ICICI/zomato@axisbank/UPI,256940536109,"2,150.21",,798864.87
18-06-2025,UPI/DR/173762259461/Ola/ICICI/olamoney@ola/UPI,038356346567,270.91,,798593.96
19-06-2025,UPI/DR/859916662025/MSEDCL/UPIN/msedclpayment@upi/UPI,125334239122,"3,500.17",,795093.79
20-06-2025,UPI/DR/981863971029/Zepto/ICICI/zepto@apl/UPI,199419164405,"2,390.48",,792703.31
20-06-2025,UPI/DR/627020571973/Mina/KKBK/minadas24@kotak/UPI,523934238067,"5,250.09",,787453.22
20-06-2025,UPI/DR/289194368656/Vi/PAYTM/airtel@axis/UPI,810000578361,329.00,,787124.22
20-06-2025,UPI/CR/000233818506/Sarita/FDRL/6397129916@upi/UPI,763893247577,,"20,700.15",807824.37
21-06-2025,UPI/DR/527043645355/Ola/PAYTM/olamoney@ola/UPI,788454275744,530.48,,807293.89
22-06-2025,UPI/DR/295122825518/PhonePe/ICICI/phonepe@ybl/UPI,767921432804,"1,260.18",,806033.71
22-06-2025,UPI/DR/175674088868/Vi/PAYTM/airtel@axis/UPI,134173963338,849.00,,805184.71
23-06-2025,UPI/CR/025087348500/Mina/BARB/6603416355@upi/UPI,027985568271,,"5,226.21",810410.92
24-06-2025,UPI/DR/949317838397/Meesho/PAYTM/meesho@ybl/UPI,602263119432,"5,050.86",,805360.06
25-06-2025,INB NEFT-N9915315986444/Mahindra Logistics L/UCBA/CR,042499633161,,"15,500.80",820860.86
25-06-2025,UPI/CR/085279189181/Lalit/PUNB/lalitmeht19@okaxis/UPI,563790310009,,"15,600.57",836461.43
25-06-2025,UPI/DR/405680224215/Rapido/PAYTM/rapido@icici/UPI,632189197874,690.91,,835770.52
25-06-2025,UPI/DR/707365427608/Manoj/BKID/6810374815@okicici/UPI,721171027685,"7,700.59",,828069.93
26-06-2025,POS SHELL FUEL STATION NASHIK,407851454792,"1,050.01",,827019.92
26-06-2025,UPI/CR/065367092937/Radha/BKID/radha863@ptaxis/UPI,697241975691,,"16,050.64",843070.56
26-06-2025,UPI/CR/321361787637/Kapil/UTIB/kapil.chopra@apl/UPI,198106900289,,"18,900.39",861970.95
27-06-2025,UPI/DR/515855685069/Blinkit/ICICI/blinkit@kotak/UPI,868350344300,"2,340.18",,859630.77
27-06-2025,UPI/DR/217411214919/Uber/ICICI/uber@paytm/UPI,203801833535,190.74,,859440.03
27-06-2025,UPI/CR/902236901375/Brijesh/HDFC/0843891188@ybl/UPI,919170415154,,"17,300.81",876740.84
27-06-2025,UPI/DR/876818523260/Meesho/PAYTM/meesho@ybl/UPI,253337098773,"4,800.81",,871940.03
28-06-2025,INTEREST CREDIT,079015681976,,805.50,872745.53
28-06-2025,UPI/DR/078791741844/BSNL/ICICI/bsnlbroadband@upi/UPI,027060529549,"1,410.11",,871335.42
28-06-2025,UPI/DR/344190047017/Amazon/ICICI/amazon@apl/UPI,829508764923,"1,790.81",,869544.61
28-06-2025,INB IMPS/644930192681/Divya Singh/BKID,383948095423,"27,700.69",,841843.92
29-06-2025,UPI/DR/140639986133/Vi/PAYTM/airtel@axis/UPI,514279644837,239.00,,841604.92
29-06-2025,"ATM WDL
ATM CASH 26438 ROHINI SECTOR 10 NASHIK",696646416028,"5,000.00",,836604.92
29-06-2025,UPI/DR/319830544247/Sonia/KKBK/sonia855@upi/UPI,921703289397,"7,200.88",,829404.04
29-06-2025,UPI/DR/461332959149/Dinesh/FDRL/dinesh.mehta@aubank/UPI,417830005215,"12,300.94",,817103.10
30-06-2025,UPI/CR/280707389004/Geeta/BARB/6279849602@okicici/UPI,966716733075,,"6,700.42",823803.52
30-06-2025,UPI/DR/723030737358/Swiggy/ICICI/swiggy@icici/UPI,711048735355,"2,400.90",,821402.62
30-06-2025,UPI/DR/857770747905/Poonam/UTIB/poonam812@paytm/UPI,783286087469,"17,000.66",,804401.96
30-06-2025,"ATM WDL
ATM CASH 69617 ROHINI SECTOR 10 NASHIK",657213651785,"5,000.00",,799401.96
30-06-2025,"ATM WDL
ATM CASH 70550 ROHINI SECTOR 10 NASHIK",116109584371,"10,000.00",,789401.96
01-07-2025,UPI/DR/100627417954/Siddharth/UTIB/siddharth.dutta@kotak/UPI,320662029690,"10,000.24",,779401.72
03-07-2025,UPI/DR/965799245839/Jio/ICICI/jio@paytm/UPI,805559499721,680.68,,778721.04
04-07-2025,INB NEFT-S6025508986148/Hexaware Technologie/SALARY CR,074701332239,,"67,037.82",845758.86
04-07-2025,POS INDIAN OIL NASHIK,175332836440,"3,850.51",,841908.35
05-07-2025,"ATM WDL
ATM CASH 60473 ROHINI SECTOR 10 NASHIK",865443004384,"5,500.00",,836408.35
06-07-2025,UPI/DR/022185747804/BSNL/ICICI/bsnlbroadband@upi/UPI,917336919047,"2,750.81",,833657.54
07-07-2025,UPI/DR/263365961323/Vi/PAYTM/airtel@axis/UPI,699238940167,239.00,,833418.54
08-07-2025,UPI/DR/361335165136/Ola/PAYTM/olamoney@ola/UPI,674469339565,340.66,,833077.88
08-07-2025,NACH/MANDATE/RNT6787614/RENT MANDATE,587978676535,"9,500.00",,823577.88
08-07-2025,UPI/DR/084997505870/Meesho/PAYTM/meesho@ybl/UPI,754606658370,"2,850.48",,820727.40
08-07-2025,UPI/DR/813456408615/Ola/ICICI/olamoney@ola/UPI,688065220423,"2,220.40",,818507.00
08-07-2025,UPI/DR/768069681688/PhonePe/ICICI/phonepe@ybl/UPI,122248253631,"1,950.25",,816556.75
09-07-2025,UPI/DR/483033613988/Uber/PAYTM/uber@paytm/UPI,600449130483,460.56,,816096.19
09-07-2025,POS RELIANCE PETROLEUM NASHIK,126595356728,"2,450.35",,813645.84
09-07-2025,UPI/DR/110847300671/Zomato/ICICI/zomato@axisbank/UPI,715867784339,"1,370.50",,812275.34
10-07-2025,UPI/DR/488282508597/Rajesh/BDBL/rajeshbaja95@ybl/UPI,592918855051,"9,006.81",,803268.53
10-07-2025,UPI/CR/248803788469/Mohan/KKBK/7720972396@pthdfc/UPI,740858249261,,"7,100.18",810368.71
10-07-2025,NACH/MANDATE/LN843123792646/Manappuram Finance,777957270178,"17,500.00",,792868.71
10-07-2025,"ATM WDL
ATM CASH 63186 ROHINI SECTOR 10 NASHIK",886192923189,"10,000.00",,782868.71
10-07-2025,UPI/DR/099029433753/Dunzo/ICICI/dunzo@razorpay/UPI,634585186383,"2,400.61",,780468.10
10-07-2025,UPI/DR/027926758343/Amazon/ICICI/amazon@apl/UPI,685763655919,"1,040.56",,779427.54
11-07-2025,UPI/DR/114563835726/Preeti/BKID/preeti.desai@ptyes/UPI,535495782609,"5,653.14",,773774.40
11-07-2025,UPI/DR/203379534731/Rapido/PAYTM/rapido@icici/UPI,301550255269,140.65,,773633.75
11-07-2025,POS PANTALOONS NASHIK,706857070181,"6,850.30",,766783.45
12-07-2025,POS BIG BAZAAR NASHIK,735821575571,"6,300.08",,760483.37
13-07-2025,UPI/CR/926026719152/Rajan/BKID/rajan322@paytm/UPI,227909641350,,"8,894.02",769377.39
14-07-2025,UPI/DR/710179777275/Manish/PUNB/9785702836@okhdfcbank/UPI,829314093941,"11,250.49",,758126.90
15-07-2025,UPI/DR/987594333067/Pooja/BARB/poojakulk13@aubank/UPI,829399452932,"3,133.60",,754993.30
15-07-2025,UPI/DR/750904425705/Uber/PAYTM/uber@paytm/UPI,657188630874,700.44,,754292.86
15-07-2025,UPI/DR/848425486824/Vi/PAYTM/airtel@axis/UPI,149190873484,379.00,,753913.86
16-07-2025,UPI/CR/160089626720/Lata/KKBK/lata.sen@okhdfcbank/UPI,102497621785,,"19,650.61",773564.47
16-07-2025,UPI/DR/368032836468/Zomato/ICICI/zomato@axisbank/UPI,835374505270,"1,090.50",,772473.97
17-07-2025,UPI/DR/875471854629/Ola/ICICI/olamoney@ola/UPI,998841098510,"1,590.53",,770883.44
17-07-2025,UPI/DR/242900102462/Vi/PAYTM/airtel@axis/UPI,211705225445,789.00,,770094.44
17-07-2025,UPI/DR/095840189971/MSEDCL/UPIN/msedclpayment@upi/UPI,551750816314,"1,950.40",,768144.04
18-07-2025,UPI/DR/697474150469/Rapido/PAYTM/rapido@icici/UPI,867788902261,760.48,,767383.56
18-07-2025,UPI/DR/398003118937/Nykaa/PAYTM/nykaa@razorpay/UPI,871919110883,"5,400.28",,761983.28
19-07-2025,UPI/DR/510982850447/Pankaj/KKBK/1291965520@okhdfcbank/UPI,651821073900,"6,900.71",,755082.57
20-07-2025,UPI/DR/039266044802/Varun/BKID/1440948868@ybl/UPI,953392955717,"13,900.74",,741181.83
20-07-2025,UPI/DR/514466321172/Zepto/ICICI/zepto@apl/UPI,962610933852,"1,490.90",,739690.93
20-07-2025,UPI/DR/450342855685/PhonePe/ICICI/phonepe@ybl/UPI,458006913231,"1,870.59",,737820.34
20-07-2025,"ATM WDL
ATM CASH 79016 ROHINI SECTOR 10 NASHIK",126956733552,"6,500.00",,731320.34
20-07-2025,POS HP PETROL PUMP NASHIK,359799603459,"3,350.74",,727969.60
21-07-2025,POS PANTALOONS NASHIK,757151032110,"5,650.44",,722319.16
21-07-2025,UPI/DR/561237143743/Vi/PAYTM/airtel@axis/UPI,110420540072,209.00,,722110.16
21-07-2025,UPI/CR/346242679892/Arun/UCBA/arun381@okicici/UPI,079422171940,,"1,650.23",723760.39
21-07-2025,UPI/DR/578965380008/Hathway/RAZORPAY/broadband@paytm/UPI,860388915946,"1,299.00",,722461.39
22-07-2025,UPI/DR/230931668719/Amazon/PAYTM/amazon@apl/UPI,556280560277,"4,950.66",,717510.73
22-07-2025,UPI/CR/380448697372/Mina/PUNB/mina.ahuja@okaxis/UPI,590018151393,,"6,350.56",723861.29
22-07-2025,UPI/DR/680970892377/BigBasket/ICICI/bigbasket@ybl/UPI,399672961844,"2,370.41",,721490.88
23-07-2025,UPI/DR/789176477570/Kavita/UTIB/4580006170@pthdfc/UPI,129068394573,"20,200.81",,701290.07
23-07-2025,UPI/DR/726579014054/Practo/ICICI/practo@paytm/UPI,906712422087,749.00,,700541.07
23-07-2025,UPI/CR/688022174883/Mohan/UTIB/mohan.sethi@aubank/UPI,485854749882,,700.18,701241.25
24-07-2025,UPI/DR/290676123455/Indane/ICICI/indanegas@upi/UPI,688159581066,"1,050.41",,700190.84
24-07-2025,POS RELIANCE PETROLEUM NASHIK,764618727399,"2,550.94",,697639.90
24-07-2025,POS PANTALOONS NASHIK,565002281376,"2,350.73",,695289.17
25-07-2025,UPI/DR/368780722848/Vandana/FDRL/vandanashah91@pthdfc/UPI,685691630737,"7,700.37",,687588.80
26-07-2025,UPI/CR/831151657295/Lalit/HDFC/lalityada11@ptyes/UPI,142837941264,,"7,000.03",694588.83
27-07-2025,UPI/DR/915470776885/Uber/PAYTM/uber@paytm/UPI,862102340354,410.55,,694178.28
27-07-2025,UPI/DR/087487761449/Ola/ICICI/olamoney@ola/UPI,727824661573,"2,240.71",,691937.57
28-07-2025,UPI/DR/479389404843/Krishna/PUNB/krishnashar69@ptaxis/UPI,028948830559,700.06,,691237.51
28-07-2025,"ATM WDL
ATM CASH 13276 ROHINI SECTOR 10 NASHIK",669569660338,"7,000.00",,684237.51
28-07-2025,UPI/DR/168763707649/Vi/PAYTM/airtel@axis/UPI,975006081446,289.00,,683948.51
29-07-2025,UPI/CR/013997232426/Varsha/KKBK/varsha.patil@okaxis/UPI,639040427796,,"11,150.01",695098.52
31-07-2025,"ATM WDL
ATM CASH 72439 ROHINI SECTOR 10 NASHIK",680890694330,"1,000.00",,694098.52
31-07-2025,"ATM WDL
ATM CASH 16117 ROHINI SECTOR 10 NASHIK",200845637066,"2,000.00",,692098.52
02-08-2025,INB NEFT-S2948540819089/Hexaware Technologie/SALARY CR,403981982679,,"64,865.82",756964.34
03-08-2025,POS RELIANCE PETROLEUM NASHIK,879928941332,"3,250.94",,753713.40
03-08-2025,POS V MART NASHIK,937656404403,"2,500.12",,751213.28
04-08-2025,UPI/DR/827858006718/BSNL/ICICI/bsnlbroadband@upi/UPI,179201376585,290.17,,750923.11
04-08-2025,NACH/MANDATE/LN843123792646/Manappuram Finance,962583076177,"17,500.00",,733423.11
05-08-2025,UPI/DR/952022050186/Hathway/RAZORPAY/broadband@paytm/UPI,484332999223,749.00,,732674.11
06-08-2025,INB IMPS/208999060095/Shreya Shukla/FDRL,813288722018,"40,500.35",,692173.76
06-08-2025,NACH/MANDATE/RNT0457980/RENT MANDATE,500205629040,"9,500.00",,682673.76
06-08-2025,UPI/DR/233870386396/Amazon/ICICI/amazon@apl/UPI,411383281560,780.21,,681893.55
06-08-2025,UPI/DR/176562440945/Sushma/KKBK/sushma213@aubank/UPI,029751071667,"10,050.04",,671843.51
07-08-2025,POS HP PETROL PUMP NASHIK,708996251268,"2,400.93",,669442.58
07-08-2025,UPI/CR/128668339713/Neha/BKID/5216597833@okhdfcbank/UPI,245150225510,,"5,800.42",675243.00
07-08-2025,UPI/CR/934191112051/Mahesh/BARB/mahesh.singh@ptsbi/UPI,893576237764,,"15,750.63",690993.63
07-08-2025,UPI/DR/108701547071/MakeMyTrip/ICICI/makemytrip@axisbank/UPI,627879453716,149.00,,690844.63
09-08-2025,UPI/DR/514513013210/Krishna/UCBA/krishnameno44@ptsbi/UPI,119891584640,"10,950.89",,679893.74
09-08-2025,POS D MART NASHIK,210112696778,"7,250.05",,672643.69
09-08-2025,POS PANTALOONS NASHIK,920584228375,"3,450.22",,669193.47
09-08-2025,POS SHELL FUEL STATION NASHIK,587339179529,"2,050.08",,667143.39
09-08-2025,UPI/DR/617261944584/Flipkart/PAYTM/flipkart@ybl/UPI,156294197859,"5,350.86",,661792.53
09-08-2025,UPI/DR/496365657311/Zomato/ICICI/zomato@axisbank/UPI,430115458420,"1,170.47",,660622.06
10-08-2025,UPI/DR/905268994070/Vi/PAYTM/airtel@axis/UPI,171719897975,589.00,,660033.06
12-08-2025,UPI/DR/320329501569/Rani/PUNB/rani.gupta@pthdfc/UPI,523673727984,"1,200.93",,658832.13
12-08-2025,UPI/CR/700880296855/Pooja/FDRL/4223146536@axl/UPI,379707153390,,"11,800.54",670632.67
12-08-2025,UPI/DR/026060925851/Uber/PAYTM/uber@paytm/UPI,904051182799,400.57,,670232.10
13-08-2025,UPI/CR/223511051417/Rahul/KKBK/rahul.banerjee@ptyes/UPI,917233263877,,"13,500.81",683732.91
15-08-2025,"ATM WDL
ATM CASH 86267 ROHINI SECTOR 10 NASHIK",978201558530,"4,500.00",,679232.91
17-08-2025,UPI/CR/004759083369/Kavita/UCBA/kavitakulk73@apl/UPI,101229712249,,"15,800.58",695033.49
17-08-2025,UPI/DR/142238085389/BSNL/ICICI/bsnlbroadband@upi/UPI,011883971655,"1,990.45",,693043.04
17-08-2025,UPI/DR/663956249269/Blinkit/ICICI/blinkit@kotak/UPI,068422236576,750.44,,692292.60
18-08-2025,UPI/DR/761655124439/Vi/PAYTM/airtel@axis/UPI,792729667709,879.00,,691413.60
18-08-2025,POS BIG BAZAAR NASHIK,789733128021,"2,700.54",,688713.06
18-08-2025,UPI/DR/926987043459/Paytm/ICICI/paytm@paytm/UPI,439184216162,"1,490.71",,687222.35
18-08-2025,UPI/DR/266976637441/Jio/ICICI/jio@paytm/UPI,848386259247,"1,900.44",,685321.91
20-08-2025,UPI/DR/353021402195/Divya/UCBA/1050741495@apl/UPI,306278937961,"10,200.34",,675121.57
20-08-2025,UPI/DR/141624321244/Kamal/PUNB/kamal363@apl/UPI,948684073196,"1,650.45",,673471.12
21-08-2025,UPI/DR/110854799387/MSEDCL/UPIN/msedclpayment@upi/UPI,548413784839,"1,500.87",,671970.25
21-08-2025,UPI/CR/601162824792/Sneha/KKBK/sneha.iyer@ptaxis/UPI,329743095118,,"5,500.18",677470.43
21-08-2025,UPI/CR/844520309580/Shweta/BDBL/shwetachop10@upi/UPI,184612504196,,"7,650.83",685121.26
21-08-2025,UPI/DR/169682820230/Indane/ICICI/indanegas@upi/UPI,581558938732,850.32,,684270.94
22-08-2025,UPI/DR/721680206552/Ola/PAYTM/olamoney@ola/UPI,043864779553,360.41,,683910.53
23-08-2025,UPI/DR/238037174098/Rapido/PAYTM/rapido@icici/UPI,993598710261,610.09,,683300.44
23-08-2025,UPI/DR/235127689084/PhonePe/ICICI/phonepe@ybl/UPI,633284131523,"1,350.37",,681950.07
24-08-2025,UPI/DR/422842141248/Vikas/BARB/vikas995@pthdfc/UPI,788110223572,"2,050.22",,679899.85
24-08-2025,UPI/DR/729738577213/Swiggy/ICICI/swiggy@icici/UPI,122773236445,650.86,,679248.99
25-08-2025,UPI/CR/780737476693/Babita/UCBA/babita923@apl/UPI,591961365698,,"3,350.09",682599.08
25-08-2025,UPI/DR/259885484221/Ola/ICICI/olamoney@ola/UPI,321792232014,"2,380.10",,680218.98
25-08-2025,POS HP PETROL PUMP NASHIK,618201231501,950.72,,679268.26
25-08-2025,UPI/DR/998371960901/Zepto/ICICI/zepto@apl/UPI,992191047654,490.45,,678777.81
27-08-2025,UPI/DR/782501250192/BSNL/ICICI/bsnlbroadband@upi/UPI,747763283867,590.51,,678187.30
28-08-2025,UPI/DR/916521280139/Swiggy/ICICI/swiggy@icici/UPI,143902340351,"2,540.31",,675646.99
28-08-2025,UPI/CR/283452774613/Sapna/PUNB/sapna.malhotra@ptyes/UPI,856775673005,,"14,250.16",689897.15
29-08-2025,UPI/DR/044230477180/Myntra/PAYTM/myntra@ybl/UPI,259466084856,"4,200.23",,685696.92
29-08-2025,INB IMPS/834416943900/Sangita Ahuja/FDRL,153575048067,"5,300.02",,680396.90
29-08-2025,UPI/CR/306357829603/Anil/BARB/7056008617@upi/UPI,187422650193,,"21,150.33",701547.23
30-08-2025,"ATM WDL
ATM CASH 47738 ROHINI SECTOR 10 NASHIK",089680030678,"3,000.00",,698547.23
30-08-2025,UPI/DR/100398583080/Dunzo/ICICI/dunzo@razorpay/UPI,725682428643,"1,200.83",,697346.40
31-08-2025,CHG FOR NEFT/IMPS TRANSACTION,783992519369,160.00,,697186.40
31-08-2025,GST ON CHARGES,305675443919,28.80,,697157.60
31-08-2025,POS SHOPPERS STOP NASHIK,632369551568,"2,550.08",,694607.52
01-09-2025,POS SHELL FUEL STATION NASHIK,482409406327,"2,900.96",,691706.56
01-09-2025,UPI/CR/515725053291/Varsha/UTIB/2402018096@upi/UPI,029755563136,,"12,850.28",704556.84
01-09-2025,UPI/DR/328358227660/Zepto/ICICI/zepto@apl/UPI,639675571838,750.56,,703806.28
01-09-2025,POS BRAND FACTORY NASHIK,347742221721,"7,950.93",,695855.35
02-09-2025,UPI/DR/741789310173/Zepto/ICICI/zepto@apl/UPI,931778223912,"2,070.82",,693784.53
03-09-2025,UPI/DR/811611259543/Rohit/KKBK/rohit.bajaj@ptaxis/UPI,173619793517,"16,550.39",,677234.14
04-09-2025,INB NEFT-S3900583972653/Hexaware Technologie/SALARY CR,320313087796,,"66,162.82",743396.96
06-09-2025,NACH/MANDATE/RNT6080740/RENT MANDATE,333854234289,"9,500.00",,733896.96
06-09-2025,POS BRAND FACTORY NASHIK,648942158405,"6,950.55",,726946.41
06-09-2025,NACH/MANDATE/LN843123792646/Manappuram Finance,895877960774,"17,500.00",,709446.41
06-09-2025,UPI/DR/978574336570/Varsha/BKID/varshabaja31@paytm/UPI,372234608387,"5,400.06",,704046.35
06-09-2025,UPI/DR/256904431298/Amazon/PAYTM/amazon@apl/UPI,741659051520,"1,250.20",,702796.15
08-09-2025,UPI/DR/234003736070/Geeta/KKBK/geetanaik56@axl/UPI,204021977874,550.19,,702245.96
08-09-2025,UPI/DR/783653361937/Ola/PAYTM/olamoney@ola/UPI,845015806438,880.91,,701365.05
08-09-2025,UPI/CR/337795817126/Asha/PUNB/asha.pandey@okicici/UPI,823582822431,,"14,600.56",715965.61
10-09-2025,UPI/DR/669023267638/Harish/UTIB/harish.pandey@kotak/UPI,605991445224,"4,950.84",,711014.77
10-09-2025,UPI/DR/452733744132/Akash/FDRL/akash657@apl/UPI,795786952343,"15,250.06",,695764.71
10-09-2025,UPI/DR/818646429388/ICICI/LICI/licindia@licindia/UPI,769482966330,"3,800.00",,691964.71
11-09-2025,UPI/DR/246589515051/Saurabh/KKBK/saurabhchau47@oksbi/UPI,597878828243,"1,950.88",,690013.83
11-09-2025,INB NEFT-N1605032959665/Bajaj Finserv Ltd/PUNB/CR,262397707096,,"25,000.77",715014.60
11-09-2025,"ATM WDL
ATM CASH 04083 ROHINI SECTOR 10 NASHIK",089209167830,"5,500.00",,709514.60
11-09-2025,UPI/DR/533987232849/Rapido/PAYTM/rapido@icici/UPI,323548087791,380.22,,709134.38
11-09-2025,UPI/DR/585951770488/Uber/PAYTM/uber@paytm/UPI,012538597141,840.22,,708294.16
12-09-2025,UPI/DR/221595514728/Rapido/PAYTM/rapido@icici/UPI,533199210144,850.83,,707443.33
12-09-2025,UPI/DR/144174369100/Ola/PAYTM/olamoney@ola/UPI,982361116550,690.16,,706753.17
12-09-2025,UPI/DR/823102233515/Arjun/PUNB/arjunnair24@ibl/UPI,719651866516,"12,000.73",,694752.44
12-09-2025,POS MAX FASHION NASHIK,956725183185,"4,850.31",,689902.13
12-09-2025,UPI/DR/758131155669/Vi/PAYTM/airtel@axis/UPI,176955616870,609.00,,689293.13
13-09-2025,UPI/CR/620980371396/Ankit/BDBL/ankitpill67@okaxis/UPI,910986908504,,"11,100.29",700393.42
13-09-2025,UPI/DR/260977883380/Indane/ICICI/indanegas@upi/UPI,760020640282,"1,550.55",,698842.87
13-09-2025,UPI/DR/284269042334/Amazon/ICICI/amazon@apl/UPI,890902997051,"1,780.11",,697062.76
13-09-2025,UPI/DR/217109639124/Practo/ICICI/practo@paytm/UPI,680062727755,599.00,,696463.76
15-09-2025,"ATM WDL
ATM CASH 54253 ROHINI SECTOR 10 NASHIK",074230135691,"3,500.00",,692963.76
16-09-2025,UPI/DR/986301358924/Vi/PAYTM/airtel@axis/UPI,127856194218,519.00,,692444.76
16-09-2025,UPI/DR/386792286862/Flipkart/ICICI/flipkart@ybl/UPI,716336403331,870.71,,691574.05
16-09-2025,POS STAR BAZAAR NASHIK,553238387219,"4,550.42",,687023.63
16-09-2025,UPI/DR/734329172764/Rani/BKID/ranijain92@axl/UPI,630380320517,"19,950.16",,667073.47
18-09-2025,UPI/DR/637867478034/Swiggy/ICICI/swiggy@icici/UPI,400006290424,380.76,,666692.71
18-09-2025,UPI/DR/053859476163/Vikas/BDBL/vikas.sethi@okicici/UPI,387709485711,"3,800.67",,662892.04
18-09-2025,POS HP PETROL PUMP NASHIK,936093079255,"2,900.82",,659991.22
19-09-2025,UPI/DR/307533913770/Uber/ICICI/uber@paytm/UPI,632306524111,"1,530.72",,658460.50
19-09-2025,UPI/DR/318818415512/Flipkart/PAYTM/flipkart@ybl/UPI,172877205867,"1,300.64",,657159.86
20-09-2025,"ATM WDL
ATM CASH 29199 ROHINI SECTOR 10 NASHIK",877061702859,"4,500.00",,652659.86
20-09-2025,UPI/DR/370555410779/Blinkit/ICICI/blinkit@kotak/UPI,296074414602,160.21,,652499.65
20-09-2025,POS METRO CASH CARRY NASHIK,793933001874,"1,800.99",,650698.66
21-09-2025,"ATM WDL
ATM CASH 40592 ROHINI SECTOR 10 NASHIK",799593064077,"2,000.00",,648698.66
21-09-2025,UPI/DR/079962793895/Vi/PAYTM/airtel@axis/UPI,486364082946,319.00,,648379.66
21-09-2025,UPI/DR/247142011260/MSEDCL/UPIN/msedclpayment@upi/UPI,577469071360,"1,400.51",,646979.15
22-09-2025,"ATM WDL
ATM CASH 20586 ROHINI SECTOR 10 NASHIK",128105516690,"5,000.00",,641979.15
24-09-2025,UPI/DR/859596971537/Vi/PAYTM/airtel@axis/UPI,417271857602,939.00,,641040.15
25-09-2025,POS MORE SUPER MARKET NASHIK,625424234794,"7,600.10",,633440.05
25-09-2025,UPI/DR/340328333480/Rapido/PAYTM/rapido@icici/UPI,183051532162,900.20,,632539.85
25-09-2025,UPI/CR/714102497323/Naveen/SBIN/naveenpill69@ptsbi/UPI,746118673418,,"1,050.50",633590.35
25-09-2025,INB IMPS/082680763253/Krishna Naik/PUNB,353437516202,"39,600.77",,593989.58
26-09-2025,INTEREST CREDIT,888088103861,,700.28,594689.86
28-09-2025,UPI/DR/116516377540/Hathway/RAZORPAY/broadband@paytm/UPI,422849600695,599.00,,594090.86
29-09-2025,UPI/DR/992146613367/Vi/PAYTM/airtel@axis/UPI,162556650077,849.00,,593241.86
29-09-2025,GST ON CHARGES,168032207906,66.60,,593175.26
29-09-2025,POS STAR BAZAAR NASHIK,487465305208,"3,650.37",,589524.89
29-09-2025,CHG FOR NEFT/IMPS TRANSACTION,556899203023,370.00,,589154.89
30-09-2025,UPI/CR/106358807604/Meena/HDFC/meena965@paytm/UPI,176678605548,,"9,450.93",598605.82
30-09-2025,UPI/DR/948880785411/Amazon/ICICI/amazon@apl/UPI,360824549928,"1,560.92",,597044.90
01-10-2025,UPI/CR/443801064557/Santosh/UCBA/santoshjain29@pthdfc/UPI,924159385937,,"18,300.68",615345.58
01-10-2025,UPI/DR/014218685028/Sneha/PUNB/snehaiyer17@axl/UPI,509839744801,"2,350.53",,612995.05
02-10-2025,UPI/DR/312427267670/Ola/PAYTM/olamoney@ola/UPI,596103140899,80.16,,612914.89
02-10-2025,UPI/DR/139310987112/Blinkit/ICICI/blinkit@kotak/UPI,189488756584,990.89,,611924.00
03-10-2025,UPI/DR/847472878004/Lalit/UTIB/lalitmeno25@apl/UPI,309470394182,"16,150.00",,595774.00
03-10-2025,UPI/DR/487836894196/Sumit/HDFC/sumit949@okaxis/UPI,692075007125,"4,700.11",,591073.89
04-10-2025,UPI/DR/157416955736/Hathway/RAZORPAY/broadband@paytm/UPI,324643897603,299.00,,590774.89
04-10-2025,INB NEFT-S7464626395398/Hexaware Technologie/SALARY CR,225293644605,,"65,179.82",655954.71
04-10-2025,UPI/DR/640956844721/BSNL/ICICI/bsnlbroadband@upi/UPI,823879857654,"2,500.49",,653454.22
05-10-2025,UPI/DR/968217867523/Uber/ICICI/uber@paytm/UPI,841555804332,"1,020.09",,652434.13
06-10-2025,UPI/DR/289888707499/BSNL/ICICI/bsnlbroadband@upi/UPI,896825876473,"1,390.46",,651043.67
06-10-2025,"ATM WDL
ATM CASH 47034 ROHINI SECTOR 10 NASHIK",731888075887,"6,500.00",,644543.67
06-10-2025,POS MAX FASHION NASHIK,922799750298,"5,350.21",,639193.46
07-10-2025,UPI/CR/948285191725/Archana/BDBL/archanapate46@oksbi/UPI,997670626210,,"14,000.04",653193.50
07-10-2025,NACH/MANDATE/RNT4142503/RENT MANDATE,387342074020,"9,500.00",,643693.50
08-10-2025,UPI/DR/951466769072/Zepto/ICICI/zepto@apl/UPI,029397864172,"1,900.65",,641792.85
09-10-2025,UPI/CR/363013659938/Kavya/BARB/kavya.roy@paytm/UPI,587414758366,,"3,850.21",645643.06
10-10-2025,NACH/MANDATE/LN843123792646/Manappuram Finance,120391477583,"17,500.00",,628143.06
10-10-2025,"ATM WDL
ATM CASH 93893 ROHINI SECTOR 10 NASHIK",675490414049,"8,000.00",,620143.06
10-10-2025,"ATM WDL
ATM CASH 96579 ROHINI SECTOR 10 NASHIK",197526123988,"1,500.00",,618643.06
10-10-2025,POS SHELL FUEL STATION NASHIK,839115949094,"2,650.95",,615992.11
11-10-2025,UPI/DR/249119207037/Myntra/PAYTM/myntra@ybl/UPI,899820009231,"5,500.91",,610491.20
11-10-2025,UPI/DR/056213784733/Vi/PAYTM/airtel@axis/UPI,880784609194,349.00,,610142.20
11-10-2025,POS STAR BAZAAR NASHIK,954529013137,"5,950.97",,604191.23
11-10-2025,POS BIG BAZAAR NASHIK,908021499622,"6,450.24",,597740.99
12-10-2025,UPI/DR/759625384829/Rapido/PAYTM/rapido@icici/UPI,130432418450,270.93,,597470.06
15-10-2025,POS STAR BAZAAR NASHIK,587451679496,"7,500.91",,589969.15
15-10-2025,UPI/DR/466999368422/Flipkart/ICICI/flipkart@ybl/UPI,953827857602,780.13,,589189.02
15-10-2025,UPI/DR/588224124729/Uber/PAYTM/uber@paytm/UPI,888341310241,550.23,,588638.79
16-10-2025,POS SHELL FUEL STATION NASHIK,058389796424,"3,850.27",,584788.52
17-10-2025,UPI/DR/234881472368/MSEDCL/UPIN/msedclpayment@upi/UPI,880720414236,"1,600.27",,583188.25
17-10-2025,UPI/DR/557240278582/Spotify/ICICI/spotify@icici/UPI,011276595687,199.00,,582989.25
17-10-2025,UPI/DR/516066294085/BSNL/ICICI/bsnlbroadband@upi/UPI,960678594785,"2,100.52",,580888.73
17-10-2025,UPI/DR/938449131901/BigBasket/ICICI/bigbasket@ybl/UPI,043653861850,"2,230.25",,578658.48
19-10-2025,UPI/DR/089333881821/Indane/ICICI/indanegas@upi/UPI,250190593272,"1,150.57",,577507.91
20-10-2025,UPI/CR/805861953579/Vivek/BDBL/vivek316@okicici/UPI,074290069096,,"13,550.64",591058.55
20-10-2025,UPI/DR/541609198442/Flipkart/ICICI/flipkart@ybl/UPI,123008670961,"1,070.03",,589988.52
21-10-2025,UPI/DR/710210398227/Ola/PAYTM/olamoney@ola/UPI,536222032384,350.53,,589637.99
21-10-2025,POS SHELL FUEL STATION NASHIK,941052262842,"2,750.83",,586887.16
21-10-2025,UPI/DR/216453556732/Myntra/PAYTM/myntra@ybl/UPI,975623254314,"1,550.62",,585336.54
21-10-2025,POS RELIANCE PETROLEUM NASHIK,407154724804,"3,400.43",,581936.11
22-10-2025,UPI/DR/583027126940/BigBasket/ICICI/bigbasket@ybl/UPI,726092786489,"1,820.07",,580116.04
23-10-2025,UPI/DR/018735038857/Vi/PAYTM/airtel@axis/UPI,665179868235,739.00,,579377.04
23-10-2025,UPI/DR/144616711644/Sushma/BDBL/5809618862@pthdfc/UPI,314860295926,450.72,,578926.32
24-10-2025,UPI/DR/295784062337/Ola/ICICI/olamoney@ola/UPI,541755084104,"2,400.51",,576525.81
24-10-2025,UPI/DR/833525746907/Amazon/PAYTM/amazon@apl/UPI,281480398545,"2,150.60",,574375.21
24-10-2025,UPI/DR/370784273252/Uber/ICICI/uber@paytm/UPI,510132187787,670.84,,573704.37
24-10-2025,UPI/DR/292261914580/Radha/KKBK/radhapand19@pthdfc/UPI,850179805472,"3,700.60",,570003.77
25-10-2025,UPI/CR/469661840337/Archana/BARB/archana879@upi/UPI,330414424775,,"8,150.22",578153.99
25-10-2025,UPI/DR/688794254972/Sarita/BDBL/sarita.thapar@ibl/UPI,319902276457,"1,300.38",,576853.61
26-10-2025,UPI/DR/638274462701/Mahesh/UCBA/maheshagar37@ybl/UPI,404833441588,"13,950.02",,562903.59
27-10-2025,"ATM WDL
ATM CASH 13449 ROHINI SECTOR 10 NASHIK",444769232573,"8,000.00",,554903.59
28-10-2025,UPI/DR/199028142600/Vi/PAYTM/airtel@axis/UPI,889437118199,609.00,,554294.59
28-10-2025,INB IMPS/858255668824/Varun Das/PUNB,864013343723,"25,400.57",,528894.02
29-10-2025,UPI/DR/018932719589/Jio/ICICI/jio@paytm/UPI,485361843117,"2,210.63",,526683.39
29-10-2025,UPI/DR/920512085054/IRCTC/ICICI/irctc@upi/UPI,145670994981,249.00,,526434.39
29-10-2025,UPI/DR/638736410836/Paytm/ICICI/paytm@paytm/UPI,095112340577,690.99,,525743.40
29-10-2025,UPI/DR/102033859267/Amazon/ICICI/amazon@apl/UPI,355278078034,"2,430.13",,523313.27
29-10-2025,UPI/DR/682618737090/BigBasket/ICICI/bigbasket@ybl/UPI,115324553617,"1,440.63",,521872.64
30-10-2025,UPI/DR/010203511558/Blinkit/ICICI/blinkit@kotak/UPI,931695657230,"2,080.15",,519792.49
30-10-2025,UPI/DR/146958572703/Rekha/KKBK/rekha.roy@ptaxis/UPI,819863226894,"6,800.85",,512991.64
30-10-2025,"ATM WDL
ATM CASH 36296 ROHINI SECTOR 10 NASHIK",453713488642,"7,000.00",,505991.64
30-10-2025,UPI/DR/518350597781/Amazon/ICICI/amazon@apl/UPI,968245429233,"2,150.04",,503841.60
01-11-2025,UPI/CR/046761390121/Sneha/PUNB/sneha.sharma@paytm/UPI,934362298251,,"4,550.85",508392.45
02-11-2025,UPI/CR/037696060925/Arun/PUNB/arun.chatterjee@paytm/UPI,597198499335,,"21,850.90",530243.35
03-11-2025,INB NEFT-S8637712214594/Hexaware Technologie/SALARY CR,251453201001,,"64,144.82",594388.17
04-11-2025,UPI/DR/244315302030/Ola/PAYTM/olamoney@ola/UPI,183109060538,720.77,,593667.40
04-11-2025,UPI/DR/262088280464/Himanshu/BDBL/himanshujain32@apl/UPI,213094606051,"18,150.22",,575517.18
05-11-2025,INB IMPS/309972717249/Deepak Nambiar/FDRL,374177483324,"6,400.05",,569117.13
05-11-2025,UPI/DR/463759320582/Sapna/BKID/6456760545@okaxis/UPI,391838830776,"18,550.06",,550567.07
06-11-2025,UPI/CR/582504096750/Lalit/PUNB/lalitghos45@ybl/UPI,593100345509,,"3,250.22",553817.29
06-11-2025,UPI/DR/156389580143/Mohan/UTIB/mohan913@ibl/UPI,670805170470,"12,950.78",,540866.51
08-11-2025,POS STAR BAZAAR NASHIK,728868078794,"3,150.82",,537715.69
08-11-2025,UPI/DR/195615877904/Vi/PAYTM/airtel@axis/UPI,694579424183,959.00,,536756.69
08-11-2025,POS D MART NASHIK,713302982382,"8,300.86",,528455.83
08-11-2025,UPI/DR/472975630885/Zepto/ICICI/zepto@apl/UPI,408664494647,780.11,,527675.72
08-11-2025,NACH/MANDATE/RNT7322425/RENT MANDATE,047980357224,"9,500.00",,518175.72
09-11-2025,"ATM WDL
ATM CASH 57978 ROHINI SECTOR 10 NASHIK",801938179976,"6,500.00",,511675.72
09-11-2025,UPI/DR/924092148904/Vi/PAYTM/airtel@axis/UPI,292365676060,469.00,,511206.72
09-11-2025,NACH/MANDATE/LN843123792646/Manappuram Finance,222375426615,"17,500.00",,493706.72
10-11-2025,UPI/DR/707981714434/MSEDCL/UPIN/msedclpayment@upi/UPI,679642256811,"3,450.74",,490255.98
10-11-2025,UPI/DR/054913906738/Ramesh/BARB/ramesh846@axl/UPI,883070439817,"4,500.96",,485755.02
10-11-2025,POS INDIAN OIL NASHIK,472565600947,"2,050.64",,483704.38
11-11-2025,POS V MART NASHIK,324793339101,"1,100.87",,482603.51
12-11-2025,UPI/DR/498242066985/Uber/PAYTM/uber@paytm/UPI,834131711170,820.10,,481783.41
12-11-2025,UPI/DR/899782612374/Hotstar/ICICI/hotstar@hdfcbank/UPI,490317616599,749.00,,481034.41
12-11-2025,UPI/DR/304343399778/Vi/PAYTM/airtel@axis/UPI,423069777543,869.00,,480165.41
13-11-2025,UPI/DR/483152968264/Ola/PAYTM/olamoney@ola/UPI,984909591826,800.22,,479365.19
13-11-2025,UPI/DR/217580995636/Nykaa/PAYTM/nykaa@razorpay/UPI,538512898922,"3,950.18",,475415.01
13-11-2025,UPI/DR/544542929973/Ola/ICICI/olamoney@ola/UPI,814080570461,"1,200.19",,474214.82
13-11-2025,UPI/DR/373827654996/Vi/PAYTM/airtel@axis/UPI,509342842540,839.00,,473375.82
14-11-2025,UPI/DR/156103881760/Vi/PAYTM/airtel@axis/UPI,452554199759,659.00,,472716.82
14-11-2025,"ATM WDL
ATM CASH 65613 ROHINI SECTOR 10 NASHIK",491457973290,"8,500.00",,464216.82
14-11-2025,UPI/DR/554901625683/Uber/ICICI/uber@paytm/UPI,371232420391,"2,060.11",,462156.71
15-11-2025,UPI/CR/836533942039/Mamta/BARB/6076038655@axl/UPI,152299770225,,"4,950.30",467107.01
15-11-2025,UPI/DR/099843073346/Jio/ICICI/jio@paytm/UPI,354830811810,"2,100.04",,465006.97
15-11-2025,UPI/DR/174448946898/Uber/ICICI/uber@paytm/UPI,168636783653,270.62,,464736.35
16-11-2025,UPI/CR/949794972647/Mamta/BARB/mamta364@okhdfcbank/UPI,116783400067,,"11,450.66",476187.01
16-11-2025,UPI/DR/491066946960/Lata/HDFC/lata.chaudhary@axl/UPI,080057492956,"6,500.91",,469686.10
17-11-2025,POS HP PETROL PUMP NASHIK,076177349987,"2,100.13",,467585.97
17-11-2025,UPI/DR/036520919784/Ankit/BARB/6966472400@upi/UPI,491334124621,"13,750.46",,453835.51
18-11-2025,UPI/DR/246317228557/Paytm/ICICI/paytm@paytm/UPI,074744218409,"2,670.73",,451164.78
18-11-2025,UPI/DR/318849419531/Himanshu/UCBA/himanshudutt80@oksbi/UPI,216412611029,"6,200.95",,444963.83
20-11-2025,POS INDIAN OIL NASHIK,464996211851,"2,250.19",,442713.64
20-11-2025,UPI/CR/737994583189/Neha/HDFC/1646011557@paytm/UPI,561252931465,,"3,350.00",446063.64
20-11-2025,UPI/DR/557893728822/Ola/PAYTM/olamoney@ola/UPI,198195008806,850.03,,445213.61
20-11-2025,"ATM WDL
ATM CASH 07208 ROHINI SECTOR 10 NASHIK",017963451520,"5,000.00",,440213.61
22-11-2025,UPI/DR/923941014419/MedPlus/ICICI/medplus@icici/UPI,243398998379,"2,380.18",,437833.43
22-11-2025,"ATM WDL
ATM CASH 76961 ROHINI SECTOR 10 NASHIK",541332696009,"3,500.00",,434333.43
22-11-2025,UPI/CR/284621482066/Mahesh/KKBK/mahesh.sen@okicici/UPI,060342149196,,"9,150.45",443483.88
23-11-2025,UPI/CR/842421350845/Rajesh/SBIN/rajesh663@pthdfc/UPI,443957070247,,"1,800.24",445284.12
24-11-2025,POS RELIANCE MART NASHIK,467201441168,"5,050.07",,440234.05
24-11-2025,POS HP PETROL PUMP NASHIK,328897425251,900.24,,439333.81
24-11-2025,POS RELIANCE MART NASHIK,910871052893,"4,450.31",,434883.50
24-11-2025,POS BRAND FACTORY NASHIK,927118368715,"7,350.05",,427533.45
24-11-2025,UPI/DR/881815841675/Zepto/ICICI/zepto@apl/UPI,440521836495,"1,400.26",,426133.19
25-11-2025,UPI/DR/587243304417/Indane/ICICI/indanegas@upi/UPI,947921760364,"1,350.44",,424782.75
25-11-2025,UPI/DR/158715467390/Zepto/ICICI/zepto@apl/UPI,178302873704,650.23,,424132.52
25-11-2025,UPI/DR/246200058781/PhonePe/ICICI/phonepe@ybl/UPI,556706221245,930.71,,423201.81
26-11-2025,UPI/DR/124947811828/Shreya/HDFC/shreya.bose@ptsbi/UPI,469642398198,"11,950.08",,411251.73
26-11-2025,"ATM WDL
ATM CASH 81055 ROHINI SECTOR 10 NASHIK",735359865169,"9,500.00",,401751.73
26-11-2025,UPI/DR/475585599888/Shweta/FDRL/3207711089@ptsbi/UPI,453699313338,"7,750.35",,394001.38
27-11-2025,"ATM WDL
ATM CASH 88972 ROHINI SECTOR 10 NASHIK",226336808719,"8,000.00",,386001.38
27-11-2025,UPI/CR/748307622671/Pankaj/PUNB/pankaj480@aubank/UPI,277713327307,,"1,400.52",387401.90
28-11-2025,UPI/DR/271562939598/Dunzo/ICICI/dunzo@razorpay/UPI,482223885133,"2,600.12",,384801.78
28-11-2025,UPI/DR/512449506437/Vikas/BKID/vikasnamb14@ptaxis/UPI,620577536496,"9,050.71",,375751.07
29-11-2025,POS CENTRAL MALL NASHIK,597768449730,"1,950.93",,373800.14
30-11-2025,UPI/DR/020390407475/Saurabh/HDFC/saurabh.sharma@okhdfcbank/UPI,427583006255,500.85,,373299.29
30-11-2025,UPI/CR/204023817710/Kavita/UTIB/7537303811@axl/UPI,056314789234,,"14,800.19",388099.48
01-12-2025,UPI/CR/589753823176/Rahul/BKID/rahulpill34@ibl/UPI,838225273345,,"19,750.56",407850.04
01-12-2025,UPI/DR/220382910242/Sonia/BARB/sonia.thapar@kotak/UPI,190256817676,"10,850.87",,396999.17
02-12-2025,INB NEFT-S4504005395898/Hexaware Technologie/SALARY CR,234250501159,,"66,682.82",463681.99
02-12-2025,UPI/DR/447104932315/Zomato/ICICI/zomato@axisbank/UPI,496051910009,"1,670.86",,462011.13
04-12-2025,POS LIFESTYLE STORES NASHIK,333920412846,"2,300.94",,459710.19
04-12-2025,UPI/DR/536399173376/BigBasket/ICICI/bigbasket@ybl/UPI,243523477543,670.43,,459039.76
05-12-2025,POS STAR BAZAAR NASHIK,022517702462,"6,650.20",,452389.56
05-12-2025,POS LIFESTYLE STORES NASHIK,851531543191,"4,400.32",,447989.24
06-12-2025,UPI/DR/430231083368/ICICI/LICI/licindia@licindia/UPI,339348958547,"3,800.00",,444189.24
06-12-2025,NACH/MANDATE/RNT8680003/RENT MANDATE,351112990387,"9,500.00",,434689.24
07-12-2025,UPI/DR/571633736918/Flipkart/PAYTM/flipkart@ybl/UPI,868313217884,"3,400.12",,431289.12
08-12-2025,NACH/MANDATE/LN843123792646/Manappuram Finance,238116906983,"17,500.00",,413789.12
08-12-2025,UPI/DR/857086941530/Blinkit/ICICI/blinkit@kotak/UPI,070787534055,270.73,,413518.39
08-12-2025,UPI/DR/559553580966/Blinkit/ICICI/blinkit@kotak/UPI,428914500716,"2,510.61",,411007.78
09-12-2025,UPI/DR/765842067091/MSEDCL/UPIN/msedclpayment@upi/UPI,548092508967,"1,850.80",,409156.98
09-12-2025,UPI/CR/622583558022/Preeti/BARB/preeti.yadav@upi/UPI,112351121008,,"7,600.82",416757.80
09-12-2025,UPI/DR/070056315057/Dunzo/ICICI/dunzo@razorpay/UPI,770068654841,"2,500.40",,414257.40
10-12-2025,UPI/DR/337348748585/Ola/PAYTM/olamoney@ola/UPI,403928267254,510.04,,413747.36
11-12-2025,UPI/DR/783179044467/Ola/PAYTM/olamoney@ola/UPI,586147959400,890.77,,412856.59
12-12-2025,UPI/DR/466707467911/Ola/PAYTM/olamoney@ola/UPI,696645696962,760.57,,412096.02
12-12-2025,UPI/DR/464274411684/Shweta/BDBL/1009415168@ybl/UPI,056236547294,"19,100.41",,392995.61
13-12-2025,UPI/DR/309330880914/Vi/PAYTM/airtel@axis/UPI,595052339414,289.00,,392706.61
14-12-2025,"ATM WDL
ATM CASH 19790 ROHINI SECTOR 10 NASHIK",176720860930,"9,500.00",,383206.61
14-12-2025,UPI/DR/032456947074/Vi/PAYTM/airtel@axis/UPI,395513487158,989.00,,382217.61
15-12-2025,UPI/DR/926497748383/Hathway/RAZORPAY/broadband@paytm/UPI,084538523081,299.00,,381918.61
15-12-2025,UPI/DR/457230809476/Vishal/SBIN/3514246671@ptsbi/UPI,253884872785,"4,650.75",,377267.86
15-12-2025,UPI/DR/617520473495/Paytm/ICICI/paytm@paytm/UPI,684048752507,"2,470.37",,374797.49
15-12-2025,UPI/DR/483110799466/BSNL/ICICI/bsnlbroadband@upi/UPI,219492662067,"2,120.38",,372677.11
16-12-2025,UPI/CR/583795650393/Lata/PUNB/6215516010@ibl/UPI,794906491160,,"13,300.35",385977.46
17-12-2025,UPI/DR/338176134504/Dunzo/ICICI/dunzo@razorpay/UPI,515860596092,"2,770.72",,383206.74
17-12-2025,UPI/CR/805993365231/Yogesh/PUNB/6936211914@okhdfcbank/UPI,855437931106,,"15,550.68",398757.42
18-12-2025,UPI/DR/366650221522/Rapido/PAYTM/rapido@icici/UPI,376046919562,250.82,,398506.60
18-12-2025,UPI/DR/188303609953/Myntra/PAYTM/myntra@ybl/UPI,339612164212,"2,700.02",,395806.58
18-12-2025,POS HP PETROL PUMP NASHIK,471061827888,"1,800.35",,394006.23
18-12-2025,UPI/DR/970017629724/Amazon/PAYTM/amazon@apl/UPI,299607491123,"4,200.12",,389806.11
21-12-2025,UPI/CR/495971793144/Gaurav/HDFC/gauravverm86@pthdfc/UPI,069247010628,,"5,050.36",394856.47
22-12-2025,POS BHARAT PETROLEUM NASHIK,117151377325,"3,150.88",,391705.59
22-12-2025,UPI/DR/091323911722/Uber/ICICI/uber@paytm/UPI,344323966461,470.44,,391235.15
22-12-2025,POS METRO CASH CARRY NASHIK,736462569286,"4,950.59",,386284.56
23-12-2025,UPI/DR/384949893070/Indane/ICICI/indanegas@upi/UPI,831689705694,"2,100.93",,384183.63
23-12-2025,UPI/CR/183002006009/Anil/BDBL/anildube29@okaxis/UPI,051780466933,,"4,050.46",388234.09
24-12-2025,UPI/DR/475316476195/Ola/PAYTM/olamoney@ola/UPI,151411122684,80.77,,388153.32
24-12-2025,POS MAX FASHION NASHIK,280255973603,"5,650.82",,382502.50
25-12-2025,UPI/CR/444065667584/Sneha/KKBK/sneha852@aubank/UPI,433392493461,,"17,250.33",399752.83
26-12-2025,UPI/DR/831827215368/Jio/ICICI/jio@paytm/UPI,460637373083,"1,370.69",,398382.14
26-12-2025,GST ON CHARGES,180999503273,14.40,,398367.74
26-12-2025,INB IMPS/170218304914/Priya Sethi/BKID,871407901583,"32,000.84",,366366.90
26-12-2025,UPI/DR/017588217937/Santosh/UTIB/santosh.pillai@ptaxis/UPI,348983443508,"6,500.24",,359866.66
26-12-2025,UPI/DR/661775687966/Uber/PAYTM/uber@paytm/UPI,589443051555,600.28,,359266.38
26-12-2025,CHG FOR NEFT/IMPS TRANSACTION,396642944456,80.00,,359186.38
27-12-2025,UPI/DR/372441369019/Naveen/BARB/naveennaik70@aubank/UPI,603043583338,"1,900.83",,357285.55
27-12-2025,UPI/DR/972624963984/Nisha/BARB/nisha552@ptyes/UPI,712312955709,"3,200.79",,354084.76
27-12-2025,INTEREST CREDIT,748496507798,,860.85,354945.61
27-12-2025,POS SHOPPERS STOP NASHIK,429816819970,"1,600.02",,353345.59
29-12-2025,"ATM WDL
ATM CASH 77373 ROHINI SECTOR 10 NASHIK",110953399729,"9,000.00",,344345.59
29-12-2025,UPI/CR/651855799499/Mamta/HDFC/mamtashah37@kotak/UPI,323076002382,,"7,350.89",351696.48
31-12-2025,POS V MART NASHIK,622994102165,"7,800.21",,343896.27
02-01-2026,UPI/DR/475472944584/Rapido/PAYTM/rapido@icici/UPI,430504378841,280.96,,343615.31
02-01-2026,UPI/DR/908709699123/MedPlus/ICICI/medplus@icici/UPI,727014397281,"1,120.00",,342495.31
02-01-2026,UPI/CR/799753018978/Radha/KKBK/radha665@okhdfcbank/UPI,443575500971,,"8,750.30",351245.61
03-01-2026,UPI/DR/481858873789/Dunzo/ICICI/dunzo@razorpay/UPI,719450308356,"2,520.66",,348724.95
03-01-2026,INB NEFT-S2441534849176/Hexaware Technologie/SALARY CR,609840339022,,"65,114.82",413839.77
03-01-2026,UPI/DR/421158097300/Sneha/PUNB/sneha485@okhdfcbank/UPI,709896827338,"14,000.80",,399838.97
04-01-2026,UPI/CR/611366634747/Neha/HDFC/nehamukh36@aubank/UPI,774276403616,,"9,300.63",409139.60
04-01-2026,UPI/DR/719394156875/Amazon/ICICI/amazon@apl/UPI,549261093394,270.41,,408869.19
04-01-2026,POS BHARAT PETROLEUM NASHIK,840581966783,"1,000.03",,407869.16
05-01-2026,UPI/CR/501623815232/Mamta/KKBK/mamtapand44@ptsbi/UPI,569965394184,,"8,400.75",416269.91
05-01-2026,UPI/CR/213921530996/Nikhil/BARB/nikhilchat96@okaxis/UPI,177222206820,,"1,000.42",417270.33
05-01-2026,UPI/DR/947855678304/Mohan/HDFC/mohankuma15@axl/UPI,417494817255,850.25,,416420.08
05-01-2026,UPI/DR/210068613490/Rapido/PAYTM/rapido@icici/UPI,324292278006,200.66,,416219.42
06-01-2026,UPI/CR/921314959234/Mohit/UCBA/mohit.malhotra@aubank/UPI,924427549865,,"15,500.53",431719.95
07-01-2026,UPI/DR/231143967177/Swati/BDBL/4497522528@ptsbi/UPI,903554252516,"8,550.50",,423169.45
07-01-2026,UPI/DR/702803107719/Nisha/UCBA/nishathap11@kotak/UPI,936192704518,"18,650.20",,404519.25
07-01-2026,UPI/DR/014215118603/Zepto/ICICI/zepto@apl/UPI,787349291341,470.11,,404049.14
07-01-2026,UPI/DR/947876280813/Vi/PAYTM/airtel@axis/UPI,051216900011,519.00,,403530.14
08-01-2026,UPI/DR/494113437479/Vandana/HDFC/vandana.verma@ibl/UPI,879406292136,"13,300.86",,390229.28
08-01-2026,NACH/MANDATE/RNT1532158/RENT MANDATE,657515221638,"9,500.00",,380729.28
08-01-2026,UPI/CR/915247710197/Mukesh/SBIN/mukesh.naik@okicici/UPI,658666154753,,"4,850.24",385579.52
08-01-2026,UPI/DR/147818007997/Uber/PAYTM/uber@paytm/UPI,396204091547,480.16,,385099.36
08-01-2026,UPI/DR/882794873168/BSNL/ICICI/bsnlbroadband@upi/UPI,812942393981,220.22,,384879.14
11-01-2026,UPI/DR/797802135031/Ashish/SBIN/1332124698@upi/UPI,897443949395,"2,500.27",,382378.87
11-01-2026,NACH/MANDATE/LN843123792646/Manappuram Finance,220488884168,"17,500.00",,364878.87
12-01-2026,POS STAR BAZAAR NASHIK,506275588296,"2,650.33",,362228.54
13-01-2026,POS SHELL FUEL STATION NASHIK,378487244050,"2,500.25",,359728.29
13-01-2026,UPI/DR/968427795372/Vi/PAYTM/airtel@axis/UPI,789251810816,899.00,,358829.29
13-01-2026,UPI/DR/833653929522/Uber/ICICI/uber@paytm/UPI,527841407737,250.13,,358579.16
14-01-2026,UPI/DR/275823324399/Jio/ICICI/jio@paytm/UPI,891051117570,"2,740.77",,355838.39
15-01-2026,UPI/DR/258460714923/Uber/ICICI/uber@paytm/UPI,478699649497,"1,890.00",,353948.39
15-01-2026,UPI/DR/017273806436/Nykaa/PAYTM/nykaa@razorpay/UPI,146435052160,"3,200.60",,350747.79
16-01-2026,POS RELIANCE PETROLEUM NASHIK,778371160981,"3,900.73",,346847.06
18-01-2026,UPI/DR/961054617821/Divya/HDFC/divyayada79@okaxis/UPI,751149490733,"7,100.70",,339746.36
18-01-2026,UPI/DR/854230839843/Myntra/PAYTM/myntra@ybl/UPI,909018769780,"2,100.30",,337646.06
18-01-2026,UPI/DR/298654799847/Varun/UTIB/varunbaja10@aubank/UPI,011363170734,"13,300.57",,324345.49
18-01-2026,"ATM WDL
ATM CASH 76311 ROHINI SECTOR 10 NASHIK",303646580193,"9,000.00",,315345.49
18-01-2026,POS STAR BAZAAR NASHIK,262759252238,"3,850.30",,311495.19
18-01-2026,UPI/DR/995683019755/Rekha/SBIN/rekha127@kotak/UPI,786048896912,"9,050.81",,302444.38
20-01-2026,UPI/DR/760207114321/Saurabh/KKBK/0217314323@ptaxis/UPI,364645218675,"1,300.90",,301143.48
20-01-2026,UPI/DR/068946735893/MSEDCL/UPIN/msedclpayment@upi/UPI,837738935419,700.34,,300443.14
21-01-2026,UPI/DR/924585347734/Deepak/UTIB/4576298388@ibl/UPI,944311211438,"17,900.86",,282542.28
21-01-2026,UPI/DR/880668696564/Indane/ICICI/indanegas@upi/UPI,823953470053,"1,600.60",,280941.68
21-01-2026,UPI/DR/304097556740/Jio/ICICI/jio@paytm/UPI,222021290106,830.96,,280110.72
22-01-2026,UPI/DR/232160821709/Kavya/BARB/kavyashuk20@aubank/UPI,381141785901,"8,400.78",,271709.94
23-01-2026,UPI/DR/721067261069/Dunzo/ICICI/dunzo@razorpay/UPI,759748454740,"2,300.55",,269409.39
23-01-2026,UPI/DR/571472247816/Rakesh/BARB/rakesh.gupta@ybl/UPI,839828070319,"18,500.77",,250908.62
24-01-2026,UPI/DR/153478149660/Blinkit/ICICI/blinkit@kotak/UPI,764678656092,"1,140.01",,249768.61
24-01-2026,POS MAX FASHION NASHIK,295441984171,"2,850.32",,246918.29
25-01-2026,UPI/DR/798838394210/Rapido/PAYTM/rapido@icici/UPI,946646595454,540.82,,246377.47
25-01-2026,UPI/DR/332089778228/Vishal/BARB/4453534990@aubank/UPI,207482793014,"17,250.77",,229126.70
27-01-2026,UPI/DR/137020610686/Uber/PAYTM/uber@paytm/UPI,318728054683,100.38,,229026.32
27-01-2026,UPI/DR/276772278468/Ola/PAYTM/olamoney@ola/UPI,536450734485,430.08,,228596.24
27-01-2026,CHG FOR NEFT/IMPS TRANSACTION,130925126539,190.00,,228406.24
27-01-2026,GST ON CHARGES,242532827632,34.20,,228372.04
28-01-2026,"ATM WDL
ATM CASH 50758 ROHINI SECTOR 10 NASHIK",494720602122,"2,500.00",,225872.04
28-01-2026,UPI/DR/993136070840/Dunzo/ICICI/dunzo@razorpay/UPI,970277970746,"1,730.43",,224141.61
28-01-2026,UPI/CR/145575398726/Mina/PUNB/minajosh56@ybl/UPI,405400097646,,"15,700.67",239842.28
28-01-2026,"ATM WDL
ATM CASH 59761 ROHINI SECTOR 10 NASHIK",869131367060,"3,500.00",,236342.28
29-01-2026,UPI/CR/991747450106/Varsha/BDBL/varsha439@ibl/UPI,460486143424,,"20,400.88",256743.16
29-01-2026,UPI/DR/769491308358/Paytm/ICICI/paytm@paytm/UPI,060336041444,"2,220.10",,254523.06
31-01-2026,UPI/DR/657582918178/BSNL/ICICI/bsnlbroadband@upi/UPI,825322186699,"1,840.60",,252682.46
01-02-2026,INB NEFT-S7782034773768/Hexaware Technologie/SALARY CR,157478473678,,"68,136.82",320819.28
02-02-2026,UPI/DR/382614579089/Vi/PAYTM/airtel@axis/UPI,183773055926,299.00,,320520.28
03-02-2026,NACH/MANDATE/RNT9776959/RENT MANDATE,713995575172,"9,500.00",,311020.28
03-02-2026,UPI/CR/865095968890/Anita/UCBA/anita885@ibl/UPI,125094218487,,"14,900.45",325920.73
03-02-2026,UPI/CR/311472740681/Gopal/BKID/4494842359@okaxis/UPI,331285523261,,"2,100.63",328021.36
04-02-2026,UPI/DR/008732381239/Yogesh/UTIB/yogeshthap58@okaxis/UPI,546875133173,950.51,,327070.85
05-02-2026,UPI/DR/955745989633/Ola/ICICI/olamoney@ola/UPI,987185406130,"2,030.73",,325040.12
05-02-2026,UPI/DR/730036518661/Uber/ICICI/uber@paytm/UPI,616456022536,"2,530.47",,322509.65
05-02-2026,"ATM WDL
ATM CASH 98500 ROHINI SECTOR 10 NASHIK",232134335907,"1,500.00",,321009.65
07-02-2026,UPI/DR/443727531442/PhonePe/ICICI/phonepe@ybl/UPI,119290053668,"1,630.41",,319379.24
07-02-2026,UPI/DR/738989027490/PhonePe/ICICI/phonepe@ybl/UPI,235131028474,"2,760.92",,316618.32
08-02-2026,NACH/MANDATE/LN843123792646/Manappuram Finance,608599032363,"17,500.00",,299118.32
09-02-2026,UPI/CR/402184110350/Sushma/UTIB/sushma650@okhdfcbank/UPI,215726704901,,"14,750.01",313868.33
10-02-2026,UPI/DR/901393951512/Uber/PAYTM/uber@paytm/UPI,251176505345,540.92,,313327.41
11-02-2026,UPI/DR/080869307951/Gaurav/PUNB/gauravchau86@ptyes/UPI,059679946526,"12,500.32",,300827.09
11-02-2026,UPI/DR/047132760684/Ola/ICICI/olamoney@ola/UPI,756680629217,"1,070.54",,299756.55
12-02-2026,UPI/DR/245959550723/Mukesh/HDFC/mukeshchau37@ptyes/UPI,577212411871,"2,600.91",,297155.64
13-02-2026,UPI/DR/473345748288/Vi/PAYTM/airtel@axis/UPI,000931133553,639.00,,296516.64
13-02-2026,UPI/DR/305289972679/Indane/ICICI/indanegas@upi/UPI,251896172140,"1,900.22",,294616.42
14-02-2026,UPI/DR/297177160262/Rapido/PAYTM/rapido@icici/UPI,160974093397,190.08,,294426.34
14-02-2026,UPI/DR/904892823464/Varsha/UCBA/2116244994@aubank/UPI,463549982213,"11,050.77",,283375.57
14-02-2026,POS BHARAT PETROLEUM NASHIK,397318317451,"2,600.93",,280774.64
15-02-2026,UPI/DR/760709215316/Flipkart/PAYTM/flipkart@ybl/UPI,192801772545,500.10,,280274.54
15-02-2026,UPI/DR/249562312489/MSEDCL/UPIN/msedclpayment@upi/UPI,341122650661,"3,250.32",,277024.22
15-02-2026,UPI/DR/255353960771/Dunzo/ICICI/dunzo@razorpay/UPI,949976726553,180.43,,276843.79
15-02-2026,POS V MART NASHIK,243732494823,"6,850.71",,269993.08
17-02-2026,UPI/DR/441723414296/Harish/UCBA/harish122@axl/UPI,995068911403,"12,900.73",,257092.35
18-02-2026,UPI/DR/860042302018/Paytm/ICICI/paytm@paytm/UPI,045855289796,"1,130.97",,255961.38
18-02-2026,INB IMPS/568749604648/Gopal Srivastava/BDBL,005263432493,"16,100.04",,239861.34
18-02-2026,UPI/DR/641147118789/Swiggy/ICICI/swiggy@icici/UPI,512771445491,960.92,,238900.42
18-02-2026,UPI/CR/217581426737/Sumit/UTIB/sumit.singh@okicici/UPI,724776863479,,"14,100.50",253000.92
18-02-2026,POS D MART NASHIK,997920940767,"5,900.54",,247100.38
19-02-2026,UPI/DR/331994900654/Ramesh/HDFC/ramesh999@kotak/UPI,757188531102,"17,600.67",,229499.71
20-02-2026,UPI/DR/342376212947/Swiggy/ICICI/swiggy@icici/UPI,150050485723,"2,680.62",,226819.09
21-02-2026,UPI/DR/124686921072/PhonePe/ICICI/phonepe@ybl/UPI,582168164075,630.99,,226188.10
21-02-2026,UPI/DR/620619425247/Rapido/PAYTM/rapido@icici/UPI,380656576119,290.18,,225897.92
21-02-2026,UPI/DR/893943354555/Jio/ICICI/jio@paytm/UPI,075799889148,990.86,,224907.06
21-02-2026,UPI/DR/726183813603/Zepto/ICICI/zepto@apl/UPI,367124691486,"2,150.62",,222756.44
21-02-2026,"ATM WDL
ATM CASH 64733 ROHINI SECTOR 10 NASHIK",049238678341,"1,500.00",,221256.44
22-02-2026,UPI/DR/841257123321/Amazon/ICICI/amazon@apl/UPI,765608203419,710.83,,220545.61
22-02-2026,UPI/CR/218753184764/Sumit/BDBL/sumit.rao@paytm/UPI,104497087726,,"14,400.41",234946.02
22-02-2026,UPI/CR/798079810424/Lata/HDFC/7510801854@ptyes/UPI,969343068766,,"10,650.75",245596.77
23-02-2026,UPI/DR/916691648520/Amazon/PAYTM/amazon@apl/UPI,575522174299,"5,200.48",,240396.29
24-02-2026,POS CENTRAL MALL NASHIK,218152771381,350.31,,240045.98
26-02-2026,UPI/DR/481609214447/Pallavi/KKBK/pallavidas30@kotak/UPI,452455724359,500.31,,239545.67
26-02-2026,UPI/DR/732661058662/Nykaa/PAYTM/nykaa@razorpay/UPI,151173529268,450.54,,239095.13
26-02-2026,UPI/DR/676070815815/Zomato/ICICI/zomato@axisbank/UPI,676037324757,"2,360.15",,236734.98
26-02-2026,INB IMPS/682734829359/Renu Mukherjee/BARB,774647037173,"44,300.10",,192434.88
27-02-2026,UPI/DR/011939718948/Amazon/ICICI/amazon@apl/UPI,117598023310,"1,930.79",,190504.09
27-02-2026,"ATM WDL
ATM CASH 94379 ROHINI SECTOR 10 NASHIK",484185687134,"4,000.00",,186504.09
28-02-2026,UPI/DR/236216626446/Apollo/ICICI/apollopharmacy@ybl/UPI,073971293781,549.00,,185955.09
28-02-2026,POS INDIAN OIL NASHIK,049666668593,"4,300.19",,181654.90
01-03-2026,POS VISHAL MEGA MART NASHIK,461680936453,"3,100.29",,178554.61
01-03-2026,CHG FOR NEFT/IMPS TRANSACTION,887335237142,270.00,,178284.61
01-03-2026,UPI/DR/649629453588/Flipkart/ICICI/flipkart@ybl/UPI,901583745635,350.26,,177934.35
01-03-2026,UPI/DR/649806348919/Neha/HDFC/neha113@ibl/UPI,652469581573,"11,500.61",,166433.74
01-03-2026,GST ON CHARGES,452842827448,48.60,,166385.14
02-03-2026,UPI/DR/253888445484/Paytm/ICICI/paytm@paytm/UPI,873933117095,530.93,,165854.21
02-03-2026,POS INDIAN OIL NASHIK,990292442012,"4,050.53",,161803.68
03-03-2026,UPI/DR/962821615418/Dunzo/ICICI/dunzo@razorpay/UPI,774772283988,640.49,,161163.19
04-03-2026,INB NEFT-S1280408128208/Hexaware Technologie/SALARY CR,458272400081,,"68,070.82",229234.01
04-03-2026,POS RELIANCE MART NASHIK,669042000339,550.71,,228683.30
05-03-2026,UPI/CR/064236049685/Sumit/UCBA/0722832476@okaxis/UPI,896427053852,,"5,150.60",233833.90
05-03-2026,UPI/DR/808463107524/ICICI/LICI/licindia@licindia/UPI,218201447014,"3,800.00",,230033.90
05-03-2026,UPI/DR/908120806085/BigBasket/ICICI/bigbasket@ybl/UPI,237918444235,"1,900.96",,228132.94
05-03-2026,NACH/MANDATE/RNT4180739/RENT MANDATE,684214304635,"9,500.00",,218632.94
05-03-2026,UPI/DR/878806198645/Vi/PAYTM/airtel@axis/UPI,042581526062,229.00,,218403.94
06-03-2026,UPI/DR/312333463614/Preeti/HDFC/9533320408@ybl/UPI,367810754452,"11,950.39",,206453.55
06-03-2026,UPI/DR/600671589967/Uber/PAYTM/uber@paytm/UPI,091809318235,700.62,,205752.93
06-03-2026,UPI/CR/390142401840/Manoj/BARB/manoj.joshi@axl/UPI,404746460566,,"8,600.25",214353.18
06-03-2026,UPI/CR/235253227592/Meena/BDBL/meena556@okicici/UPI,874132384185,,"14,350.69",228703.87
06-03-2026,UPI/DR/780642908030/Blinkit/ICICI/blinkit@kotak/UPI,675740276415,430.40,,228273.47
07-03-2026,UPI/DR/896167325872/Amazon/PAYTM/amazon@apl/UPI,746278669151,"3,350.16",,224923.31
08-03-2026,NACH/MANDATE/LN843123792646/Manappuram Finance,581906139396,"17,500.00",,207423.31
08-03-2026,POS METRO CASH CARRY NASHIK,561162333764,"7,600.57",,199822.74
09-03-2026,UPI/DR/430451771664/BigBasket/ICICI/bigbasket@ybl/UPI,276321979047,270.20,,199552.54
10-03-2026,UPI/DR/653572489714/Sonia/BKID/sonia624@upi/UPI,859624968826,"10,800.25",,188752.29
11-03-2026,INB NEFT-N1561463320075/Bharti Airtel Ltd/FDRL/CR,312040317795,,"35,500.48",224252.77
12-03-2026,UPI/DR/765320610128/Hathway/RAZORPAY/broadband@paytm/UPI,906397555979,749.00,,223503.77
12-03-2026,UPI/DR/445671409824/Uber/ICICI/uber@paytm/UPI,238544221104,"1,830.99",,221672.78
13-03-2026,UPI/DR/011286146441/Dunzo/ICICI/dunzo@razorpay/UPI,448709512502,340.24,,221332.54
13-03-2026,UPI/DR/606803376780/Vi/PAYTM/airtel@axis/UPI,437239279796,199.00,,221133.54
13-03-2026,UPI/DR/123402326256/Vijay/PUNB/vijay905@ptyes/UPI,227701324088,"8,700.74",,212432.80
14-03-2026,UPI/DR/440579445483/Indane/ICICI/indanegas@upi/UPI,408477742877,"2,500.91",,209931.89
14-03-2026,UPI/DR/489089210448/MSEDCL/UPIN/msedclpayment@upi/UPI,654526655047,750.83,,209181.06
15-03-2026,UPI/DR/339374688619/IRCTC/ICICI/irctc@upi/UPI,156568741273,549.00,,208632.06
19-03-2026,UPI/DR/795619434562/Rajesh/FDRL/3283861333@pthdfc/UPI,133764092422,"14,800.16",,193831.90
19-03-2026,POS RELIANCE PETROLEUM NASHIK,615496516847,"1,900.33",,191931.57
20-03-2026,UPI/DR/078561080443/Paytm/ICICI/paytm@paytm/UPI,377432716117,"2,550.02",,189381.55
21-03-2026,UPI/DR/908850343802/Rapido/PAYTM/rapido@icici/UPI,106724521874,400.18,,188981.37
21-03-2026,UPI/DR/816662676695/Amazon/PAYTM/amazon@apl/UPI,271243384573,"1,900.15",,187081.22
22-03-2026,POS BHARAT PETROLEUM NASHIK,713128355855,"3,550.57",,183530.65
22-03-2026,UPI/DR/929034893193/Ola/ICICI/olamoney@ola/UPI,008163450857,"2,210.84",,181319.81
23-03-2026,UPI/CR/229230023198/Kavita/UTIB/kavitasriv42@aubank/UPI,848530272134,,"16,850.94",198170.75
23-03-2026,UPI/DR/471660639684/Sumit/BARB/1534621163@okicici/UPI,097967817513,"4,000.65",,194170.10
24-03-2026,"ATM WDL
ATM CASH 77181 ROHINI SECTOR 10 NASHIK",290141201596,"7,500.00",,186670.10
25-03-2026,INTEREST CREDIT,758307491177,,410.84,187080.94
25-03-2026,UPI/DR/306123270586/BigBasket/ICICI/bigbasket@ybl/UPI,165507948951,"1,340.43",,185740.51
25-03-2026,UPI/DR/464544722685/Vi/PAYTM/airtel@axis/UPI,803116517141,949.00,,184791.51
25-03-2026,INB IMPS/984881923199/Naresh Sethi/UCBA,852794600103,"36,200.66",,148590.85
25-03-2026,UPI/DR/898098776250/PhonePe/ICICI/phonepe@ybl/UPI,309207462154,"2,090.96",,146499.89
26-03-2026,UPI/DR/428416026853/Mohit/PUNB/mohit.jain@ibl/UPI,313431849454,"9,800.10",,136699.79
27-03-2026,UPI/DR/036366976478/Rapido/PAYTM/rapido@icici/UPI,988075475663,580.34,,136119.45
28-03-2026,UPI/DR/244669811634/Zomato/ICICI/zomato@axisbank/UPI,680168131217,480.62,,135638.83
29-03-2026,"ATM WDL
ATM CASH 47454 ROHINI SECTOR 10 NASHIK",932781151880,"2,000.00",,133638.83
29-03-2026,POS RELIANCE MART NASHIK,315586102959,"6,150.01",,127488.82
31-03-2026,POS BHARAT PETROLEUM NASHIK,400895945593,"1,100.23",,126388.59
31-03-2026,POS HP PETROL PUMP NASHIK,624705261468,"3,750.82",,122637.77
01-04-2026,"ATM WDL
ATM CASH 85918 ROHINI SECTOR 10 NASHIK",890588808367,"3,000.00",,119637.77
02-04-2026,INB NEFT-S3277993030324/Hexaware Technologie/SALARY CR,051290468510,,"65,044.82",184682.59
02-04-2026,UPI/DR/625019540253/Vi/PAYTM/airtel@axis/UPI,257324641449,459.00,,184223.59
02-04-2026,POS BHARAT PETROLEUM NASHIK,970795837067,"2,450.11",,181773.48
05-04-2026,UPI/CR/151009766413/Divya/PUNB/7251508180@aubank/UPI,167782723001,,"8,000.20",189773.68
05-04-2026,NACH/MANDATE/LN843123792646/Manappuram Finance,386631375762,"17,500.00",,172273.68
05-04-2026,UPI/DR/563735683403/Ola/PAYTM/olamoney@ola/UPI,188062251388,690.51,,171583.17
06-04-2026,UPI/DR/802380066146/Anjali/SBIN/anjalikulk90@ptyes/UPI,509323117141,"5,100.90",,166482.27
06-04-2026,NACH/MANDATE/RNT0723413/RENT MANDATE,292865737793,"9,500.00",,156982.27
06-04-2026,UPI/CR/205882340559/Varsha/HDFC/varsha156@pthdfc/UPI,586732961050,,"4,300.18",161282.45
06-04-2026,POS BRAND FACTORY NASHIK,082713713444,"3,400.56",,157881.89
07-04-2026,UPI/DR/021112726984/Swiggy/ICICI/swiggy@icici/UPI,086723554895,"1,180.07",,156701.82
07-04-2026,UPI/CR/676804326589/Sunita/FDRL/sunita675@ptyes/UPI,252646826196,,"4,850.47",161552.29
08-04-2026,UPI/DR/378407593305/Flipkart/PAYTM/flipkart@ybl/UPI,558251431060,"2,100.90",,159451.39
08-04-2026,UPI/DR/576228625575/Ola/ICICI/olamoney@ola/UPI,406026494004,250.88,,159200.51
08-04-2026,INB IMPS/476960199797/Sunita Tiwari/UTIB,330250608317,"23,900.78",,135299.73
09-04-2026,UPI/CR/730339682073/Pallavi/UCBA/pallaviroy65@paytm/UPI,446048936971,,"3,050.39",138350.12
09-04-2026,POS SHOPPERS STOP NASHIK,969864479592,"7,150.22",,131199.90
09-04-2026,POS MAX FASHION NASHIK,665994614275,"7,500.46",,123699.44
10-04-2026,UPI/CR/493552144351/Himanshu/HDFC/6863254265@ptaxis/UPI,412694976480,,"4,850.33",128549.77
10-04-2026,UPI/DR/245337996472/Mohit/FDRL/mohitkuma66@okaxis/UPI,298327538131,"13,200.04",,115349.73
10-04-2026,POS V MART NASHIK,037828082539,"3,650.06",,111699.67
11-04-2026,UPI/DR/569272023329/MSEDCL/UPIN/msedclpayment@upi/UPI,475527626107,"3,700.57",,107999.10
11-04-2026,UPI/DR/018468562001/Apollo/ICICI/apollopharmacy@ybl/UPI,637371935324,299.00,,107700.10
12-04-2026,POS MAX FASHION NASHIK,382089454589,"6,700.57",,100999.53
12-04-2026,UPI/DR/996831848600/Rapido/PAYTM/rapido@icici/UPI,448941794792,600.19,,100399.34
13-04-2026,UPI/DR/787047912248/Zomato/ICICI/zomato@axisbank/UPI,842463317487,"2,500.14",,97899.20
15-04-2026,UPI/DR/632373238522/Netmeds/ICICI/netmeds@paytm/UPI,347112905697,810.04,,97089.16
15-04-2026,UPI/DR/942268555010/BSNL/ICICI/bsnlbroadband@upi/UPI,274341929915,"2,480.53",,94608.63
16-04-2026,POS INDIAN OIL NASHIK,316726301096,"2,000.92",,92607.71
16-04-2026,"ATM WDL
ATM CASH 64903 ROHINI SECTOR 10 NASHIK",959355590961,"3,000.00",,89607.71
16-04-2026,UPI/DR/237684690453/Ola/PAYTM/olamoney@ola/UPI,739701895696,640.26,,88967.45
18-04-2026,POS RELIANCE PETROLEUM NASHIK,912147768204,"3,200.68",,85766.77
18-04-2026,POS CENTRAL MALL NASHIK,741372968412,"3,850.66",,81916.11
20-04-2026,UPI/DR/866978811034/Rapido/PAYTM/rapido@icici/UPI,339068821531,860.88,,81055.23
20-04-2026,UPI/DR/014001998058/Ola/ICICI/olamoney@ola/UPI,959892635149,"1,750.73",,79304.50
20-04-2026,UPI/DR/941171098124/Myntra/PAYTM/myntra@ybl/UPI,745436876943,"5,800.03",,73504.47
20-04-2026,UPI/DR/819554815511/Indane/ICICI/indanegas@upi/UPI,523574925608,"2,100.62",,71403.85
21-04-2026,UPI/DR/834212209484/Zomato/ICICI/zomato@axisbank/UPI,848587768511,"2,500.17",,68903.68
21-04-2026,UPI/CR/470555002816/Sanjay/BARB/8232239492@okhdfcbank/UPI,619649143516,,"21,200.14",90103.82
23-04-2026,UPI/DR/378133390045/Flipkart/PAYTM/flipkart@ybl/UPI,548985112160,750.05,,89353.77
23-04-2026,POS VISHAL MEGA MART NASHIK,298024722787,"6,100.83",,83252.94
23-04-2026,"ATM WDL
ATM CASH 05981 ROHINI SECTOR 10 NASHIK",879108437746,"6,000.00",,77252.94
24-04-2026,UPI/DR/646434160644/Vi/PAYTM/airtel@axis/UPI,085954665505,249.00,,77003.94
25-04-2026,UPI/DR/421456227402/Blinkit/ICICI/blinkit@kotak/UPI,715065905919,"2,330.15",,74673.79
25-04-2026,UPI/DR/336004014641/Sachin/PUNB/sachin.bajaj@ptyes/UPI,297158723292,"21,050.22",,53623.57
26-04-2026,UPI/DR/782607496751/Blinkit/ICICI/blinkit@kotak/UPI,572430756494,960.69,,52662.88
26-04-2026,UPI/DR/072067959666/Hathway/RAZORPAY/broadband@paytm/UPI,783320859134,749.00,,51913.88
26-04-2026,"ATM WDL
ATM CASH 22563 ROHINI SECTOR 10 NASHIK",946898849004,"7,500.00",,44413.88
28-04-2026,CHG FOR NEFT/IMPS TRANSACTION,401904822768,220.00,,44193.88
28-04-2026,GST ON CHARGES,101742941469,39.60,,44154.28
28-04-2026,"ATM WDL
ATM CASH 12714 ROHINI SECTOR 10 NASHIK",126914438846,"6,500.00",,37654.28
29-04-2026,UPI/DR/927720843332/Dunzo/ICICI/dunzo@razorpay/UPI,934008528386,260.54,,37393.74
30-04-2026,UPI/DR/588097419950/PhonePe/ICICI/phonepe@ybl/UPI,999855416847,490.58,,36903.16
30-04-2026,POS SHOPPERS STOP NASHIK,821934013602,"5,650.92",,31252.24
01-05-2026,UPI/DR/772038504152/Girish/FDRL/girish912@apl/UPI,149090607287,"3,100.47",,28151.77
01-05-2026,UPI/CR/863599587537/Kavya/BKID/kavyabose33@ptyes/UPI,480730875295,,"4,100.33",32252.10
01-05-2026,UPI/DR/075600345862/Kapil/BDBL/2807372776@okaxis/UPI,279890010900,"12,300.77",,19951.33
01-05-2026,POS RELIANCE PETROLEUM NASHIK,869558047839,"2,850.89",,17100.44
01-05-2026,UPI/CR/251853412500/Nisha/UTIB/nishaagar14@okhdfcbank/UPI,995434739497,,"18,600.97",35701.41
02-05-2026,UPI/CR/741059837713/Rekha/KKBK/rekha.gupta@aubank/UPI,902013201550,,"19,550.54",55251.95
02-05-2026,UPI/DR/556650352573/Vi/PAYTM/airtel@axis/UPI,845142988907,469.00,,54782.95
02-05-2026,INB NEFT-S3384631245187/Hexaware Technologie/SALARY CR,364568827094,,"67,176.82",121959.77
02-05-2026,UPI/DR/643674821652/Vi/PAYTM/airtel@axis/UPI,624168590939,189.00,,121770.77
03-05-2026,POS D MART NASHIK,565646590981,"5,400.99",,116369.78
03-05-2026,POS INDIAN OIL NASHIK,694794265780,"3,550.12",,112819.66
03-05-2026,NACH/MANDATE/RNT5653702/RENT MANDATE,706693990099,"9,500.00",,103319.66
03-05-2026,UPI/DR/433301081428/Uber/PAYTM/uber@paytm/UPI,871432519659,110.26,,103209.40
04-05-2026,NACH/MANDATE/LN843123792646/Manappuram Finance,116021976267,"17,500.00",,85709.40
05-05-2026,UPI/DR/038630540827/Asha/UCBA/asha.jain@okaxis/UPI,354547442657,"4,000.23",,81709.17
06-05-2026,UPI/DR/996722997687/BigBasket/ICICI/bigbasket@ybl/UPI,518191193516,740.38,,80968.79
06-05-2026,"ATM WDL
ATM CASH 52146 ROHINI SECTOR 10 NASHIK",362596063052,"1,000.00",,79968.79
07-05-2026,UPI/DR/074360580932/Ola/PAYTM/olamoney@ola/UPI,838824786705,520.90,,79447.89
07-05-2026,UPI/DR/746352243139/Uber/PAYTM/uber@paytm/UPI,535864641763,160.03,,79287.86
07-05-2026,UPI/CR/909867779936/Gaurav/BARB/3832549724@ibl/UPI,038585434775,,"20,150.33",99438.19
07-05-2026,UPI/CR/731697481205/Vijay/BARB/vijay.srivastava@okicici/UPI,939670552084,,"2,400.18",101838.37
08-05-2026,UPI/DR/205297156305/Ola/ICICI/olamoney@ola/UPI,695792313260,"1,460.66",,100377.71
08-05-2026,UPI/DR/335022705795/Uber/PAYTM/uber@paytm/UPI,304738536623,470.95,,99906.76
09-05-2026,UPI/DR/583743210765/MSEDCL/UPIN/msedclpayment@upi/UPI,731450233571,"3,900.88",,96005.88
09-05-2026,UPI/CR/920843461649/Girish/SBIN/girish462@aubank/UPI,181047960021,,200.20,96206.08
