Bank Name,BANK OF BARODA
Account Number,2749784479808556
Account Holder Name,ISHA YADAV
Branch,KAROL BAGH
IFSC Code,BARB0832698
Statement Period,01-12-2024 To 09-05-2026

Date,Description,Ref/ChequeNo,Debit,Credit,Balance
01/12/2024,UPI/DR/024456927563/Kunal/BDBL/kunal.srivastava@upi/UPI,986008742023,"17,900.58",,213727.36
01/12/2024,UPI/CR/062793465197/Asha/PUNB/asha718@ptyes/UPI,365497078928,,"10,400.12",224127.48
02/12/2024,POS SHOPPERS STOP NOIDA,130200398439,"2,550.29",,221577.19
02/12/2024,SALARY CREDIT/S0192260860438/Lupin Limited,887957291951,,"96,472.85",318050.04
02/12/2024,UPI/DR/593021519687/Amazon/ICICI/amazon@apl/UPI,183294737533,"2,260.17",,315789.87
03/12/2024,UPI/DR/042675469850/Uber/ICICI/uber@paytm/UPI,477026306203,990.54,,314799.33
04/12/2024,UPI/DR/591837454498/Flipkart/ICICI/flipkart@ybl/UPI,284347422682,410.82,,314388.51
04/12/2024,UPI/CR/094806449120/Sanjay/HDFC/4693543418@ptsbi/UPI,380155513382,,"5,650.69",320039.20
04/12/2024,UPI/DR/236285693565/Paytm/ICICI/paytm@paytm/UPI,727927165695,"2,170.15",,317869.05
05/12/2024,UPI/CR/524341513332/Abhishek/FDRL/abhisheksing19@okaxis/UPI,021148285044,,"17,600.20",335469.25
05/12/2024,UPI/DR/793440948883/Airtel/PAYTM/vi@airtelaxis/UPI,912663714999,319.00,,335150.25
06/12/2024,ATM CASH WITHDRAWAL/83834/NOIDA,896594284017,"6,000.00",,329150.25
06/12/2024,UPI/DR/495231671279/HDFC/LICI/licindia@licindia/UPI,676565312305,"4,000.00",,325150.25
07/12/2024,NACH/MANDATE/RNT4143801/RENT MANDATE,316776541756,"13,000.00",,312150.25
07/12/2024,UPI/CR/208411025496/Rajesh/BDBL/rajesh772@ptsbi/UPI,135783023676,,"4,350.03",316500.28
08/12/2024,UPI/DR/257128136018/1mg/ICICI/tatahealth@icici/UPI,599889003978,550.42,,315949.86
08/12/2024,UPI/DR/177269778388/Practo/ICICI/practo@paytm/UPI,848110424542,399.00,,315550.86
08/12/2024,UPI/DR/106205458107/Kiran/KKBK/3187112937@oksbi/UPI,504569131965,"20,050.65",,295500.21
08/12/2024,UPI/DR/765300262164/Nykaa/PAYTM/nykaa@razorpay/UPI,067464633400,"1,450.28",,294049.93
08/12/2024,UPI/DR/186351911440/Flipkart/ICICI/flipkart@ybl/UPI,086322193495,"2,560.79",,291489.14
09/12/2024,UPI/CR/150972332586/Arjun/BDBL/arjun729@apl/UPI,858917590055,,"12,300.19",303789.33
09/12/2024,UPI/DR/611974801244/BSNL/ICICI/bsnlbroadband@upi/UPI,558662589013,"1,100.21",,302689.12
10/12/2024,UPI/DR/986369170451/Airtel/PAYTM/vi@airtelaxis/UPI,741764673898,749.00,,301940.12
10/12/2024,UPI/DR/824976659390/BSNL/ICICI/bsnlbroadband@upi/UPI,777146295620,470.71,,301469.41
10/12/2024,UPI/DR/775705375346/Amazon/ICICI/amazon@apl/UPI,600231004413,880.56,,300588.85
11/12/2024,UPI/DR/953612892717/Naveen/FDRL/naveensaxe87@okicici/UPI,531214169209,"17,300.40",,283288.45
12/12/2024,ATM CASH WITHDRAWAL/81427/NOIDA,183125324498,"9,500.00",,273788.45
12/12/2024,UPI/DR/326454018352/Rapido/PAYTM/rapido@icici/UPI,727676281166,430.73,,273357.72
12/12/2024,ATM CASH WITHDRAWAL/98740/NOIDA,440068723545,"10,000.00",,263357.72
12/12/2024,ATM CASH WITHDRAWAL/65348/NOIDA,643120387470,"2,000.00",,261357.72
13/12/2024,UPI/CR/293585297540/Sanjay/FDRL/8206686517@ptaxis/UPI,994440968777,,"15,800.52",277158.24
14/12/2024,UPI/DR/299610725969/Kapil/UCBA/1906177380@aubank/UPI,838644732852,"14,550.70",,262607.54
14/12/2024,UPI/DR/828655582564/Jio/ICICI/jio@paytm/UPI,403101300664,"2,370.95",,260236.59
15/12/2024,ATM CASH WITHDRAWAL/13101/NOIDA,867848512358,"8,500.00",,251736.59
15/12/2024,UPI/CR/380362102321/Ashish/UTIB/7475035972@okhdfcbank/UPI,978406515562,,"21,950.26",273686.85
15/12/2024,UPI/DR/527365346524/Ola/ICICI/olamoney@ola/UPI,424879555348,900.31,,272786.54
16/12/2024,UPI/CR/358711586954/Girish/SBIN/girishahuj99@upi/UPI,279942417380,,"12,600.91",285387.45
16/12/2024,UPI/DR/570789050290/Mamta/KKBK/mamtadas78@kotak/UPI,240040338114,"13,000.26",,272387.19
16/12/2024,UPI/DR/811624415539/Jio/ICICI/jio@paytm/UPI,913042017229,620.71,,271766.48
16/12/2024,UPI/DR/351757034526/TSSPDCL/UPIN/tsspdclpayment@upi/UPI,205689130776,"2,000.39",,269766.09
16/12/2024,UPI/DR/745729087909/Preeti/HDFC/5737378186@paytm/UPI,890751198831,"17,050.83",,252715.26
16/12/2024,UPI/DR/927352695648/Flipkart/PAYTM/flipkart@ybl/UPI,698815503225,"1,750.39",,250964.87
17/12/2024,ATM CASH WITHDRAWAL/65810/NOIDA,501332678454,"3,000.00",,247964.87
17/12/2024,UPI/CR/501631371234/Pallavi/FDRL/7499379171@pthdfc/UPI,931197130897,,"4,900.67",252865.54
17/12/2024,POS BHARAT PETROLEUM NOIDA,205567898800,"1,800.85",,251064.69
18/12/2024,POS HP PETROL PUMP NOIDA,563815043518,"1,350.04",,249714.65
18/12/2024,UPI/DR/999281032453/Airtel/PAYTM/vi@airtelaxis/UPI,023861392239,519.00,,249195.65
19/12/2024,UPI/DR/035928479658/Ola/PAYTM/olamoney@ola/UPI,790813141719,80.54,,249115.11
19/12/2024,UPI/DR/313197256607/Indane/ICICI/indanegas@upi/UPI,111237066649,"1,050.49",,248064.62
19/12/2024,UPI/DR/330922685990/Blinkit/ICICI/blinkit@kotak/UPI,571178143850,870.48,,247194.14
20/12/2024,UPI/DR/891905013783/Meesho/PAYTM/meesho@ybl/UPI,910729872347,"2,700.06",,244494.08
20/12/2024,UPI/DR/303350104267/Uber/ICICI/uber@paytm/UPI,764572908654,"1,160.63",,243333.45
20/12/2024,UPI/DR/197193748486/Ola/PAYTM/olamoney@ola/UPI,771428047038,650.88,,242682.57
20/12/2024,UPI/DR/508463824027/Airtel/PAYTM/vi@airtelaxis/UPI,866635491566,779.00,,241903.57
21/12/2024,UPI/CR/620853605658/Neha/HDFC/neha622@ibl/UPI,056853537770,,"12,850.17",254753.74
21/12/2024,UPI/CR/163779675385/Rajesh/BARB/rajesh692@okicici/UPI,939396652933,,"10,350.79",265104.53
22/12/2024,UPI/CR/358718236548/Lalit/FDRL/8573029029@okaxis/UPI,543115182110,,"21,600.98",286705.51
23/12/2024,POS HP PETROL PUMP NOIDA,331587571141,"1,650.29",,285055.22
23/12/2024,UPI/DR/487971857772/Uber/PAYTM/uber@paytm/UPI,158878378930,800.53,,284254.69
24/12/2024,POS METRO CASH CARRY NOIDA,690165457032,"3,050.00",,281204.69
24/12/2024,UPI/DR/427426977530/Pankaj/SBIN/pankaj.kulkarni@kotak/UPI,396946789045,"17,500.67",,263704.02
26/12/2024,UPI/DR/693581142663/Vandana/HDFC/vandana.menon@upi/UPI,643419558189,"19,250.86",,244453.16
26/12/2024,UPI/DR/988238285282/Swiggy/ICICI/swiggy@icici/UPI,916243715685,"1,040.39",,243412.77
27/12/2024,POS BHARAT PETROLEUM NOIDA,621334252072,"4,250.27",,239162.50
27/12/2024,UPI/DR/846911839905/Amazon/ICICI/amazon@apl/UPI,930486182083,"2,370.83",,236791.67
28/12/2024,UPI/DR/319225063265/BigBasket/ICICI/bigbasket@ybl/UPI,306809318961,740.64,,236051.03
28/12/2024,INTEREST CREDIT,463899712073,,560.18,236611.21
29/12/2024,UPI/DR/260943329616/BSNL/RAZORPAY/broadband@paytm/UPI,090055114762,299.00,,236312.21
29/12/2024,UPI/DR/516659706507/Saurabh/BKID/saurabhsing86@kotak/UPI,281227060985,"18,150.09",,218162.12
30/12/2024,SMS CHARGES,437718014536,170.00,,217992.12
30/12/2024,UPI/DR/024259768093/BigBasket/ICICI/bigbasket@ybl/UPI,650929776720,"1,080.61",,216911.51
30/12/2024,GST ON CHARGES,583884544596,30.60,,216880.91
31/12/2024,POS METRO CASH CARRY NOIDA,614955957095,"7,000.16",,209880.75
01/01/2025,SALARY CREDIT/S3625779770117/Lupin Limited,473716328600,,"97,457.85",307338.60
02/01/2025,ATM CASH WITHDRAWAL/71616/NOIDA,097152843638,"5,500.00",,301838.60
02/01/2025,UPI/DR/675824968401/Renu/BKID/renupill52@okhdfcbank/UPI,620746536536,"20,300.20",,281538.40
03/01/2025,UPI/DR/002261940511/Paytm/ICICI/paytm@paytm/UPI,250797644321,"1,060.08",,280478.32
04/01/2025,NACH/MANDATE/RNT5625039/RENT MANDATE,616119683427,"13,000.00",,267478.32
04/01/2025,ATM CASH WITHDRAWAL/48572/NOIDA,051110852141,"7,000.00",,260478.32
04/01/2025,UPI/DR/310628567060/HDFC/LICI/licindia@licindia/UPI,623761937049,"4,000.00",,256478.32
05/01/2025,UPI/DR/677031593887/Airtel/PAYTM/vi@airtelaxis/UPI,048856536546,609.00,,255869.32
05/01/2025,UPI/CR/884423765182/Kunal/BARB/kunal.pandey@apl/UPI,250591564817,,"5,900.24",261769.56
06/01/2025,POS SHELL FUEL STATION NOIDA,270245009406,"2,150.41",,259619.15
06/01/2025,UPI/DR/117744372612/Uber/PAYTM/uber@paytm/UPI,177677960982,810.38,,258808.77
06/01/2025,UPI/DR/396558774001/Poonam/HDFC/poonam.kulkarni@upi/UPI,346007957661,"9,600.46",,249208.31
06/01/2025,ATM CASH WITHDRAWAL/26963/NOIDA,757116602779,"5,500.00",,243708.31
07/01/2025,UPI/CR/325392624769/Naveen/SBIN/4288322757@pthdfc/UPI,836368228455,,"6,200.80",249909.11
09/01/2025,UPI/DR/750621587638/Zepto/ICICI/zepto@apl/UPI,386290402852,"1,760.12",,248148.99
09/01/2025,UPI/DR/123564345976/Vijay/KKBK/0533134721@ptyes/UPI,522413676337,"5,900.33",,242248.66
11/01/2025,ATM CASH WITHDRAWAL/42880/NOIDA,432831181831,"6,000.00",,236248.66
11/01/2025,UPI/DR/800906841614/Ola/PAYTM/olamoney@ola/UPI,431613863125,720.99,,235527.67
11/01/2025,UPI/CR/533526560155/Nisha/SBIN/2173513159@pthdfc/UPI,999384577091,,"15,750.85",251278.52
11/01/2025,POS CENTRAL MALL NOIDA,278766332699,"5,350.61",,245927.91
12/01/2025,UPI/CR/640030634013/Ankit/BARB/5422735089@kotak/UPI,627547395358,,"3,050.16",248978.07
12/01/2025,UPI/DR/977092895671/Zepto/ICICI/zepto@apl/UPI,369420102914,"1,710.94",,247267.13
12/01/2025,POS SHOPPERS STOP NOIDA,193175416613,"1,850.67",,245416.46
13/01/2025,IMPS-338520278373-Maya Mishra,723499409906,"7,600.27",,237816.19
14/01/2025,UPI/DR/888031294981/Airtel/PAYTM/vi@airtelaxis/UPI,781720070657,739.00,,237077.19
14/01/2025,UPI/CR/884373850449/Maya/KKBK/maya202@okhdfcbank/UPI,334588900680,,"11,250.16",248327.35
15/01/2025,UPI/DR/998387060237/Airtel/PAYTM/vi@airtelaxis/UPI,339426543101,259.00,,248068.35
16/01/2025,UPI/DR/467890273645/Airtel/PAYTM/vi@airtelaxis/UPI,656264080924,319.00,,247749.35
17/01/2025,UPI/DR/392126108430/Flipkart/ICICI/flipkart@ybl/UPI,442136526438,"2,550.84",,245198.51
17/01/2025,UPI/DR/304712199455/Zomato/ICICI/zomato@axisbank/UPI,689258074828,"2,150.66",,243047.85
17/01/2025,POS BIG BAZAAR NOIDA,250203891537,"4,150.72",,238897.13
17/01/2025,UPI/DR/416911908900/Rapido/PAYTM/rapido@icici/UPI,181113508038,320.87,,238576.26
19/01/2025,UPI/CR/136995186914/Mohan/PUNB/7292322605@ybl/UPI,290102288174,,"18,600.15",257176.41
19/01/2025,UPI/CR/009042452012/Mina/UCBA/mina.naik@kotak/UPI,062683508448,,"18,300.27",275476.68
19/01/2025,POS PANTALOONS NOIDA,687988358996,"4,150.86",,271325.82
19/01/2025,UPI/DR/014414809439/Kavita/BDBL/kavita451@ptsbi/UPI,058522607353,"19,000.58",,252325.24
20/01/2025,UPI/DR/286965245842/Flipkart/ICICI/flipkart@ybl/UPI,269207130905,"2,260.33",,250064.91
20/01/2025,UPI/DR/829953680205/TSSPDCL/UPIN/tsspdclpayment@upi/UPI,966930326730,"2,650.80",,247414.11
20/01/2025,UPI/DR/397143938308/Netmeds/ICICI/netmeds@paytm/UPI,456219434897,"1,510.74",,245903.37
21/01/2025,UPI/CR/190072715328/Rohit/SBIN/rohit.agarwal@ptyes/UPI,135940040750,,"17,700.77",263604.14
21/01/2025,POS LIFESTYLE STORES NOIDA,631969395964,"1,050.17",,262553.97
22/01/2025,UPI/CR/208562107889/Mamta/KKBK/mamta.chopra@paytm/UPI,566412306254,,"13,850.92",276404.89
23/01/2025,UPI/DR/427750110460/Sunil/KKBK/sunil197@okicici/UPI,245481510882,"15,250.55",,261154.34
23/01/2025,POS SHOPPERS STOP NOIDA,680085058082,"6,100.54",,255053.80
23/01/2025,POS LIFESTYLE STORES NOIDA,140248632710,"2,700.80",,252353.00
24/01/2025,UPI/DR/656190892103/Uber/PAYTM/uber@paytm/UPI,776903339922,440.29,,251912.71
25/01/2025,UPI/DR/644329754301/BSNL/ICICI/bsnlbroadband@upi/UPI,843913326294,"1,290.34",,250622.37
25/01/2025,UPI/DR/574761131312/Blinkit/ICICI/blinkit@kotak/UPI,361066580430,"1,910.97",,248711.40
25/01/2025,UPI/DR/070203557137/Dunzo/ICICI/dunzo@razorpay/UPI,802583597942,"1,860.66",,246850.74
25/01/2025,UPI/DR/521650035159/Meesho/PAYTM/meesho@ybl/UPI,788296763269,"2,350.68",,244500.06
26/01/2025,UPI/DR/765544905315/Indane/ICICI/indanegas@upi/UPI,968740878302,"2,750.53",,241749.53
27/01/2025,UPI/DR/135521488330/BSNL/ICICI/bsnlbroadband@upi/UPI,674476831538,520.57,,241228.96
27/01/2025,UPI/DR/806130727347/Rajesh/HDFC/8831910156@ptsbi/UPI,281614426073,"7,650.80",,233578.16
28/01/2025,POS INDIAN OIL NOIDA,166737158623,"1,150.52",,232427.64
28/01/2025,GST ON CHARGES,400462144643,45.00,,232382.64
28/01/2025,SMS CHARGES,330528337738,250.00,,232132.64
30/01/2025,UPI/DR/310614112860/Rani/UTIB/rani.bose@okicici/UPI,609152748334,"3,500.80",,228631.84
31/01/2025,UPI/DR/788524611844/Seema/FDRL/seemapill48@oksbi/UPI,856591258782,"21,700.93",,206930.91
01/02/2025,UPI/DR/334047121341/Sneha/UCBA/0332158553@paytm/UPI,420179285415,"5,500.37",,201430.54
01/02/2025,POS RELIANCE PETROLEUM NOIDA,137871990386,"3,750.33",,197680.21
02/02/2025,UPI/DR/114847806809/Rapido/PAYTM/rapido@icici/UPI,865554259862,610.91,,197069.30
02/02/2025,SALARY CREDIT/S1498321333752/Lupin Limited,289134502606,,"97,883.85",294953.15
02/02/2025,UPI/DR/744489414561/Ola/PAYTM/olamoney@ola/UPI,122470151105,530.96,,294422.19
03/02/2025,UPI/DR/490489640534/Arjun/UCBA/arjun.sethi@aubank/UPI,204800691493,"9,900.78",,284521.41
03/02/2025,NACH/MANDATE/RNT4507948/RENT MANDATE,399938941147,"13,000.00",,271521.41
04/02/2025,UPI/DR/050678113509/Airtel/PAYTM/vi@airtelaxis/UPI,947427729450,259.00,,271262.41
04/02/2025,UPI/DR/427475013082/Sarita/SBIN/8062234602@kotak/UPI,531891299086,"19,350.18",,251912.23
05/02/2025,UPI/DR/764355903167/Airtel/PAYTM/vi@airtelaxis/UPI,185552787062,369.00,,251543.23
05/02/2025,UPI/DR/256583961522/Ravi/BARB/ravi.kapoor@okhdfcbank/UPI,404672355937,"20,500.99",,231042.24
06/02/2025,UPI/DR/784934473050/Vishal/FDRL/vishal.pandey@kotak/UPI,507470118265,"1,800.82",,229241.42
06/02/2025,UPI/DR/220856285275/Amazon/ICICI/amazon@apl/UPI,470835566733,330.26,,228911.16
06/02/2025,UPI/DR/822068708859/Sumit/BARB/sumit526@okhdfcbank/UPI,538922988938,"9,700.45",,219210.71
06/02/2025,UPI/DR/580834976930/Flipkart/ICICI/flipkart@ybl/UPI,938914537623,"1,540.04",,217670.67
07/02/2025,UPI/DR/773905842652/Airtel/PAYTM/vi@airtelaxis/UPI,478324619420,229.00,,217441.67
07/02/2025,UPI/DR/816495506938/Airtel/PAYTM/vi@airtelaxis/UPI,373461091217,509.00,,216932.67
08/02/2025,POS MORE SUPER MARKET NOIDA,788720522343,"7,650.58",,209282.09
08/02/2025,IMPS-200902888459-Shreya Menon,661908454489,"14,300.56",,194981.53
09/02/2025,UPI/DR/473383405846/HDFC/LICI/licindia@licindia/UPI,624544509116,"4,000.00",,190981.53
09/02/2025,UPI/DR/927095507309/Nykaa/PAYTM/nykaa@razorpay/UPI,957754716517,"4,650.65",,186330.88
09/02/2025,UPI/CR/164189227419/Meena/BARB/0951014896@kotak/UPI,253535283907,,"19,050.84",205381.72
10/02/2025,UPI/DR/094596927269/BSNL/ICICI/bsnlbroadband@upi/UPI,986421391823,"1,740.53",,203641.19
10/02/2025,UPI/DR/078006566141/Anil/PUNB/anilmalh88@axl/UPI,146701899071,"2,700.47",,200940.72
10/02/2025,UPI/DR/888785167870/Ola/ICICI/olamoney@ola/UPI,282912706422,730.01,,200210.71
10/02/2025,POS MORE SUPER MARKET NOIDA,502585311955,"6,200.98",,194009.73
10/02/2025,POS MORE SUPER MARKET NOIDA,029400924207,"4,600.14",,189409.59
10/02/2025,UPI/DR/705032680269/Shivam/KKBK/shivammish66@oksbi/UPI,796364053022,"8,050.37",,181359.22
11/02/2025,POS BRAND FACTORY NOIDA,832050393623,"8,050.46",,173308.76
11/02/2025,UPI/DR/678362581281/Kavya/BDBL/1065440075@kotak/UPI,874802781933,"1,450.46",,171858.30
11/02/2025,UPI/DR/145600900124/BSNL/ICICI/bsnlbroadband@upi/UPI,992480972203,"2,790.85",,169067.45
11/02/2025,UPI/DR/763602423006/Blinkit/ICICI/blinkit@kotak/UPI,869933586831,"2,660.25",,166407.20
11/02/2025,UPI/DR/670462356908/Jio/ICICI/jio@paytm/UPI,203358659984,"2,710.02",,163697.18
11/02/2025,UPI/DR/425680789192/Flipkart/PAYTM/flipkart@ybl/UPI,531443849217,"3,750.35",,159946.83
11/02/2025,UPI/DR/471597377056/Deepak/KKBK/deepak.yadav@ibl/UPI,065362362967,"14,600.12",,145346.71
11/02/2025,UPI/DR/824934051508/Indane/ICICI/indanegas@upi/UPI,825392246748,"1,300.78",,144045.93
12/02/2025,UPI/DR/389603549799/Swiggy/ICICI/swiggy@icici/UPI,357666635818,"1,230.25",,142815.68
14/02/2025,UPI/DR/456116275467/TSSPDCL/UPIN/tsspdclpayment@upi/UPI,156234204249,"3,200.05",,139615.63
14/02/2025,UPI/DR/947645476531/Lalit/BDBL/lalit.jain@ptyes/UPI,622863453171,"18,000.74",,121614.89
14/02/2025,UPI/CR/689698579765/Pallavi/BARB/8463163088@pthdfc/UPI,580754918493,,"15,200.47",136815.36
14/02/2025,UPI/DR/743182098360/Paytm/ICICI/paytm@paytm/UPI,219481758780,130.48,,136684.88
15/02/2025,UPI/DR/716733852666/Gaurav/UTIB/3990823525@okaxis/UPI,791768361078,"4,600.71",,132084.17
16/02/2025,POS INDIAN OIL NOIDA,887833149623,"2,350.95",,129733.22
17/02/2025,ATM CASH WITHDRAWAL/52855/NOIDA,552208204872,"1,000.00",,128733.22
18/02/2025,NEFT/N0490246204160/Hero MotoCorp Ltd,277402408966,,"32,500.95",161234.17
18/02/2025,UPI/CR/309031493037/Girish/BKID/girish.nambiar@okhdfcbank/UPI,233884346776,,"13,950.06",175184.23
18/02/2025,UPI/DR/903057101070/Swiggy/ICICI/swiggy@icici/UPI,678039770214,"1,150.73",,174033.50
19/02/2025,UPI/DR/540259889677/Varsha/UTIB/varsha.das@ibl/UPI,063419694012,"10,900.90",,163132.60
19/02/2025,UPI/DR/245263984951/Amazon/PAYTM/amazon@apl/UPI,055684432941,"3,400.04",,159732.56
19/02/2025,UPI/DR/513365535961/BSNL/ICICI/bsnlbroadband@upi/UPI,868269139360,"2,700.32",,157032.24
19/02/2025,UPI/DR/386684999848/Ola/PAYTM/olamoney@ola/UPI,792094361457,170.27,,156861.97
20/02/2025,UPI/DR/686027188551/Amazon/ICICI/amazon@apl/UPI,202977719489,"1,780.76",,155081.21
20/02/2025,UPI/DR/382735260046/Rapido/PAYTM/rapido@icici/UPI,278889730359,770.64,,154310.57
21/02/2025,UPI/DR/212318227965/Zepto/ICICI/zepto@apl/UPI,638976093515,320.42,,153990.15
21/02/2025,UPI/CR/182385420889/Archana/KKBK/archanakulk47@ptsbi/UPI,268578543572,,"14,950.45",168940.60
21/02/2025,UPI/DR/920145863245/Flipkart/ICICI/flipkart@ybl/UPI,235575221996,"1,950.33",,166990.27
22/02/2025,UPI/DR/027740880547/Ola/PAYTM/olamoney@ola/UPI,984023040216,790.26,,166200.01
22/02/2025,POS D MART NOIDA,193510545252,"4,200.37",,161999.64
25/02/2025,UPI/CR/364361127038/Usha/SBIN/1408481006@pthdfc/UPI,488603327807,,"2,050.83",164050.47
25/02/2025,UPI/DR/710222420766/Uber/PAYTM/uber@paytm/UPI,834282678537,870.86,,163179.61
26/02/2025,POS RELIANCE MART NOIDA,642153831224,"6,850.89",,156328.72
26/02/2025,UPI/DR/115330068371/Airtel/PAYTM/vi@airtelaxis/UPI,152627465547,529.00,,155799.72
27/02/2025,UPI/DR/631898398522/BSNL/RAZORPAY/broadband@paytm/UPI,638699254460,749.00,,155050.72
27/02/2025,UPI/DR/491836125641/MakeMyTrip/ICICI/makemytrip@axisbank/UPI,346214961204,149.00,,154901.72
27/02/2025,UPI/CR/210609559222/Sachin/BKID/sachin.bajaj@kotak/UPI,007115155900,,"15,500.26",170401.98
28/02/2025,UPI/DR/407712163295/Kunal/SBIN/kunaljosh79@pthdfc/UPI,672037066216,"20,850.63",,149551.35
01/03/2025,UPI/DR/775578909441/Amazon/ICICI/amazon@apl/UPI,191315393620,870.19,,148681.16
01/03/2025,UPI/CR/604888108722/Brijesh/SBIN/brijesh535@apl/UPI,460541481219,,"10,700.55",159381.71
01/03/2025,UPI/DR/775771623350/Nikhil/UTIB/nikhil.sethi@paytm/UPI,594812770333,"9,250.81",,150130.90
02/03/2025,UPI/DR/269085957540/Mina/SBIN/mina.patel@upi/UPI,243595621121,"5,300.49",,144830.41
02/03/2025,ATM CASH WITHDRAWAL/80241/NOIDA,356451986749,"2,000.00",,142830.41
02/03/2025,UPI/CR/256071482477/Amit/BDBL/3831302239@okicici/UPI,304229012726,,"1,350.63",144181.04
02/03/2025,UPI/DR/016636191054/Mohit/UTIB/mohit.kumar@ptsbi/UPI,108713896870,"16,900.11",,127280.93
03/03/2025,POS BRAND FACTORY NOIDA,525295654726,"2,150.67",,125130.26
03/03/2025,SMS CHARGES,786682169807,430.00,,124700.26
03/03/2025,SALARY CREDIT/S3755345785990/Lupin Limited,424354764514,,"95,070.85",219771.11
03/03/2025,GST ON CHARGES,127880748355,77.40,,219693.71
03/03/2025,UPI/DR/275310422584/Mukesh/BDBL/1461497946@paytm/UPI,900423406832,"9,800.96",,209892.75
03/03/2025,UPI/DR/521309325035/Uber/ICICI/uber@paytm/UPI,602645872124,"1,230.83",,208661.92
04/03/2025,UPI/DR/898544837807/Amazon/ICICI/amazon@apl/UPI,369252325664,"1,330.54",,207331.38
05/03/2025,UPI/DR/083841496141/Jio/ICICI/jio@paytm/UPI,350914183342,"1,330.82",,206000.56
06/03/2025,NACH/MANDATE/RNT4841779/RENT MANDATE,600991056813,"13,000.00",,193000.56
06/03/2025,POS MORE SUPER MARKET NOIDA,670115698948,450.23,,192550.33
07/03/2025,UPI/DR/555726868783/Paytm/ICICI/paytm@paytm/UPI,946537817510,540.91,,192009.42
07/03/2025,POS HP PETROL PUMP NOIDA,177504927793,"3,950.74",,188058.68
07/03/2025,POS D MART NOIDA,227404218711,"3,650.96",,184407.72
07/03/2025,UPI/DR/323009978580/Apollo/ICICI/apollopharmacy@ybl/UPI,993417582277,"1,650.02",,182757.70
09/03/2025,UPI/DR/489794359048/Jio/ICICI/jio@paytm/UPI,289751505969,"1,020.18",,181737.52
09/03/2025,UPI/DR/908282022022/Spotify/ICICI/spotify@icici/UPI,265354310307,599.00,,181138.52
10/03/2025,UPI/CR/818882836324/Sarita/BARB/saritakhan55@ptaxis/UPI,194564385808,,"2,000.61",183139.13
10/03/2025,ATM CASH WITHDRAWAL/79444/NOIDA,169839840947,"4,500.00",,178639.13
10/03/2025,POS BIG BAZAAR NOIDA,458630704420,"3,650.04",,174989.09
11/03/2025,UPI/DR/135178038049/Myntra/PAYTM/myntra@ybl/UPI,405731902052,"2,900.63",,172088.46
11/03/2025,UPI/DR/682008186033/Meesho/PAYTM/meesho@ybl/UPI,165068451512,"4,300.37",,167788.09
11/03/2025,UPI/DR/267994818868/HDFC/LICI/licindia@licindia/UPI,867920505242,"4,000.00",,163788.09
12/03/2025,POS SHELL FUEL STATION NOIDA,301971846641,"2,650.70",,161137.39
12/03/2025,UPI/DR/929531395022/BSNL/ICICI/bsnlbroadband@upi/UPI,799630707159,140.86,,160996.53
12/03/2025,UPI/DR/977439545318/Dunzo/ICICI/dunzo@razorpay/UPI,574582916921,180.17,,160816.36
13/03/2025,UPI/DR/601293345204/Indane/ICICI/indanegas@upi/UPI,651857042010,"2,500.90",,158315.46
13/03/2025,UPI/CR/904820532450/Ajay/BKID/ajaypand56@axl/UPI,242185194929,,"20,450.12",178765.58
13/03/2025,ATM CASH WITHDRAWAL/42940/NOIDA,936269198121,"5,500.00",,173265.58
13/03/2025,UPI/DR/651136503275/Airtel/PAYTM/vi@airtelaxis/UPI,492344817939,779.00,,172486.58
14/03/2025,UPI/DR/161099626153/BigBasket/ICICI/bigbasket@ybl/UPI,982788335374,410.97,,172075.61
15/03/2025,UPI/DR/143324835044/TSSPDCL/UPIN/tsspdclpayment@upi/UPI,040286469550,"1,650.62",,170424.99
15/03/2025,POS METRO CASH CARRY NOIDA,114165649757,"2,350.93",,168074.06
15/03/2025,UPI/DR/352340367543/Rapido/PAYTM/rapido@icici/UPI,454295381969,260.74,,167813.32
16/03/2025,UPI/DR/775976588901/Rapido/PAYTM/rapido@icici/UPI,290652582601,260.03,,167553.29
16/03/2025,UPI/DR/151008908845/Ajay/FDRL/ajay941@okaxis/UPI,323105400165,"1,100.36",,166452.93
17/03/2025,UPI/DR/094108536399/Airtel/PAYTM/vi@airtelaxis/UPI,902810343749,999.00,,165453.93
17/03/2025,UPI/DR/670157143263/Varun/UCBA/varun566@ibl/UPI,551520410197,"4,850.23",,160603.70
18/03/2025,POS MORE SUPER MARKET NOIDA,372912791730,"6,300.76",,154302.94
20/03/2025,UPI/DR/044603897159/Vivek/PUNB/vivek.naik@oksbi/UPI,277095292379,"5,400.74",,148902.20
20/03/2025,UPI/DR/113975046833/Ola/ICICI/olamoney@ola/UPI,569489123124,"1,000.10",,147902.10
21/03/2025,UPI/DR/576644801852/BSNL/ICICI/bsnlbroadband@upi/UPI,727759426488,720.10,,147182.00
22/03/2025,UPI/DR/148746993403/Rapido/PAYTM/rapido@icici/UPI,594486198869,470.90,,146711.10
23/03/2025,UPI/DR/288381082615/BSNL/RAZORPAY/broadband@paytm/UPI,363635699793,549.00,,146162.10
23/03/2025,UPI/DR/954629278817/Airtel/PAYTM/vi@airtelaxis/UPI,859724086473,189.00,,145973.10
23/03/2025,UPI/DR/730831950681/Airtel/PAYTM/vi@airtelaxis/UPI,638908459570,949.00,,145024.10
23/03/2025,UPI/CR/041158825584/Sapna/BKID/sapna.kumar@apl/UPI,177354701059,,"14,200.29",159224.39
24/03/2025,UPI/DR/261209502462/Sonia/BKID/soniaseth82@ptyes/UPI,097273131776,"21,150.20",,138074.19
25/03/2025,ATM CASH WITHDRAWAL/50875/NOIDA,593219031757,"1,500.00",,136574.19
25/03/2025,UPI/DR/078431415657/Asha/BARB/8015934775@pthdfc/UPI,231421544456,"8,750.18",,127824.01
26/03/2025,IMPS-558717700639-Pankaj Gupta,904091245053,"23,700.10",,104123.91
26/03/2025,UPI/CR/483721378132/Sunita/KKBK/sunitachop25@okaxis/UPI,183575280814,,"12,150.69",116274.60
26/03/2025,UPI/DR/077447019659/Poonam/PUNB/poonam749@aubank/UPI,230175350420,"17,700.57",,98574.03
27/03/2025,POS CENTRAL MALL NOIDA,880209085525,"2,150.98",,96423.05
27/03/2025,UPI/DR/142519214293/Rapido/PAYTM/rapido@icici/UPI,504959262205,560.74,,95862.31
27/03/2025,UPI/DR/076839934867/Airtel/PAYTM/vi@airtelaxis/UPI,348082724511,259.00,,95603.31
28/03/2025,SMS CHARGES,138839735652,440.00,,95163.31
28/03/2025,INTEREST CREDIT,186230990411,,670.73,95834.04
28/03/2025,GST ON CHARGES,891380200704,79.20,,95754.84
29/03/2025,UPI/DR/682072203772/Jio/ICICI/jio@paytm/UPI,277370156372,"1,600.66",,94154.18
29/03/2025,POS LIFESTYLE STORES NOIDA,426718200728,"1,950.38",,92203.80
29/03/2025,UPI/CR/675673062577/Kunal/SBIN/kunal946@okicici/UPI,649989573235,,"6,450.54",98654.34
29/03/2025,UPI/DR/231445715672/Rapido/PAYTM/rapido@icici/UPI,678651677480,850.12,,97804.22
30/03/2025,UPI/DR/729508304898/Arjun/BDBL/arjun.patil@upi/UPI,717764032282,"11,150.83",,86653.39
31/03/2025,ATM CASH WITHDRAWAL/86273/NOIDA,598012296784,"6,500.00",,80153.39
01/04/2025,UPI/DR/721455148057/Maya/UCBA/maya492@aubank/UPI,123675222020,"6,450.10",,73703.29
01/04/2025,ATM CASH WITHDRAWAL/97517/NOIDA,828110777943,"5,500.00",,68203.29
01/04/2025,UPI/DR/100411670220/Ola/ICICI/olamoney@ola/UPI,633624352242,230.57,,67972.72
02/04/2025,SALARY CREDIT/S0191093933605/Lupin Limited,529744693035,,"95,903.85",163876.57
02/04/2025,ATM CASH WITHDRAWAL/28304/NOIDA,460225105787,"8,500.00",,155376.57
03/04/2025,UPI/DR/542162106478/Jio/ICICI/jio@paytm/UPI,673873492582,"2,070.72",,153305.85
03/04/2025,UPI/DR/521189566037/Zepto/ICICI/zepto@apl/UPI,211139985529,630.13,,152675.72
04/04/2025,UPI/DR/034908378634/Swati/HDFC/swati371@oksbi/UPI,678714185862,"12,050.71",,140625.01
04/04/2025,NACH/MANDATE/RNT7322424/RENT MANDATE,518597280519,"13,000.00",,127625.01
04/04/2025,ATM CASH WITHDRAWAL/51930/NOIDA,364384851858,"2,500.00",,125125.01
05/04/2025,UPI/DR/763005315877/BSNL/ICICI/bsnlbroadband@upi/UPI,871950603895,"1,190.15",,123934.86
06/04/2025,ATM CASH WITHDRAWAL/85023/NOIDA,775801386125,"3,000.00",,120934.86
06/04/2025,UPI/DR/303141261736/Airtel/PAYTM/vi@airtelaxis/UPI,252098444777,399.00,,120535.86
06/04/2025,POS LIFESTYLE STORES NOIDA,873755532695,"3,200.48",,117335.38
07/04/2025,UPI/DR/643256299097/Airtel/PAYTM/vi@airtelaxis/UPI,027962004354,629.00,,116706.38
07/04/2025,UPI/CR/622668761779/Renu/HDFC/renujosh76@axl/UPI,533600379698,,"3,450.23",120156.61
07/04/2025,UPI/DR/967944395413/Rapido/PAYTM/rapido@icici/UPI,478712862543,790.17,,119366.44
08/04/2025,UPI/DR/210455393137/Sneha/UCBA/4642204926@ptaxis/UPI,413754381440,"7,500.33",,111866.11
09/04/2025,UPI/CR/315697977452/Kavya/HDFC/kavya.verma@oksbi/UPI,153124153581,,"7,850.87",119716.98
09/04/2025,UPI/DR/572550943866/HDFC/LICI/licindia@licindia/UPI,958952656387,"4,000.00",,115716.98
10/04/2025,POS CENTRAL MALL NOIDA,875479201180,"6,800.99",,108915.99
10/04/2025,UPI/DR/241958455105/Babita/HDFC/7097002234@ptsbi/UPI,841221502240,"3,300.82",,105615.17
10/04/2025,POS MORE SUPER MARKET NOIDA,415020374397,"6,500.29",,99114.88
11/04/2025,UPI/DR/199844189709/Meesho/PAYTM/meesho@ybl/UPI,685837409415,900.54,,98214.34
11/04/2025,UPI/CR/134440488522/Rohit/SBIN/rohit256@paytm/UPI,385654917218,,"20,400.48",118614.82
12/04/2025,UPI/CR/947766166229/Sumit/SBIN/4998259021@pthdfc/UPI,073936770905,,"9,500.86",128115.68
12/04/2025,UPI/DR/756368230794/TSSPDCL/UPIN/tsspdclpayment@upi/UPI,581112977645,"2,450.55",,125665.13
12/04/2025,UPI/DR/095502456705/Rekha/BKID/rekhatiwa25@ibl/UPI,127982426024,"21,950.54",,103714.59
13/04/2025,UPI/CR/600152569589/Kunal/BKID/6821654506@pthdfc/UPI,980149568381,,"7,200.24",110914.83
13/04/2025,UPI/DR/646433128941/Indane/ICICI/indanegas@upi/UPI,401857520962,850.53,,110064.30
14/04/2025,UPI/CR/262287786863/Himanshu/FDRL/himanshumukh34@kotak/UPI,387570126573,,"12,950.96",123015.26
14/04/2025,UPI/DR/141694066452/BigBasket/ICICI/bigbasket@ybl/UPI,525996658163,"1,610.73",,121404.53
15/04/2025,UPI/DR/055431245218/Rapido/PAYTM/rapido@icici/UPI,442655357896,550.14,,120854.39
15/04/2025,UPI/DR/064687196101/BSNL/RAZORPAY/broadband@paytm/UPI,844884196454,549.00,,120305.39
15/04/2025,UPI/DR/381740035925/Amazon/ICICI/amazon@apl/UPI,770257619877,"2,090.18",,118215.21
15/04/2025,UPI/DR/463302287262/Nykaa/PAYTM/nykaa@razorpay/UPI,677851934455,"5,050.98",,113164.23
16/04/2025,UPI/DR/408516493243/Vijay/KKBK/7076197970@kotak/UPI,265255081509,"12,750.05",,100414.18
16/04/2025,UPI/DR/077442081228/Rapido/PAYTM/rapido@icici/UPI,009170524106,780.68,,99633.50
17/04/2025,UPI/DR/557743541863/Ola/PAYTM/olamoney@ola/UPI,766097853541,360.93,,99272.57
19/04/2025,UPI/DR/939102504407/Airtel/PAYTM/vi@airtelaxis/UPI,871651993524,539.00,,98733.57
20/04/2025,POS BHARAT PETROLEUM NOIDA,398574743420,"1,750.20",,96983.37
21/04/2025,UPI/CR/171178164937/Anjali/SBIN/anjali.chaudhary@okaxis/UPI,302480601328,,"2,550.24",99533.61
22/04/2025,UPI/DR/350094628635/Ola/ICICI/olamoney@ola/UPI,054488759951,"2,780.87",,96752.74
22/04/2025,UPI/CR/031927430709/Amit/HDFC/amit.menon@oksbi/UPI,990994115741,,"20,650.66",117403.40
23/04/2025,UPI/DR/713830342060/Yogesh/SBIN/yogeshkapo54@okhdfcbank/UPI,004498645986,"10,600.07",,106803.33
25/04/2025,UPI/CR/465684043684/Deepak/BDBL/5574489489@paytm/UPI,040325471508,,"3,450.59",110253.92
25/04/2025,POS BHARAT PETROLEUM NOIDA,048968024178,"4,000.11",,106253.81
25/04/2025,UPI/DR/791122786886/Uber/PAYTM/uber@paytm/UPI,665577077393,270.00,,105983.81
27/04/2025,UPI/CR/636694854821/Mohit/BKID/mohit.thapar@ybl/UPI,979373692651,,"20,200.57",126184.38
27/04/2025,UPI/DR/876659139033/Flipkart/PAYTM/flipkart@ybl/UPI,448082181423,"2,850.93",,123333.45
27/04/2025,UPI/CR/314401524609/Naresh/BDBL/naresh857@oksbi/UPI,298608625507,,"4,200.82",127534.27
27/04/2025,UPI/DR/782144205813/BigBasket/ICICI/bigbasket@ybl/UPI,271264908539,140.77,,127393.50
28/04/2025,POS V MART NOIDA,368151912844,"3,400.93",,123992.57
28/04/2025,UPI/DR/245206045826/BSNL/ICICI/bsnlbroadband@upi/UPI,054862496317,530.70,,123461.87
29/04/2025,POS BRAND FACTORY NOIDA,544272252721,"4,650.94",,118810.93
30/04/2025,UPI/CR/143750722276/Deepa/BARB/deepagupt99@okhdfcbank/UPI,637440419669,,"20,650.47",139461.40
30/04/2025,SMS CHARGES,303692645691,170.00,,139291.40
30/04/2025,GST ON CHARGES,183285582771,30.60,,139260.80
01/05/2025,UPI/DR/158518040971/Pooja/PUNB/pooja899@okicici/UPI,109085858300,"4,200.46",,135060.34
01/05/2025,POS PANTALOONS NOIDA,261651822310,"4,550.86",,130509.48
01/05/2025,SALARY CREDIT/S6214237254845/Lupin Limited,986869359538,,"94,745.85",225255.33
02/05/2025,UPI/CR/529722820922/Kapil/KKBK/kapilnaik94@okaxis/UPI,131920574273,,"16,150.54",241405.87
04/05/2025,POS CENTRAL MALL NOIDA,066820460463,"1,200.87",,240205.00
04/05/2025,POS RELIANCE PETROLEUM NOIDA,374117489322,"3,250.40",,236954.60
05/05/2025,UPI/CR/967774605600/Rekha/BKID/rekhashah96@apl/UPI,970342961907,,"10,850.90",247805.50
05/05/2025,UPI/CR/064974482472/Mina/UTIB/1439744876@aubank/UPI,153729164547,,"4,250.68",252056.18
06/05/2025,NACH/MANDATE/RNT2833288/RENT MANDATE,428876237676,"13,000.00",,239056.18
07/05/2025,POS V MART NOIDA,151192375149,"3,850.98",,235205.20
10/05/2025,UPI/DR/439884281471/Zomato/ICICI/zomato@axisbank/UPI,586729449050,"1,230.33",,233974.87
10/05/2025,UPI/DR/935850268668/HDFC/LICI/licindia@licindia/UPI,390879426092,"4,000.00",,229974.87
11/05/2025,UPI/DR/892992202493/Amazon/ICICI/amazon@apl/UPI,417883560075,"2,590.38",,227384.49
12/05/2025,UPI/DR/912046262278/PhonePe/ICICI/phonepe@ybl/UPI,280893241530,"1,850.56",,225533.93
12/05/2025,UPI/DR/087697243174/Flipkart/PAYTM/flipkart@ybl/UPI,693220071295,"4,000.21",,221533.72
13/05/2025,UPI/CR/677428197729/Divya/SBIN/divya.gupta@okicici/UPI,374532562661,,"5,700.13",227233.85
13/05/2025,UPI/DR/948846336554/Shivam/BARB/shivamsriv85@ptyes/UPI,064628193644,"10,050.54",,217183.31
13/05/2025,UPI/DR/204580182347/Swiggy/ICICI/swiggy@icici/UPI,170764371196,"1,910.56",,215272.75
14/05/2025,ATM CASH WITHDRAWAL/58467/NOIDA,000968228053,"3,000.00",,212272.75
14/05/2025,UPI/DR/931786473062/Rekha/UTIB/5415965633@kotak/UPI,692316285040,"15,800.91",,196471.84
14/05/2025,UPI/DR/817223058416/Rapido/PAYTM/rapido@icici/UPI,771239606183,340.38,,196131.46
16/05/2025,ATM CASH WITHDRAWAL/13411/NOIDA,713362019205,"2,000.00",,194131.46
16/05/2025,UPI/DR/552849502740/Jio/ICICI/jio@paytm/UPI,906505315490,720.46,,193411.00
17/05/2025,UPI/DR/742453830157/Anjali/BDBL/9523234749@okicici/UPI,466649816814,"12,550.35",,180860.65
17/05/2025,UPI/DR/872783468440/Airtel/PAYTM/vi@airtelaxis/UPI,365229214754,619.00,,180241.65
18/05/2025,UPI/DR/203949969752/Arun/FDRL/arun386@axl/UPI,160507240755,"3,550.89",,176690.76
20/05/2025,ATM CASH WITHDRAWAL/55498/NOIDA,784696741396,"9,000.00",,167690.76
20/05/2025,UPI/CR/560454951263/Kapil/FDRL/kapilagar15@okicici/UPI,751728114829,,"4,700.62",172391.38
20/05/2025,POS HP PETROL PUMP NOIDA,169631314593,"3,450.26",,168941.12
21/05/2025,UPI/DR/006748564687/Dunzo/ICICI/dunzo@razorpay/UPI,911825051836,920.19,,168020.93
21/05/2025,POS PANTALOONS NOIDA,160231701971,"8,200.15",,159820.78
21/05/2025,UPI/DR/633337601238/Ola/PAYTM/olamoney@ola/UPI,765619586338,210.05,,159610.73
21/05/2025,UPI/CR/096681314487/Vikas/BARB/vikas691@ibl/UPI,151762994700,,"15,300.35",174911.08
21/05/2025,UPI/DR/827045377471/Flipkart/ICICI/flipkart@ybl/UPI,523202823171,"2,660.17",,172250.91
22/05/2025,ATM CASH WITHDRAWAL/35035/NOIDA,982907490861,"2,000.00",,170250.91
22/05/2025,IMPS-051895863420-Kiran Bajaj,206666641669,"13,400.37",,156850.54
22/05/2025,UPI/DR/317713522379/Apollo/ICICI/apollopharmacy@ybl/UPI,722232157169,599.00,,156251.54
22/05/2025,UPI/DR/976751118798/Airtel/PAYTM/vi@airtelaxis/UPI,241500838514,359.00,,155892.54
23/05/2025,UPI/DR/159532049916/TSSPDCL/UPIN/tsspdclpayment@upi/UPI,500654246635,"1,200.07",,154692.47
23/05/2025,UPI/DR/918730274458/Zomato/ICICI/zomato@axisbank/UPI,805377599103,"2,010.35",,152682.12
23/05/2025,UPI/DR/815645705069/Amazon/ICICI/amazon@apl/UPI,576905382003,"1,630.63",,151051.49
23/05/2025,UPI/CR/799207151384/Sushma/BDBL/sushmashah73@apl/UPI,743258094238,,"16,350.47",167401.96
24/05/2025,UPI/DR/941650539098/BSNL/ICICI/bsnlbroadband@upi/UPI,207682442687,970.45,,166431.51
24/05/2025,UPI/DR/445556987682/Indane/ICICI/indanegas@upi/UPI,314498673306,"1,800.12",,164631.39
25/05/2025,UPI/DR/601673624955/Flipkart/ICICI/flipkart@ybl/UPI,347635802436,"2,670.81",,161960.58
25/05/2025,UPI/CR/970263849652/Girish/BKID/9138779455@paytm/UPI,029140880154,,950.26,162910.84
26/05/2025,UPI/DR/424532529563/Ola/PAYTM/olamoney@ola/UPI,470602637764,790.60,,162120.24
26/05/2025,UPI/CR/708500048100/Vikas/UCBA/vikas.nair@ibl/UPI,943280961348,,"21,200.39",183320.63
27/05/2025,POS METRO CASH CARRY NOIDA,504813192483,"5,000.94",,178319.69
27/05/2025,UPI/DR/640892175719/Uber/ICICI/uber@paytm/UPI,942888049565,"1,580.85",,176738.84
28/05/2025,POS MAX FASHION NOIDA,387704574614,"3,600.93",,173137.91
29/05/2025,UPI/DR/733673219745/Blinkit/ICICI/blinkit@kotak/UPI,610693859711,"1,350.56",,171787.35
29/05/2025,POS PANTALOONS NOIDA,026641198490,"3,300.33",,168487.02
31/05/2025,UPI/DR/804827682354/BigBasket/ICICI/bigbasket@ybl/UPI,520359368680,"2,410.49",,166076.53
01/06/2025,UPI/CR/256167285687/Mina/UCBA/minameno74@kotak/UPI,197936739029,,"16,500.37",182576.90
01/06/2025,SALARY CREDIT/S9789714582231/Lupin Limited,135902622620,,"96,794.85",279371.75
01/06/2025,UPI/DR/462673913489/Meesho/PAYTM/meesho@ybl/UPI,832742131853,"4,250.75",,275121.00
02/06/2025,UPI/DR/453400940570/Mohit/HDFC/1101989235@ptyes/UPI,590933555162,"13,650.80",,261470.20
02/06/2025,UPI/DR/805981018285/Airtel/PAYTM/vi@airtelaxis/UPI,779539212805,209.00,,261261.20
03/06/2025,UPI/DR/378398879129/Uber/ICICI/uber@paytm/UPI,922988843369,"1,380.27",,259880.93
03/06/2025,UPI/DR/497625144893/Akash/UCBA/akash.kapoor@paytm/UPI,502244395006,"3,700.84",,256180.09
03/06/2025,UPI/DR/251419517537/Dunzo/ICICI/dunzo@razorpay/UPI,521483205185,260.00,,255920.09
04/06/2025,UPI/DR/728176991942/Krishna/HDFC/krishna.bajaj@kotak/UPI,279783913459,"9,450.68",,246469.41
04/06/2025,POS HP PETROL PUMP NOIDA,535232151748,"2,150.56",,244318.85
05/06/2025,UPI/DR/908687880888/HDFC/LICI/licindia@licindia/UPI,862382090651,"4,000.00",,240318.85
05/06/2025,NACH/MANDATE/RNT4676558/RENT MANDATE,816225525684,"13,000.00",,227318.85
05/06/2025,UPI/CR/707391496205/Dinesh/KKBK/dineshtiwa42@apl/UPI,002813738744,,"17,600.68",244919.53
07/06/2025,UPI/DR/040395622134/Rapido/PAYTM/rapido@icici/UPI,499631146446,880.22,,244039.31
07/06/2025,UPI/DR/934725879557/Ola/PAYTM/olamoney@ola/UPI,661027533390,190.19,,243849.12
07/06/2025,UPI/DR/703605990691/Jio/ICICI/jio@paytm/UPI,826751224281,"1,030.54",,242818.58
08/06/2025,UPI/CR/959931720091/Deepak/BARB/deepak.bose@paytm/UPI,935273283695,,"15,750.78",258569.36
11/06/2025,UPI/DR/576348138258/Airtel/PAYTM/vi@airtelaxis/UPI,646702468665,799.00,,257770.36
11/06/2025,ATM CASH WITHDRAWAL/70950/NOIDA,302006679726,"3,000.00",,254770.36
12/06/2025,UPI/DR/816287306942/Paytm/ICICI/paytm@paytm/UPI,145199377799,"2,660.46",,252109.90
12/06/2025,UPI/DR/192196799588/Uber/ICICI/uber@paytm/UPI,462501727606,880.17,,251229.73
12/06/2025,POS METRO CASH CARRY NOIDA,073235286566,"7,900.28",,243329.45
13/06/2025,UPI/DR/562847184827/Flipkart/ICICI/flipkart@ybl/UPI,260245500465,"1,370.77",,241958.68
14/06/2025,UPI/DR/290783533375/Rapido/PAYTM/rapido@icici/UPI,385005616175,580.41,,241378.27
14/06/2025,UPI/DR/122277492335/Indane/ICICI/indanegas@upi/UPI,182064764780,"1,000.00",,240378.27
15/06/2025,POS MORE SUPER MARKET NOIDA,410793626705,"3,750.75",,236627.52
15/06/2025,POS D MART NOIDA,081755569502,"1,300.03",,235327.49
15/06/2025,UPI/DR/495804064549/Mahesh/PUNB/mahesh854@paytm/UPI,840123393673,"8,500.04",,226827.45
16/06/2025,UPI/CR/579579332110/Mahesh/KKBK/4436039631@kotak/UPI,840713439695,,"21,800.36",248627.81
16/06/2025,UPI/DR/701018601958/Renu/BKID/2223261530@ptyes/UPI,788568151488,"9,150.20",,239477.61
16/06/2025,UPI/DR/109740126266/Apollo/ICICI/apollopharmacy@ybl/UPI,635517235983,949.00,,238528.61
16/06/2025,POS SHOPPERS STOP NOIDA,958097627576,"5,200.73",,233327.88
16/06/2025,UPI/DR/160249322919/Akash/FDRL/akashsing89@upi/UPI,797357846133,"8,200.61",,225127.27
17/06/2025,POS BIG BAZAAR NOIDA,164512635816,"2,850.99",,222276.28
17/06/2025,UPI/CR/276405502353/Ankit/BDBL/7887811758@ibl/UPI,545652454296,,"17,200.70",239476.98
19/06/2025,UPI/DR/265977369138/Renu/UCBA/renu865@axl/UPI,855968742707,750.03,,238726.95
19/06/2025,UPI/DR/002735279660/TSSPDCL/UPIN/tsspdclpayment@upi/UPI,403590928938,"3,700.76",,235026.19
19/06/2025,POS BHARAT PETROLEUM NOIDA,861829046945,"2,150.65",,232875.54
19/06/2025,UPI/DR/971479183949/Saurabh/HDFC/saurabh309@okaxis/UPI,436053811321,"2,900.14",,229975.40
21/06/2025,UPI/CR/980927472605/Shreya/UCBA/shreya731@oksbi/UPI,550999038231,,"21,750.42",251725.82
21/06/2025,POS INDIAN OIL NOIDA,130318271140,800.76,,250925.06
21/06/2025,UPI/DR/457996781210/Airtel/PAYTM/vi@airtelaxis/UPI,309309813298,969.00,,249956.06
22/06/2025,UPI/DR/074165021566/Zomato/ICICI/zomato@axisbank/UPI,114586183734,330.33,,249625.73
23/06/2025,UPI/DR/524760395918/Nykaa/PAYTM/nykaa@razorpay/UPI,495414245328,850.44,,248775.29
25/06/2025,UPI/DR/076242431315/Airtel/PAYTM/vi@airtelaxis/UPI,004823440175,979.00,,247796.29
25/06/2025,UPI/DR/594996954444/Amazon/ICICI/amazon@apl/UPI,524582300818,"1,650.28",,246146.01
25/06/2025,UPI/DR/950287429147/BSNL/RAZORPAY/broadband@paytm/UPI,779229871399,549.00,,245597.01
26/06/2025,ATM CASH WITHDRAWAL/52855/NOIDA,740946636239,"8,500.00",,237097.01
27/06/2025,UPI/DR/160774244459/Airtel/PAYTM/vi@airtelaxis/UPI,114729017948,419.00,,236678.01
27/06/2025,INTEREST CREDIT,778595166303,,650.03,237328.04
28/06/2025,ATM CASH WITHDRAWAL/33955/NOIDA,453092698290,"8,000.00",,229328.04
28/06/2025,UPI/DR/379388982329/Pankaj/UCBA/pankajchat43@oksbi/UPI,710523274935,"20,100.21",,209227.83
28/06/2025,UPI/DR/811895356396/Uber/PAYTM/uber@paytm/UPI,292435256731,750.68,,208477.15
29/06/2025,UPI/DR/346510511735/Meesho/PAYTM/meesho@ybl/UPI,165947128387,"1,950.27",,206526.88
29/06/2025,UPI/DR/441949718511/Amazon/ICICI/amazon@apl/UPI,266179451404,560.96,,205965.92
29/06/2025,POS SHELL FUEL STATION NOIDA,771167961242,"3,300.60",,202665.32
29/06/2025,UPI/DR/156788458705/Zepto/ICICI/zepto@apl/UPI,048686421963,710.99,,201954.33
30/06/2025,ATM CASH WITHDRAWAL/63398/NOIDA,586004979939,"6,000.00",,195954.33
01/07/2025,UPI/CR/341046082935/Kapil/BKID/kapilgupt77@axl/UPI,627546851513,,"18,750.17",214704.50
02/07/2025,SALARY CREDIT/S5111911842334/Lupin Limited,885504053691,,"99,257.85",313962.35
02/07/2025,UPI/DR/182751385651/Airtel/PAYTM/vi@airtelaxis/UPI,862812461191,499.00,,313463.35
02/07/2025,UPI/DR/463091483104/Airtel/PAYTM/vi@airtelaxis/UPI,918997894772,959.00,,312504.35
02/07/2025,UPI/DR/487252449619/BSNL/RAZORPAY/broadband@paytm/UPI,380739100769,999.00,,311505.35
02/07/2025,UPI/DR/375596791571/Rapido/PAYTM/rapido@icici/UPI,153481406926,530.30,,310975.05
03/07/2025,UPI/DR/693782827580/Blinkit/ICICI/blinkit@kotak/UPI,821758677007,"1,950.09",,309024.96
03/07/2025,POS CENTRAL MALL NOIDA,819611576263,"2,850.28",,306174.68
04/07/2025,UPI/DR/396890117910/Airtel/PAYTM/vi@airtelaxis/UPI,487269269177,339.00,,305835.68
04/07/2025,NACH/MANDATE/RNT1646727/RENT MANDATE,171731253554,"13,000.00",,292835.68
04/07/2025,POS SHELL FUEL STATION NOIDA,685600575775,"2,800.46",,290035.22
05/07/2025,UPI/DR/312598111644/Zepto/ICICI/zepto@apl/UPI,262325912799,570.67,,289464.55
05/07/2025,UPI/DR/779992451179/Ajay/BARB/9172423520@upi/UPI,042427978165,"12,600.93",,276863.62
05/07/2025,UPI/DR/489111776369/Meesho/PAYTM/meesho@ybl/UPI,893944449596,"4,200.66",,272662.96
06/07/2025,UPI/CR/951253738285/Swati/HDFC/swati838@ptyes/UPI,123430406025,,"8,450.15",281113.11
06/07/2025,UPI/DR/003174916290/Uber/PAYTM/uber@paytm/UPI,773808308442,530.86,,280582.25
07/07/2025,UPI/DR/336797597689/Swiggy/ICICI/swiggy@icici/UPI,461641391524,720.38,,279861.87
08/07/2025,UPI/DR/243474081475/Sangita/FDRL/3532601283@upi/UPI,419599534822,"3,450.85",,276411.02
08/07/2025,UPI/DR/657669122526/1mg/ICICI/tatahealth@icici/UPI,415878004711,"3,450.09",,272960.93
09/07/2025,UPI/DR/411388664608/Uber/ICICI/uber@paytm/UPI,814553466962,"2,770.22",,270190.71
09/07/2025,UPI/DR/952885225970/Airtel/PAYTM/vi@airtelaxis/UPI,227618621717,249.00,,269941.71
09/07/2025,UPI/DR/176462204416/Swiggy/ICICI/swiggy@icici/UPI,169859092127,"2,150.22",,267791.49
10/07/2025,UPI/DR/604062454628/HDFC/LICI/licindia@licindia/UPI,242929189679,"4,000.00",,263791.49
10/07/2025,UPI/DR/652833488702/BigBasket/ICICI/bigbasket@ybl/UPI,164354284245,290.26,,263501.23
10/07/2025,UPI/CR/873589507047/Lalit/BARB/lalit.roy@ptsbi/UPI,639649864941,,"14,700.35",278201.58
10/07/2025,UPI/DR/204064667808/Nisha/HDFC/2948129825@aubank/UPI,029218266831,"2,300.24",,275901.34
11/07/2025,UPI/DR/351001574435/TSSPDCL/UPIN/tsspdclpayment@upi/UPI,586306680754,"3,250.64",,272650.70
11/07/2025,UPI/DR/569364225908/Rapido/PAYTM/rapido@icici/UPI,379922899126,690.99,,271959.71
12/07/2025,UPI/CR/060985702572/Rohit/HDFC/rohit993@okicici/UPI,665225690687,,"12,400.37",284360.08
13/07/2025,UPI/CR/277298471846/Ashish/BARB/ashish443@ptsbi/UPI,448346592782,,"18,350.23",302710.31
13/07/2025,UPI/DR/495367872523/BigBasket/ICICI/bigbasket@ybl/UPI,995242853098,520.42,,302189.89
13/07/2025,UPI/DR/092747906457/Airtel/PAYTM/vi@airtelaxis/UPI,778892257992,219.00,,301970.89
15/07/2025,UPI/DR/367758660674/Rajesh/KKBK/rajeshsriv41@oksbi/UPI,011640614473,"15,250.61",,286720.28
15/07/2025,UPI/DR/833337695742/Amazon/ICICI/amazon@apl/UPI,364830308111,"2,770.13",,283950.15
15/07/2025,UPI/CR/126064473232/Rajesh/BARB/rajesh992@kotak/UPI,134575168269,,"17,200.87",301151.02
15/07/2025,UPI/DR/338292779653/Meesho/PAYTM/meesho@ybl/UPI,000528876703,"1,000.89",,300150.13
15/07/2025,UPI/DR/448369526841/Uber/PAYTM/uber@paytm/UPI,849452370972,220.06,,299930.07
16/07/2025,UPI/CR/241995943354/Gaurav/HDFC/gaurav.verma@paytm/UPI,971923454240,,550.18,300480.25
16/07/2025,UPI/CR/017057848104/Vishal/PUNB/vishal711@ibl/UPI,487382153962,,"9,000.70",309480.95
17/07/2025,IMPS-871424437536-Sunita Malhotra,202911935521,"20,100.46",,289380.49
18/07/2025,UPI/DR/727898335278/Ola/PAYTM/olamoney@ola/UPI,959126374365,480.84,,288899.65
19/07/2025,POS PANTALOONS NOIDA,705001918387,"3,000.67",,285898.98
19/07/2025,UPI/DR/950542836931/Indane/ICICI/indanegas@upi/UPI,269244001690,"1,250.06",,284648.92
19/07/2025,UPI/DR/689075036841/PhonePe/ICICI/phonepe@ybl/UPI,982158928160,290.48,,284358.44
19/07/2025,UPI/DR/241399342448/Uber/ICICI/uber@paytm/UPI,474054391770,"2,100.39",,282258.05
20/07/2025,UPI/DR/408426394569/Amazon/ICICI/amazon@apl/UPI,700707185134,670.07,,281587.98
21/07/2025,UPI/DR/133144522563/Jio/ICICI/jio@paytm/UPI,190426446518,"2,070.18",,279517.80
22/07/2025,UPI/DR/093503167073/BigBasket/ICICI/bigbasket@ybl/UPI,513101077580,"2,230.17",,277287.63
22/07/2025,UPI/DR/747452512590/Uber/ICICI/uber@paytm/UPI,706594481154,380.74,,276906.89
22/07/2025,UPI/CR/602963825564/Sushma/HDFC/sushma767@pthdfc/UPI,070789365251,,"20,000.84",296907.73
23/07/2025,UPI/CR/075394992662/Kunal/KKBK/2274635047@apl/UPI,283161104317,,"16,800.91",313708.64
23/07/2025,ATM CASH WITHDRAWAL/86018/NOIDA,124549565199,"5,000.00",,308708.64
24/07/2025,UPI/CR/806633453497/Manoj/FDRL/3064716892@ibl/UPI,836368220689,,"12,000.07",320708.71
24/07/2025,POS SHELL FUEL STATION NOIDA,849649573089,"3,900.84",,316807.87
24/07/2025,POS PANTALOONS NOIDA,911001676564,"6,850.60",,309957.27
24/07/2025,UPI/CR/979000794841/Sanjay/BARB/sanjay.patel@axl/UPI,594426566101,,"11,300.50",321257.77
26/07/2025,UPI/DR/763046715602/Uber/ICICI/uber@paytm/UPI,212059321615,760.37,,320497.40
26/07/2025,IMPS-055430066007-Vandana Tiwari,498952224867,"16,000.30",,304497.10
27/07/2025,UPI/DR/275030023321/Uber/ICICI/uber@paytm/UPI,842056695544,"1,410.39",,303086.71
27/07/2025,UPI/DR/723739128382/Ola/PAYTM/olamoney@ola/UPI,427874794539,110.87,,302975.84
28/07/2025,UPI/CR/810803954238/Arjun/KKBK/9826688489@pthdfc/UPI,411247268447,,"3,000.68",305976.52
29/07/2025,GST ON CHARGES,310370320216,63.00,,305913.52
29/07/2025,SMS CHARGES,285745294415,350.00,,305563.52
31/07/2025,POS LIFESTYLE STORES NOIDA,175921731351,"4,900.90",,300662.62
31/07/2025,UPI/DR/225006907465/Isha/BARB/isha.rao@pthdfc/UPI,214490192771,"21,500.18",,279162.44
31/07/2025,ATM CASH WITHDRAWAL/32580/NOIDA,694604781567,"4,500.00",,274662.44
31/07/2025,UPI/DR/007151422939/Vishal/HDFC/vishal692@upi/UPI,919408655661,800.48,,273861.96
31/07/2025,UPI/DR/580792656937/Saurabh/FDRL/saurabhverm88@upi/UPI,712139127246,"4,700.39",,269161.57
01/08/2025,SALARY CREDIT/S2856242339951/Lupin Limited,873443925930,,"96,317.85",365479.42
02/08/2025,UPI/DR/273738034654/Rapido/PAYTM/rapido@icici/UPI,535937318195,470.87,,365008.55
02/08/2025,UPI/DR/130734592715/Shivam/BKID/shivamdas64@ptyes/UPI,320683700315,"8,350.71",,356657.84
03/08/2025,POS RELIANCE MART NOIDA,729085009139,"5,750.70",,350907.14
03/08/2025,UPI/DR/295029601527/Swiggy/ICICI/swiggy@icici/UPI,387720867834,470.17,,350436.97
04/08/2025,UPI/DR/212895698000/Dunzo/ICICI/dunzo@razorpay/UPI,515278367596,"1,460.64",,348976.33
04/08/2025,UPI/DR/350884071231/Airtel/PAYTM/vi@airtelaxis/UPI,513848019702,219.00,,348757.33
05/08/2025,ATM CASH WITHDRAWAL/18691/NOIDA,630396820127,"8,000.00",,340757.33
05/08/2025,UPI/DR/728525189092/Ola/PAYTM/olamoney@ola/UPI,058201943584,410.76,,340346.57
05/08/2025,UPI/DR/794230892905/Flipkart/ICICI/flipkart@ybl/UPI,496253312733,910.64,,339435.93
05/08/2025,NACH/MANDATE/RNT4057600/RENT MANDATE,079201388879,"13,000.00",,326435.93
07/08/2025,POS INDIAN OIL NOIDA,310393512300,"1,850.03",,324585.90
07/08/2025,UPI/DR/505483291698/HDFC/LICI/licindia@licindia/UPI,188942438144,"4,000.00",,320585.90
07/08/2025,UPI/CR/935190254435/Usha/BDBL/usha.thapar@kotak/UPI,484211969220,,"17,300.44",337886.34
07/08/2025,UPI/DR/597379060908/Mina/KKBK/5951843389@ptyes/UPI,451972338504,"19,600.55",,318285.79
09/08/2025,POS METRO CASH CARRY NOIDA,444258544981,"2,600.47",,315685.32
09/08/2025,UPI/DR/466602176082/Dunzo/ICICI/dunzo@razorpay/UPI,190277388979,"2,440.53",,313244.79
10/08/2025,UPI/DR/956364753097/Paytm/ICICI/paytm@paytm/UPI,718565453163,"1,390.32",,311854.47
10/08/2025,UPI/DR/941143712940/Airtel/PAYTM/vi@airtelaxis/UPI,392792992992,339.00,,311515.47
10/08/2025,UPI/CR/110288007191/Naresh/FDRL/naresh418@ptyes/UPI,020366708040,,500.12,312015.59
10/08/2025,UPI/DR/320683348372/Paytm/ICICI/paytm@paytm/UPI,740990788966,850.96,,311164.63
11/08/2025,UPI/DR/488235559545/BSNL/ICICI/bsnlbroadband@upi/UPI,572871301452,420.68,,310743.95
13/08/2025,UPI/DR/627076084608/Airtel/PAYTM/vi@airtelaxis/UPI,352803224293,339.00,,310404.95
13/08/2025,UPI/DR/884888333175/Paytm/ICICI/paytm@paytm/UPI,378170721567,470.28,,309934.67
13/08/2025,UPI/DR/508849556826/Rahul/PUNB/rahul.desai@oksbi/UPI,739410961661,"14,550.60",,295384.07
14/08/2025,UPI/DR/594359269589/TSSPDCL/UPIN/tsspdclpayment@upi/UPI,697696247835,"4,200.15",,291183.92
14/08/2025,UPI/DR/707337394085/Airtel/PAYTM/vi@airtelaxis/UPI,702272959250,969.00,,290214.92
14/08/2025,NEFT/N3775520856695/Dr Reddys Laboratori,459978604139,,"26,000.54",316215.46
15/08/2025,UPI/DR/846216003223/BSNL/RAZORPAY/broadband@paytm/UPI,714081774508,399.00,,315816.46
17/08/2025,UPI/DR/016292445560/Meesho/PAYTM/meesho@ybl/UPI,155778544440,"4,950.20",,310866.26
17/08/2025,UPI/DR/140864639796/Rajan/BARB/rajan546@kotak/UPI,986786651110,"1,700.75",,309165.51
17/08/2025,POS SHOPPERS STOP NOIDA,457972849180,400.63,,308764.88
17/08/2025,UPI/DR/135651511221/Indane/ICICI/indanegas@upi/UPI,295074187722,"2,700.89",,306063.99
17/08/2025,UPI/DR/059744246424/Rapido/PAYTM/rapido@icici/UPI,016396105594,690.61,,305373.38
18/08/2025,POS INDIAN OIL NOIDA,545409168641,"4,150.86",,301222.52
18/08/2025,UPI/DR/330416020667/Ola/PAYTM/olamoney@ola/UPI,607869192497,610.44,,300612.08
18/08/2025,POS BIG BAZAAR NOIDA,670013240850,650.43,,299961.65
18/08/2025,UPI/CR/556656609716/Ajay/PUNB/ajay.mehta@apl/UPI,314391553892,,"1,350.24",301311.89
19/08/2025,ATM CASH WITHDRAWAL/88129/NOIDA,709680915422,"6,500.00",,294811.89
19/08/2025,UPI/DR/668011250622/Jio/ICICI/jio@paytm/UPI,035890786831,"1,050.72",,293761.17
20/08/2025,UPI/DR/793266923930/IRCTC/ICICI/irctc@upi/UPI,843393619621,999.00,,292762.17
20/08/2025,UPI/DR/736845615918/Flipkart/ICICI/flipkart@ybl/UPI,260532240161,150.25,,292611.92
20/08/2025,UPI/CR/945871593693/Rajesh/PUNB/rajeshpill54@apl/UPI,693657411627,,"9,600.98",302212.90
20/08/2025,ATM CASH WITHDRAWAL/27173/NOIDA,324278829223,"10,000.00",,292212.90
21/08/2025,UPI/DR/978371202848/Ola/PAYTM/olamoney@ola/UPI,200753687909,140.34,,292072.56
23/08/2025,POS VISHAL MEGA MART NOIDA,414265552302,550.52,,291522.04
23/08/2025,UPI/CR/623321532840/Divya/UTIB/divyamalh87@okhdfcbank/UPI,304750456726,,"16,550.43",308072.47
25/08/2025,POS RELIANCE PETROLEUM NOIDA,184337994151,"3,400.66",,304671.81
25/08/2025,UPI/DR/901972283349/Rapido/PAYTM/rapido@icici/UPI,470470297089,290.99,,304380.82
26/08/2025,UPI/DR/751697144498/IRCTC/ICICI/irctc@upi/UPI,551616264868,949.00,,303431.82
26/08/2025,UPI/DR/410683703619/Meesho/PAYTM/meesho@ybl/UPI,158959422323,"1,200.97",,302230.85
26/08/2025,UPI/DR/289046972355/Paytm/ICICI/paytm@paytm/UPI,463344997406,"1,760.60",,300470.25
27/08/2025,POS V MART NOIDA,263103498495,"1,050.81",,299419.44
28/08/2025,POS LIFESTYLE STORES NOIDA,288508501966,"3,750.59",,295668.85
29/08/2025,UPI/DR/427930294664/Kapil/UCBA/kapiljosh74@ibl/UPI,523015219152,"5,300.08",,290368.77
30/08/2025,UPI/DR/274789093276/Sanjay/KKBK/sanjaypill89@ptsbi/UPI,276927166948,"20,550.88",,269817.89
30/08/2025,POS V MART NOIDA,934967444343,"6,750.03",,263067.86
31/08/2025,UPI/DR/482648953351/Neha/KKBK/nehameno84@paytm/UPI,664714429760,"14,950.15",,248117.71
01/09/2025,UPI/DR/826160727896/Nykaa/PAYTM/nykaa@razorpay/UPI,465874508337,"3,400.89",,244716.82
01/09/2025,UPI/CR/172792212335/Suresh/UCBA/5089378840@okhdfcbank/UPI,978022955974,,"12,900.15",257616.97
02/09/2025,POS MAX FASHION NOIDA,363379732694,950.28,,256666.69
02/09/2025,SALARY CREDIT/S8195740200258/Lupin Limited,038887271249,,"96,001.85",352668.54
02/09/2025,UPI/DR/424077674567/Airtel/PAYTM/vi@airtelaxis/UPI,276449058588,219.00,,352449.54
06/09/2025,NACH/MANDATE/RNT5905877/RENT MANDATE,002533628431,"13,000.00",,339449.54
07/09/2025,UPI/CR/207876998728/Sunita/SBIN/7085917086@pthdfc/UPI,795379133312,,"2,050.54",341500.08
07/09/2025,UPI/DR/657263268317/Ola/ICICI/olamoney@ola/UPI,070025548552,"1,460.07",,340040.01
07/09/2025,POS HP PETROL PUMP NOIDA,123326114730,"3,350.43",,336689.58
08/09/2025,UPI/DR/274581186385/Flipkart/PAYTM/flipkart@ybl/UPI,861133125222,"4,250.16",,332439.42
08/09/2025,ATM CASH WITHDRAWAL/80081/NOIDA,397694110621,"9,500.00",,322939.42
08/09/2025,UPI/DR/268232894918/Shivam/HDFC/shivam.sethi@ptsbi/UPI,439116711261,"13,000.54",,309938.88
10/09/2025,UPI/DR/604155478231/Siddharth/BKID/siddharthsaxe41@okhdfcbank/UPI,894163632486,"2,200.24",,307738.64
10/09/2025,POS SHOPPERS STOP NOIDA,683013614669,"7,350.54",,300388.10
10/09/2025,UPI/DR/530030736043/Airtel/PAYTM/vi@airtelaxis/UPI,452902477059,539.00,,299849.10
11/09/2025,UPI/DR/555665494541/Zomato/ICICI/zomato@axisbank/UPI,556065557583,760.72,,299088.38
12/09/2025,UPI/DR/348792549395/Myntra/ICICI/myntra@ybl/UPI,862622162448,799.00,,298289.38
13/09/2025,UPI/DR/532220098422/Rapido/PAYTM/rapido@icici/UPI,838538823455,380.71,,297908.67
13/09/2025,UPI/DR/343532384853/HDFC/LICI/licindia@licindia/UPI,231887133607,"4,000.00",,293908.67
13/09/2025,UPI/DR/342830073077/Airtel/PAYTM/vi@airtelaxis/UPI,720068609180,949.00,,292959.67
13/09/2025,UPI/DR/644221372923/Asha/FDRL/ashanair18@ibl/UPI,714366078795,"5,350.47",,287609.20
14/09/2025,UPI/DR/480426849864/BSNL/RAZORPAY/broadband@paytm/UPI,802286384729,699.00,,286910.20
17/09/2025,UPI/DR/977511677605/Meena/BARB/meenasing59@pthdfc/UPI,298227448130,"6,000.20",,280910.00
17/09/2025,IMPS-795611060002-Archana Dutta,351317144450,"6,200.22",,274709.78
19/09/2025,UPI/DR/320043889838/Indane/ICICI/indanegas@upi/UPI,303833874198,"2,450.99",,272258.79
19/09/2025,UPI/CR/863326733195/Rahul/HDFC/3765440974@paytm/UPI,765388884661,,"11,800.86",284059.65
19/09/2025,UPI/DR/579244369276/TSSPDCL/UPIN/tsspdclpayment@upi/UPI,199275543182,"1,550.33",,282509.32
21/09/2025,UPI/DR/909976336245/Myntra/PAYTM/myntra@ybl/UPI,798928535742,"2,900.90",,279608.42
21/09/2025,UPI/DR/630088142671/Dunzo/ICICI/dunzo@razorpay/UPI,000553460745,790.72,,278817.70
21/09/2025,UPI/DR/980759676548/MakeMyTrip/ICICI/makemytrip@axisbank/UPI,365418199099,999.00,,277818.70
22/09/2025,POS HP PETROL PUMP NOIDA,390746645263,"3,850.75",,273967.95
22/09/2025,UPI/DR/955230067598/Uber/ICICI/uber@paytm/UPI,974039257311,"2,050.05",,271917.90
23/09/2025,UPI/CR/088099687875/Kunal/UTIB/kunalverm23@paytm/UPI,545983260927,,"9,750.07",281667.97
23/09/2025,UPI/DR/474112972351/Ola/PAYTM/olamoney@ola/UPI,534930066785,800.64,,280867.33
24/09/2025,UPI/CR/233267960925/Rakesh/PUNB/rakeshkhan27@axl/UPI,889332599648,,"17,850.98",298718.31
24/09/2025,ATM CASH WITHDRAWAL/50059/NOIDA,732330946063,"5,000.00",,293718.31
25/09/2025,UPI/DR/117494047420/Jio/ICICI/jio@paytm/UPI,945742567605,"1,750.76",,291967.55
26/09/2025,UPI/DR/578915790650/Airtel/PAYTM/vi@airtelaxis/UPI,114977717743,859.00,,291108.55
27/09/2025,SMS CHARGES,676505045746,450.00,,290658.55
27/09/2025,GST ON CHARGES,715372776852,81.00,,290577.55
28/09/2025,UPI/CR/199136812446/Arjun/FDRL/arjun.yadav@ptyes/UPI,637055872556,,"13,350.69",303928.24
28/09/2025,UPI/CR/705651696347/Arjun/FDRL/arjun.patil@axl/UPI,638315444408,,"20,900.87",324829.11
28/09/2025,INTEREST CREDIT,718870052993,,"1,135.24",325964.35
28/09/2025,UPI/DR/638428910097/Rapido/PAYTM/rapido@icici/UPI,920271700790,900.79,,325063.56
29/09/2025,POS PANTALOONS NOIDA,048348043738,"5,750.23",,319313.33
29/09/2025,UPI/CR/535221380843/Renu/SBIN/0036986676@paytm/UPI,657748686155,,"19,000.17",338313.50
29/09/2025,UPI/DR/063906194142/Swiggy/ICICI/swiggy@icici/UPI,078798494244,"2,340.53",,335972.97
29/09/2025,UPI/DR/628477137410/Dunzo/ICICI/dunzo@razorpay/UPI,857403829651,"2,190.35",,333782.62
29/09/2025,UPI/DR/573796511161/Airtel/PAYTM/vi@airtelaxis/UPI,942193430781,689.00,,333093.62
30/09/2025,POS PANTALOONS NOIDA,175299952146,"3,000.58",,330093.04
01/10/2025,UPI/DR/154825684516/BSNL/ICICI/bsnlbroadband@upi/UPI,749994619871,"1,690.11",,328402.93
01/10/2025,ATM CASH WITHDRAWAL/90837/NOIDA,855057612070,"8,000.00",,320402.93
01/10/2025,POS LIFESTYLE STORES NOIDA,990286934261,"2,700.41",,317702.52
01/10/2025,SALARY CREDIT/S7225417567446/Lupin Limited,670944884697,,"95,673.85",413376.37
01/10/2025,UPI/DR/053902805480/Pallavi/BARB/pallavi489@pthdfc/UPI,574084704070,"6,450.10",,406926.27
02/10/2025,UPI/DR/156923959358/Shweta/HDFC/shweta691@ptsbi/UPI,729904708382,"17,450.04",,389476.23
02/10/2025,POS RELIANCE PETROLEUM NOIDA,246697425422,"3,100.05",,386376.18
04/10/2025,IMPS-522762897249-Ritu Mehta,431247011515,"39,200.17",,347176.01
04/10/2025,NACH/MANDATE/RNT0294586/RENT MANDATE,563871087982,"13,000.00",,334176.01
04/10/2025,UPI/DR/440214849383/Uber/PAYTM/uber@paytm/UPI,181395817937,650.68,,333525.33
04/10/2025,POS HP PETROL PUMP NOIDA,763353156566,"3,100.61",,330424.72
04/10/2025,UPI/DR/745536778633/Spotify/ICICI/spotify@icici/UPI,523898418737,999.00,,329425.72
05/10/2025,POS LIFESTYLE STORES NOIDA,617042546522,"2,200.83",,327224.89
06/10/2025,ATM CASH WITHDRAWAL/38681/NOIDA,619828703053,"7,500.00",,319724.89
06/10/2025,UPI/DR/382347127643/Airtel/PAYTM/vi@airtelaxis/UPI,778803286670,879.00,,318845.89
07/10/2025,UPI/CR/131570787149/Sumit/KKBK/sumittiwa92@ibl/UPI,873556715116,,"7,600.05",326445.94
07/10/2025,UPI/DR/961377132861/Paytm/ICICI/paytm@paytm/UPI,832035447014,"1,840.50",,324605.44
07/10/2025,UPI/CR/127206125963/Arjun/BARB/arjunchop31@okicici/UPI,433804093587,,"14,400.11",339005.55
07/10/2025,UPI/CR/009117454834/Krishna/KKBK/2735121452@aubank/UPI,001694661292,,"12,300.38",351305.93
08/10/2025,UPI/DR/979561600558/Amazon/ICICI/amazon@apl/UPI,449954848975,680.78,,350625.15
08/10/2025,UPI/DR/442765262668/HDFC/LICI/licindia@licindia/UPI,150767925232,"4,000.00",,346625.15
09/10/2025,UPI/DR/246834286720/Anjali/BARB/2086603502@ybl/UPI,012340598516,"14,250.36",,332374.79
09/10/2025,UPI/DR/566869027990/Airtel/PAYTM/vi@airtelaxis/UPI,464411779704,969.00,,331405.79
09/10/2025,UPI/DR/218103049784/Pooja/UTIB/pooja.mishra@kotak/UPI,332359523099,"15,750.06",,315655.73
10/10/2025,UPI/DR/091904065704/Airtel/PAYTM/vi@airtelaxis/UPI,779280699377,979.00,,314676.73
10/10/2025,UPI/DR/739228119157/Airtel/PAYTM/vi@airtelaxis/UPI,367759413423,789.00,,313887.73
11/10/2025,UPI/DR/911039137418/Rapido/PAYTM/rapido@icici/UPI,477956848035,510.57,,313377.16
11/10/2025,UPI/DR/078781101098/Akash/PUNB/akash262@kotak/UPI,803926345647,"19,400.97",,293976.19
11/10/2025,UPI/DR/244899625740/Myntra/PAYTM/myntra@ybl/UPI,902578654091,"5,750.26",,288225.93
12/10/2025,UPI/CR/956664381694/Sunita/UTIB/sunitadesa86@ptyes/UPI,975427820196,,"20,000.75",308226.68
12/10/2025,POS STAR BAZAAR NOIDA,368475993141,"6,500.79",,301725.89
12/10/2025,POS PANTALOONS NOIDA,064881009347,"6,700.01",,295025.88
13/10/2025,UPI/DR/089085896283/Jio/ICICI/jio@paytm/UPI,592155298617,760.92,,294264.96
13/10/2025,UPI/DR/226649409380/Meesho/PAYTM/meesho@ybl/UPI,289944726819,"4,650.11",,289614.85
13/10/2025,UPI/DR/262200214539/Dunzo/ICICI/dunzo@razorpay/UPI,696494179316,120.12,,289494.73
14/10/2025,UPI/DR/172627922229/Kiran/UCBA/2335839875@oksbi/UPI,951157037169,"14,900.18",,274594.55
14/10/2025,UPI/DR/382046983847/Renu/FDRL/2140649892@okaxis/UPI,503350448695,"17,850.58",,256743.97
15/10/2025,UPI/CR/040273845299/Maya/BARB/mayasaxe33@ptyes/UPI,688151508748,,"12,500.83",269244.80
15/10/2025,UPI/DR/625068622888/Ola/ICICI/olamoney@ola/UPI,713184619019,350.48,,268894.32
16/10/2025,UPI/DR/644929913559/Rapido/PAYTM/rapido@icici/UPI,417102600966,750.93,,268143.39
16/10/2025,UPI/DR/041011664858/Flipkart/ICICI/flipkart@ybl/UPI,692937784712,"2,050.77",,266092.62
16/10/2025,UPI/CR/331252358245/Rekha/KKBK/rekha828@upi/UPI,322565486011,,"17,750.82",283843.44
16/10/2025,POS PANTALOONS NOIDA,160765570620,"3,500.83",,280342.61
17/10/2025,UPI/CR/783887192083/Vivek/PUNB/vivek.mehta@ptaxis/UPI,622997897588,,"12,800.88",293143.49
17/10/2025,UPI/DR/553061871257/Airtel/PAYTM/vi@airtelaxis/UPI,438998367742,679.00,,292464.49
18/10/2025,UPI/CR/729589217734/Gopal/PUNB/gopal101@axl/UPI,681123649887,,"7,850.40",300314.89
18/10/2025,UPI/DR/169445809370/Ola/PAYTM/olamoney@ola/UPI,547249932822,120.54,,300194.35
19/10/2025,UPI/DR/611045186866/BSNL/RAZORPAY/broadband@paytm/UPI,942295829573,299.00,,299895.35
19/10/2025,UPI/DR/693895544896/Uber/PAYTM/uber@paytm/UPI,047322099912,850.92,,299044.43
19/10/2025,UPI/DR/863190536422/Akash/KKBK/akash550@paytm/UPI,488198746093,200.05,,298844.38
19/10/2025,UPI/CR/224601499713/Ajay/KKBK/ajay.roy@ptyes/UPI,588140898071,,"2,800.08",301644.46
20/10/2025,UPI/DR/264000239973/Zomato/ICICI/zomato@axisbank/UPI,099623699266,"1,050.72",,300593.74
20/10/2025,UPI/DR/254778512136/Indane/ICICI/indanegas@upi/UPI,416810253912,"1,400.27",,299193.47
20/10/2025,UPI/CR/937496906404/Isha/BKID/isha838@apl/UPI,253838852648,,"9,200.12",308393.59
20/10/2025,UPI/DR/653189809777/Flipkart/ICICI/flipkart@ybl/UPI,588211180836,"2,760.74",,305632.85
21/10/2025,UPI/DR/740938380142/Dunzo/ICICI/dunzo@razorpay/UPI,152059741072,650.21,,304982.64
21/10/2025,UPI/DR/255764808442/Dunzo/ICICI/dunzo@razorpay/UPI,888301899589,"1,250.69",,303731.95
21/10/2025,POS RELIANCE PETROLEUM NOIDA,448073923600,"4,500.71",,299231.24
21/10/2025,UPI/CR/942056705271/Priya/BARB/4847794462@okhdfcbank/UPI,910213711797,,"5,850.72",305081.96
22/10/2025,UPI/DR/296363552532/TSSPDCL/UPIN/tsspdclpayment@upi/UPI,164830212229,800.17,,304281.79
22/10/2025,UPI/DR/941723444938/Dunzo/ICICI/dunzo@razorpay/UPI,114897515417,"2,160.89",,302120.90
24/10/2025,UPI/CR/738106900394/Himanshu/UTIB/himanshu115@okaxis/UPI,689702373632,,"13,250.58",315371.48
24/10/2025,UPI/DR/764245301222/Blinkit/ICICI/blinkit@kotak/UPI,306357990252,"2,670.05",,312701.43
25/10/2025,UPI/CR/411371211864/Kavya/PUNB/kavya757@apl/UPI,620739128392,,"11,500.51",324201.94
25/10/2025,UPI/DR/891379340407/Uber/PAYTM/uber@paytm/UPI,850517194034,680.24,,323521.70
27/10/2025,POS STAR BAZAAR NOIDA,067039336949,"8,450.59",,315071.11
28/10/2025,POS MORE SUPER MARKET NOIDA,880466734563,"6,050.59",,309020.52
28/10/2025,UPI/CR/220852630711/Abhishek/BKID/abhishek376@ibl/UPI,106326045617,,"6,150.68",315171.20
28/10/2025,ATM CASH WITHDRAWAL/52936/NOIDA,051721712225,"2,000.00",,313171.20
29/10/2025,UPI/DR/496393346963/PhonePe/ICICI/phonepe@ybl/UPI,124885109936,540.76,,312630.44
29/10/2025,UPI/DR/536837711898/Amazon/ICICI/amazon@apl/UPI,044274800814,720.95,,311909.49
30/10/2025,UPI/DR/773007802846/Vijay/FDRL/vijaysen28@ptaxis/UPI,512651729594,"20,500.37",,291409.12
01/11/2025,UPI/DR/197833926935/Blinkit/ICICI/blinkit@kotak/UPI,003766389452,"2,030.17",,289378.95
01/11/2025,UPI/DR/436507239979/BSNL/ICICI/bsnlbroadband@upi/UPI,759416328860,"1,740.52",,287638.43
01/11/2025,POS HP PETROL PUMP NOIDA,610242349488,950.99,,286687.44
01/11/2025,UPI/DR/255760594468/Deepak/SBIN/deepak.yadav@ybl/UPI,530813961362,"11,050.84",,275636.60
02/11/2025,UPI/DR/516646353147/Preeti/FDRL/preeti.das@oksbi/UPI,614802568269,"4,450.44",,271186.16
02/11/2025,UPI/DR/718697362259/BSNL/ICICI/bsnlbroadband@upi/UPI,463269022857,"1,430.12",,269756.04
03/11/2025,UPI/CR/255988432881/Mahesh/HDFC/maheshrao45@aubank/UPI,464859226358,,"19,600.69",289356.73
03/11/2025,SALARY CREDIT/S2957351255220/Lupin Limited,954364210590,,"95,521.85",384878.58
03/11/2025,UPI/DR/865630384346/Ola/PAYTM/olamoney@ola/UPI,850727547044,540.34,,384338.24
04/11/2025,UPI/DR/616195930367/Rohit/HDFC/5351503606@kotak/UPI,937591176938,"1,050.80",,383287.44
04/11/2025,UPI/DR/581042457858/Meesho/PAYTM/meesho@ybl/UPI,673317685680,"5,500.23",,377787.21
04/11/2025,UPI/DR/399315125449/Ola/ICICI/olamoney@ola/UPI,320550562549,590.89,,377196.32
04/11/2025,UPI/DR/622019662283/Naresh/UTIB/nareshdas22@ibl/UPI,711284745566,"8,800.78",,368395.54
04/11/2025,UPI/DR/848199513474/HDFC/LICI/licindia@licindia/UPI,492882200129,"4,000.00",,364395.54
05/11/2025,UPI/DR/299832138989/Ola/ICICI/olamoney@ola/UPI,340844570970,420.07,,363975.47
05/11/2025,UPI/DR/060723670483/BSNL/RAZORPAY/broadband@paytm/UPI,219627528341,699.00,,363276.47
06/11/2025,UPI/DR/253669450783/Zomato/ICICI/zomato@axisbank/UPI,153469291339,"1,830.09",,361446.38
07/11/2025,UPI/CR/674275111440/Usha/KKBK/2861786555@axl/UPI,541127495466,,"16,050.26",377496.64
07/11/2025,ATM CASH WITHDRAWAL/66788/NOIDA,180956789307,"4,000.00",,373496.64
07/11/2025,NACH/MANDATE/RNT1804630/RENT MANDATE,977532556806,"13,000.00",,360496.64
08/11/2025,UPI/DR/930464508178/Sumit/BARB/sumit.yadav@apl/UPI,065611938763,"5,750.19",,354746.45
08/11/2025,UPI/CR/317976509714/Ravi/KKBK/9738742017@ibl/UPI,094567569138,,"5,450.87",360197.32
10/11/2025,UPI/DR/207625132657/Ola/ICICI/olamoney@ola/UPI,932758480362,"2,360.57",,357836.75
11/11/2025,UPI/DR/100260975860/Flipkart/ICICI/flipkart@ybl/UPI,843003017969,"2,020.04",,355816.71
12/11/2025,POS HP PETROL PUMP NOIDA,289462621260,850.14,,354966.57
12/11/2025,POS LIFESTYLE STORES NOIDA,988548015315,"3,750.07",,351216.50
12/11/2025,UPI/DR/291885550502/Airtel/PAYTM/vi@airtelaxis/UPI,526135718205,339.00,,350877.50
12/11/2025,POS BIG BAZAAR NOIDA,159752865054,"6,950.61",,343926.89
12/11/2025,UPI/DR/987744674223/Rapido/PAYTM/rapido@icici/UPI,730784096688,150.25,,343776.64
12/11/2025,UPI/DR/086309647299/PhonePe/ICICI/phonepe@ybl/UPI,381990921137,"2,460.07",,341316.57
13/11/2025,IMPS-229011508065-Kiran Iyer,283649871438,"3,100.95",,338215.62
13/11/2025,UPI/DR/862521782455/Airtel/PAYTM/vi@airtelaxis/UPI,589599569021,989.00,,337226.62
15/11/2025,POS CENTRAL MALL NOIDA,806757381329,"5,700.35",,331526.27
15/11/2025,UPI/DR/612951014960/Airtel/PAYTM/vi@airtelaxis/UPI,952198405010,469.00,,331057.27
15/11/2025,UPI/DR/227161626670/Myntra/PAYTM/myntra@ybl/UPI,923547523777,300.86,,330756.41
16/11/2025,UPI/DR/693208207075/Zepto/ICICI/zepto@apl/UPI,590047032605,"1,920.44",,328835.97
16/11/2025,UPI/DR/763164451136/Uber/PAYTM/uber@paytm/UPI,158035353644,540.40,,328295.57
16/11/2025,POS D MART NOIDA,706958717666,"5,000.36",,323295.21
17/11/2025,UPI/DR/812144888158/Ashish/HDFC/ashish909@kotak/UPI,539213329093,"21,600.04",,301695.17
17/11/2025,UPI/DR/358677331712/Kamal/BDBL/1145122080@okaxis/UPI,717707845674,"2,100.53",,299594.64
17/11/2025,UPI/DR/557138459851/Renu/BARB/0344915662@okaxis/UPI,736580606230,"17,650.82",,281943.82
17/11/2025,UPI/DR/062671671368/Swiggy/ICICI/swiggy@icici/UPI,428440654502,"1,560.85",,280382.97
18/11/2025,POS CENTRAL MALL NOIDA,785400519784,"3,500.21",,276882.76
18/11/2025,UPI/DR/678719864857/Jio/ICICI/jio@paytm/UPI,386359533328,"2,280.72",,274602.04
18/11/2025,UPI/DR/077592136221/Zomato/ICICI/zomato@axisbank/UPI,862026580413,310.27,,274291.77
18/11/2025,POS SHOPPERS STOP NOIDA,470851778226,650.04,,273641.73
18/11/2025,UPI/CR/695057463942/Radha/HDFC/radha204@ptaxis/UPI,462077352823,,"6,150.28",279792.01
19/11/2025,UPI/DR/834324662996/TSSPDCL/UPIN/tsspdclpayment@upi/UPI,817553123623,"3,300.92",,276491.09
19/11/2025,UPI/DR/720981525368/Swiggy/ICICI/swiggy@icici/UPI,050716502835,"1,340.20",,275150.89
20/11/2025,ATM CASH WITHDRAWAL/63280/NOIDA,995948610739,"6,000.00",,269150.89
21/11/2025,POS BRAND FACTORY NOIDA,703306052297,"7,250.91",,261899.98
21/11/2025,UPI/CR/361874809729/Archana/UCBA/archana732@ptyes/UPI,134771802411,,"19,150.89",281050.87
22/11/2025,UPI/CR/056321753825/Kunal/HDFC/kunal922@okaxis/UPI,633442273196,,"16,250.24",297301.11
23/11/2025,UPI/DR/991985925313/Paytm/ICICI/paytm@paytm/UPI,235349838666,560.38,,296740.73
23/11/2025,UPI/DR/088197305280/Indane/ICICI/indanegas@upi/UPI,824791380128,"1,100.14",,295640.59
24/11/2025,UPI/DR/020681990609/Ola/PAYTM/olamoney@ola/UPI,835076585061,250.04,,295390.55
24/11/2025,UPI/DR/884530828369/Uber/PAYTM/uber@paytm/UPI,923894924110,130.15,,295260.40
24/11/2025,UPI/DR/753966391268/Airtel/PAYTM/vi@airtelaxis/UPI,703551386419,819.00,,294441.40
24/11/2025,UPI/CR/625628115426/Brijesh/HDFC/4886373446@ibl/UPI,703458061038,,"20,600.61",315042.01
27/11/2025,UPI/CR/552011059879/Isha/BKID/isha993@apl/UPI,516742128864,,"21,750.25",336792.26
27/11/2025,UPI/DR/247291583278/Pankaj/BKID/pankajnair33@ptaxis/UPI,049458406524,"4,800.83",,331991.43
28/11/2025,UPI/DR/738632664014/Ola/ICICI/olamoney@ola/UPI,233081773577,"2,300.23",,329691.20
28/11/2025,UPI/DR/663327005738/Amazon/ICICI/amazon@apl/UPI,097653389434,"2,460.76",,327230.44
30/11/2025,UPI/CR/376330611244/Pankaj/BDBL/pankajpand56@ibl/UPI,508052557561,,"8,500.29",335730.73
01/12/2025,SMS CHARGES,269151922866,580.00,,335150.73
01/12/2025,UPI/DR/806039169016/Abhishek/PUNB/abhishek.gupta@kotak/UPI,551323160560,"8,750.04",,326400.69
01/12/2025,ATM CASH WITHDRAWAL/77442/NOIDA,177497658323,"3,500.00",,322900.69
01/12/2025,GST ON CHARGES,389145485819,104.40,,322796.29
01/12/2025,SALARY CREDIT/S8673692638460/Lupin Limited,186438439702,,"99,560.85",422357.14
01/12/2025,POS MORE SUPER MARKET NOIDA,709575065395,"7,500.66",,414856.48
01/12/2025,UPI/DR/203798165052/Ola/ICICI/olamoney@ola/UPI,324132985539,"2,630.22",,412226.26
01/12/2025,POS HP PETROL PUMP NOIDA,734710633472,"2,100.22",,410126.04
02/12/2025,UPI/DR/146964669013/Spotify/ICICI/spotify@icici/UPI,698886412152,899.00,,409227.04
02/12/2025,UPI/DR/202895336880/Hotstar/ICICI/hotstar@hdfcbank/UPI,054900307706,299.00,,408928.04
03/12/2025,UPI/DR/756052622287/Blinkit/ICICI/blinkit@kotak/UPI,957999595841,"2,320.42",,406607.62
03/12/2025,UPI/DR/932730378378/Airtel/PAYTM/vi@airtelaxis/UPI,359192158900,729.00,,405878.62
05/12/2025,UPI/DR/445940150476/Deepak/PUNB/deepak.gupta@kotak/UPI,625330710147,"10,150.86",,395727.76
05/12/2025,NACH/MANDATE/RNT1382882/RENT MANDATE,931357967985,"13,000.00",,382727.76
05/12/2025,UPI/CR/630825535965/Mukesh/BKID/mukesh480@okaxis/UPI,585163676723,,"13,250.50",395978.26
06/12/2025,POS HP PETROL PUMP NOIDA,681763495815,"2,950.55",,393027.71
06/12/2025,UPI/DR/229936643554/Ola/ICICI/olamoney@ola/UPI,704388583348,"2,600.58",,390427.13
06/12/2025,UPI/DR/364022395335/Preeti/KKBK/8077744022@ybl/UPI,893949548538,"12,950.70",,377476.43
10/12/2025,UPI/DR/262129746669/Dunzo/ICICI/dunzo@razorpay/UPI,136827109749,"1,990.33",,375486.10
10/12/2025,UPI/DR/095641067559/BSNL/ICICI/bsnlbroadband@upi/UPI,574053830764,"1,700.35",,373785.75
10/12/2025,UPI/CR/697169347208/Renu/UCBA/renu143@aubank/UPI,700885825456,,250.87,374036.62
10/12/2025,ATM CASH WITHDRAWAL/04113/NOIDA,729473753907,"2,000.00",,372036.62
10/12/2025,UPI/DR/002676277388/PhonePe/ICICI/phonepe@ybl/UPI,107941035029,"1,030.66",,371005.96
11/12/2025,UPI/DR/114992596877/Amazon/ICICI/amazon@apl/UPI,993941896012,"2,760.62",,368245.34
13/12/2025,UPI/DR/905934521200/HDFC/LICI/licindia@licindia/UPI,285427202518,"4,000.00",,364245.34
13/12/2025,UPI/DR/140009248366/Uber/PAYTM/uber@paytm/UPI,165125162872,820.84,,363424.50
13/12/2025,UPI/DR/433134506301/Gopal/HDFC/0967108982@apl/UPI,887486062541,"19,900.47",,343524.03
13/12/2025,UPI/DR/234786451387/Rapido/PAYTM/rapido@icici/UPI,049801065938,730.14,,342793.89
14/12/2025,UPI/DR/691890164945/Rohit/PUNB/6204761187@paytm/UPI,475168580461,"18,600.61",,324193.28
15/12/2025,POS HP PETROL PUMP NOIDA,043002322501,"3,550.80",,320642.48
16/12/2025,ATM CASH WITHDRAWAL/16826/NOIDA,896051264694,"4,000.00",,316642.48
16/12/2025,UPI/DR/907935624168/Indane/ICICI/indanegas@upi/UPI,220445864219,"2,400.01",,314242.47
17/12/2025,UPI/DR/509408590578/Nykaa/PAYTM/nykaa@razorpay/UPI,159488988656,"1,000.03",,313242.44
17/12/2025,UPI/DR/800553685671/Airtel/PAYTM/vi@airtelaxis/UPI,184503785007,499.00,,312743.44
18/12/2025,UPI/DR/882926297729/Amit/KKBK/amit.roy@paytm/UPI,805089418015,"3,950.80",,308792.64
19/12/2025,UPI/DR/116801125243/TSSPDCL/UPIN/tsspdclpayment@upi/UPI,775074096233,"1,300.89",,307491.75
20/12/2025,UPI/DR/411336755727/BSNL/RAZORPAY/broadband@paytm/UPI,182256404049,"1,249.00",,306242.75
20/12/2025,UPI/CR/601096773130/Isha/UCBA/isha398@okhdfcbank/UPI,701046831107,,"3,300.09",309542.84
20/12/2025,POS LIFESTYLE STORES NOIDA,255337948689,"7,450.76",,302092.08
22/12/2025,UPI/CR/986698582173/Manish/UTIB/manish954@apl/UPI,860482545327,,"13,450.39",315542.47
22/12/2025,NEFT/N0164539543470/Mahindra Logistics L,588410190638,,"8,000.34",323542.81
23/12/2025,UPI/DR/607982459071/Zomato/ICICI/zomato@axisbank/UPI,600087239089,"1,260.32",,322282.49
24/12/2025,UPI/DR/901065194977/Flipkart/ICICI/flipkart@ybl/UPI,629880821921,"1,280.92",,321001.57
25/12/2025,UPI/DR/542238867242/Zepto/ICICI/zepto@apl/UPI,194132275424,270.43,,320731.14
25/12/2025,UPI/DR/372201143055/Myntra/PAYTM/myntra@ybl/UPI,380853857910,"3,400.23",,317330.91
25/12/2025,INTEREST CREDIT,411775689776,,710.02,318040.93
26/12/2025,UPI/DR/842127952320/Uber/PAYTM/uber@paytm/UPI,198365728000,230.66,,317810.27
26/12/2025,POS PANTALOONS NOIDA,294411592326,"1,850.79",,315959.48
26/12/2025,UPI/DR/986240987368/Sushma/BARB/sushma.dutta@pthdfc/UPI,342009878746,"6,350.24",,309609.24
26/12/2025,UPI/DR/414986152832/Flipkart/PAYTM/flipkart@ybl/UPI,466001471696,"5,250.46",,304358.78
26/12/2025,UPI/DR/911273111200/Mohit/FDRL/mohit.pillai@upi/UPI,651429326059,"15,000.04",,289358.74
27/12/2025,UPI/DR/331216154344/Zomato/ICICI/zomato@axisbank/UPI,069871136906,"1,120.29",,288238.45
27/12/2025,UPI/DR/054380752628/Jio/ICICI/jio@paytm/UPI,726777288724,"2,570.62",,285667.83
28/12/2025,POS VISHAL MEGA MART NOIDA,581356423862,"1,600.31",,284067.52
29/12/2025,UPI/CR/699510055086/Sachin/UCBA/sachin446@kotak/UPI,691762245827,,"17,650.18",301717.70
30/12/2025,UPI/DR/071752203920/Dunzo/ICICI/dunzo@razorpay/UPI,750124531912,"1,030.93",,300686.77
31/12/2025,UPI/DR/824538194565/Abhishek/KKBK/abhisheksing44@aubank/UPI,956279065994,"5,250.08",,295436.69
01/01/2026,UPI/DR/009237365364/PhonePe/ICICI/phonepe@ybl/UPI,813619716934,"1,770.43",,293666.26
01/01/2026,UPI/CR/142298819189/Mahesh/PUNB/maheshchau31@kotak/UPI,246906020906,,"12,150.53",305816.79
02/01/2026,UPI/DR/872880989753/Uber/PAYTM/uber@paytm/UPI,554285625165,190.88,,305625.91
02/01/2026,UPI/DR/466959540084/Meesho/PAYTM/meesho@ybl/UPI,749065088386,750.15,,304875.76
03/01/2026,SALARY CREDIT/S0810179729434/Lupin Limited,109169540430,,"96,523.85",401399.61
03/01/2026,ATM CASH WITHDRAWAL/40195/NOIDA,847850169175,"7,500.00",,393899.61
04/01/2026,UPI/DR/974645316992/Preeti/PUNB/preetimeno89@ptaxis/UPI,495037603399,"19,600.11",,374299.50
04/01/2026,NACH/MANDATE/RNT2403138/RENT MANDATE,937989149968,"13,000.00",,361299.50
04/01/2026,ATM CASH WITHDRAWAL/93574/NOIDA,452290928863,"8,500.00",,352799.50
04/01/2026,ATM CASH WITHDRAWAL/40901/NOIDA,369746568650,"9,000.00",,343799.50
05/01/2026,UPI/DR/766622664815/Airtel/PAYTM/vi@airtelaxis/UPI,356530511717,379.00,,343420.50
05/01/2026,UPI/DR/594605650513/BSNL/RAZORPAY/broadband@paytm/UPI,675470586998,649.00,,342771.50
06/01/2026,UPI/DR/637367943601/Paytm/ICICI/paytm@paytm/UPI,556990670435,850.31,,341921.19
10/01/2026,POS D MART NOIDA,810557071100,"7,100.09",,334821.10
10/01/2026,UPI/DR/179738221741/Paytm/ICICI/paytm@paytm/UPI,743638635554,"1,670.08",,333151.02
11/01/2026,UPI/DR/001718989964/HDFC/LICI/licindia@licindia/UPI,334734167159,"4,000.00",,329151.02
11/01/2026,UPI/DR/392675633827/Gaurav/FDRL/0144557305@ptyes/UPI,455749344874,"18,050.66",,311100.36
11/01/2026,UPI/DR/857793063400/BSNL/ICICI/bsnlbroadband@upi/UPI,919465612847,"1,980.30",,309120.06
11/01/2026,UPI/DR/034241302350/Airtel/PAYTM/vi@airtelaxis/UPI,267033325557,239.00,,308881.06
11/01/2026,POS SHELL FUEL STATION NOIDA,335073791824,"2,900.74",,305980.32
13/01/2026,UPI/DR/814080643538/Paytm/ICICI/paytm@paytm/UPI,747341387686,620.26,,305360.06
14/01/2026,UPI/DR/259734005436/Rapido/PAYTM/rapido@icici/UPI,378519008452,570.19,,304789.87
15/01/2026,UPI/DR/319311802423/Airtel/PAYTM/vi@airtelaxis/UPI,933941056491,949.00,,303840.87
15/01/2026,UPI/DR/788846024395/Indane/ICICI/indanegas@upi/UPI,742696976479,"2,200.09",,301640.78
16/01/2026,UPI/DR/274454439164/Blinkit/ICICI/blinkit@kotak/UPI,129475467810,"1,670.20",,299970.58
16/01/2026,UPI/DR/954681665840/Ola/PAYTM/olamoney@ola/UPI,531978441237,500.81,,299469.77
17/01/2026,UPI/DR/722606057290/Jio/ICICI/jio@paytm/UPI,123150109185,140.57,,299329.20
17/01/2026,ATM CASH WITHDRAWAL/32810/NOIDA,082660145684,"4,000.00",,295329.20
19/01/2026,UPI/DR/037646730910/Sangita/BDBL/sangita.dutta@ptsbi/UPI,002393878509,"20,200.99",,275128.21
19/01/2026,UPI/DR/803356065060/Myntra/ICICI/myntra@ybl/UPI,800570017138,399.00,,274729.21
20/01/2026,UPI/DR/583068140646/Swiggy/ICICI/swiggy@icici/UPI,721137113855,"1,590.29",,273138.92
20/01/2026,UPI/DR/303611348669/Amazon/PAYTM/amazon@apl/UPI,955781980718,"1,600.40",,271538.52
20/01/2026,UPI/DR/244270619403/TSSPDCL/UPIN/tsspdclpayment@upi/UPI,483268240366,"2,300.37",,269238.15
20/01/2026,POS MAX FASHION NOIDA,499613492362,"3,050.04",,266188.11
22/01/2026,UPI/DR/191462877588/Vivek/KKBK/vivekjosh94@okicici/UPI,172324203885,"3,750.80",,262437.31
22/01/2026,ATM CASH WITHDRAWAL/06636/NOIDA,584198907156,"7,000.00",,255437.31
23/01/2026,IMPS-164815387176-Sunil Jain,672862793430,"31,300.26",,224137.05
23/01/2026,NEFT/N2509752247256/Reliance Retail Ltd,275425746370,,"22,500.00",246637.05
24/01/2026,UPI/DR/638619581074/Meesho/PAYTM/meesho@ybl/UPI,584966009078,"2,900.37",,243736.68
24/01/2026,POS V MART NOIDA,008915692182,650.19,,243086.49
24/01/2026,POS METRO CASH CARRY NOIDA,320820009337,"1,500.73",,241585.76
24/01/2026,UPI/DR/880919412720/Kiran/BDBL/kiran.agarwal@aubank/UPI,239362596227,"12,550.84",,229034.92
25/01/2026,UPI/DR/644262919758/Tarun/KKBK/tarunverm31@ptaxis/UPI,032357092702,"6,850.27",,222184.65
25/01/2026,POS MAX FASHION NOIDA,598479216514,"1,050.81",,221133.84
25/01/2026,UPI/DR/413885170089/Pallavi/KKBK/pallavi.singh@ibl/UPI,422232235600,"18,350.25",,202783.59
27/01/2026,UPI/DR/059117826434/Ola/PAYTM/olamoney@ola/UPI,758454684286,740.62,,202042.97
28/01/2026,UPI/DR/200208788643/Anita/UCBA/anita.chopra@ptsbi/UPI,114027263511,"20,350.36",,181692.61
28/01/2026,POS INDIAN OIL NOIDA,300767395486,"4,450.85",,177241.76
29/01/2026,UPI/DR/478322115362/Airtel/PAYTM/vi@airtelaxis/UPI,078694594324,969.00,,176272.76
29/01/2026,UPI/DR/051902364413/BigBasket/ICICI/bigbasket@ybl/UPI,394905830357,"1,540.00",,174732.76
29/01/2026,GST ON CHARGES,473829487632,16.20,,174716.56
29/01/2026,SMS CHARGES,529697083492,90.00,,174626.56
29/01/2026,UPI/DR/206276995056/Uber/ICICI/uber@paytm/UPI,110504985116,610.45,,174016.11
29/01/2026,UPI/DR/051546306524/BigBasket/ICICI/bigbasket@ybl/UPI,615027661930,"1,470.50",,172545.61
29/01/2026,UPI/DR/528999234453/Hotstar/ICICI/hotstar@hdfcbank/UPI,546636057831,799.00,,171746.61
29/01/2026,UPI/DR/908019983282/Jio/ICICI/jio@paytm/UPI,322931941680,"1,400.44",,170346.17
29/01/2026,UPI/DR/258058718019/Zomato/ICICI/zomato@axisbank/UPI,913297469694,"2,470.83",,167875.34
30/01/2026,POS STAR BAZAAR NOIDA,176457314680,"6,850.95",,161024.39
30/01/2026,UPI/DR/586868359570/Paytm/ICICI/paytm@paytm/UPI,734521202497,"1,280.40",,159743.99
31/01/2026,UPI/CR/966780246404/Himanshu/BDBL/himanshu.thapar@upi/UPI,843577253505,,"20,500.25",180244.24
31/01/2026,UPI/DR/007921759266/Zomato/ICICI/zomato@axisbank/UPI,038744073444,"2,590.98",,177653.26
31/01/2026,UPI/DR/569186164603/Jio/ICICI/jio@paytm/UPI,137219777253,"2,200.05",,175453.21
31/01/2026,POS BRAND FACTORY NOIDA,635690366956,650.80,,174802.41
01/02/2026,SALARY CREDIT/S6235018045988/Lupin Limited,697379670602,,"96,244.85",271047.26
01/02/2026,UPI/DR/507401205765/Naresh/BKID/naresh272@okicici/UPI,838512486020,"11,650.86",,259396.40
01/02/2026,UPI/CR/008054176975/Kunal/BARB/6652138514@okhdfcbank/UPI,499559455790,,"16,650.68",276047.08
02/02/2026,NACH/MANDATE/RNT2856053/RENT MANDATE,019952479753,"13,000.00",,263047.08
02/02/2026,UPI/DR/736090512808/Vijay/UCBA/vijay.rao@ibl/UPI,263919975544,"7,500.39",,255546.69
02/02/2026,UPI/DR/797923897985/Vikas/PUNB/vikas467@ptsbi/UPI,059368889919,"11,700.29",,243846.40
03/02/2026,UPI/DR/629726874542/Dunzo/ICICI/dunzo@razorpay/UPI,731006227124,"2,270.18",,241576.22
04/02/2026,UPI/DR/518483624460/Myntra/PAYTM/myntra@ybl/UPI,105172737047,"1,900.81",,239675.41
05/02/2026,UPI/DR/257457976450/Ajay/KKBK/ajay.pillai@okicici/UPI,737729106343,"20,300.84",,219374.57
05/02/2026,UPI/DR/058842240327/Airtel/PAYTM/vi@airtelaxis/UPI,767463847188,199.00,,219175.57
05/02/2026,UPI/DR/307533764721/Nykaa/PAYTM/nykaa@razorpay/UPI,597520571156,"3,250.01",,215925.56
06/02/2026,ATM CASH WITHDRAWAL/30968/NOIDA,391018319768,"4,500.00",,211425.56
07/02/2026,UPI/DR/513800134813/Airtel/PAYTM/vi@airtelaxis/UPI,198188216513,529.00,,210896.56
08/02/2026,POS BHARAT PETROLEUM NOIDA,330986816682,"1,350.42",,209546.14
09/02/2026,POS D MART NOIDA,605757713623,"6,800.84",,202745.30
09/02/2026,UPI/DR/580104615994/Amazon/PAYTM/amazon@apl/UPI,330013025968,"2,150.41",,200594.89
10/02/2026,UPI/DR/824746724148/Paytm/ICICI/paytm@paytm/UPI,222588244631,250.97,,200343.92
10/02/2026,UPI/DR/489682948734/Zomato/ICICI/zomato@axisbank/UPI,387496836624,"1,580.34",,198763.58
11/02/2026,UPI/DR/740522394962/HDFC/LICI/licindia@licindia/UPI,258792866337,"4,000.00",,194763.58
11/02/2026,UPI/DR/751353923695/Ola/PAYTM/olamoney@ola/UPI,419028445153,140.62,,194622.96
11/02/2026,UPI/DR/609144258964/Swati/BDBL/0490979794@okhdfcbank/UPI,213685659187,"19,700.14",,174922.82
11/02/2026,UPI/DR/931540322058/Ola/ICICI/olamoney@ola/UPI,887397097250,"2,270.29",,172652.53
12/02/2026,UPI/DR/023797392829/Airtel/PAYTM/vi@airtelaxis/UPI,940315506226,849.00,,171803.53
12/02/2026,UPI/DR/167979587809/Indane/ICICI/indanegas@upi/UPI,921806595254,"2,400.31",,169403.22
12/02/2026,UPI/CR/213521519172/Rajesh/BARB/rajeshmeno90@pthdfc/UPI,566784938543,,"11,150.13",180553.35
13/02/2026,UPI/DR/138983748482/Sunita/BARB/sunita.mehta@apl/UPI,149097749440,"10,700.39",,169852.96
16/02/2026,UPI/DR/102600879461/TSSPDCL/UPIN/tsspdclpayment@upi/UPI,852315125335,"4,100.03",,165752.93
16/02/2026,UPI/DR/830082728830/Jio/ICICI/jio@paytm/UPI,056671656818,540.84,,165212.09
16/02/2026,POS INDIAN OIL NOIDA,927181119640,"2,700.95",,162511.14
16/02/2026,UPI/DR/355646319799/Amazon/ICICI/amazon@apl/UPI,087620777945,"1,420.23",,161090.91
16/02/2026,UPI/DR/190058040788/Zomato/ICICI/zomato@axisbank/UPI,854026901629,680.43,,160410.48
16/02/2026,UPI/CR/550261143456/Brijesh/BDBL/brijesh389@ptsbi/UPI,273455564443,,"16,550.75",176961.23
18/02/2026,UPI/DR/834827119707/BSNL/RAZORPAY/broadband@paytm/UPI,073176081078,599.00,,176362.23
18/02/2026,UPI/DR/143887574239/Ola/PAYTM/olamoney@ola/UPI,840988315426,360.82,,176001.41
18/02/2026,UPI/CR/368726217267/Renu/BKID/renu.iyer@ybl/UPI,041077527325,,"15,600.87",191602.28
19/02/2026,POS V MART NOIDA,755103669780,"2,650.26",,188952.02
19/02/2026,UPI/DR/174065448888/Sachin/UCBA/sachin.desai@pthdfc/UPI,792624683803,"14,850.74",,174101.28
19/02/2026,ATM CASH WITHDRAWAL/09462/NOIDA,541385047560,"4,000.00",,170101.28
19/02/2026,POS BIG BAZAAR NOIDA,302025961224,"4,000.60",,166100.68
20/02/2026,ATM CASH WITHDRAWAL/35155/NOIDA,569964866260,"6,500.00",,159600.68
21/02/2026,UPI/DR/574024375515/Zepto/ICICI/zepto@apl/UPI,838542870933,"2,410.42",,157190.26
22/02/2026,UPI/CR/816820258827/Brijesh/HDFC/brijeshredd96@upi/UPI,677270142545,,"15,400.72",172590.98
22/02/2026,IMPS-763130544861-Mohit Chatterjee,479665909411,"14,900.61",,157690.37
23/02/2026,UPI/DR/071022451429/Airtel/PAYTM/vi@airtelaxis/UPI,759800648880,709.00,,156981.37
24/02/2026,ATM CASH WITHDRAWAL/96117/NOIDA,278157924993,"6,500.00",,150481.37
24/02/2026,UPI/CR/570605331316/Arun/FDRL/1590776362@kotak/UPI,641699481799,,"10,550.36",161031.73
25/02/2026,UPI/DR/249456864116/Uber/ICICI/uber@paytm/UPI,566322843823,430.67,,160601.06
26/02/2026,POS HP PETROL PUMP NOIDA,206933200449,"1,600.84",,159000.22
27/02/2026,UPI/DR/057321612049/Uber/PAYTM/uber@paytm/UPI,038314237578,670.19,,158330.03
27/02/2026,ATM CASH WITHDRAWAL/90076/NOIDA,817249033322,"1,000.00",,157330.03
27/02/2026,SMS CHARGES,473540648054,270.00,,157060.03
27/02/2026,UPI/DR/073101834483/Archana/KKBK/archanathap92@oksbi/UPI,511030203878,"18,050.42",,139009.61
27/02/2026,GST ON CHARGES,816651805106,48.60,,138961.01
01/03/2026,UPI/DR/377146236810/Kavya/FDRL/kavya148@ptaxis/UPI,853136065390,"9,950.69",,129010.32
01/03/2026,ATM CASH WITHDRAWAL/57615/NOIDA,941331858076,"4,000.00",,125010.32
01/03/2026,SALARY CREDIT/S2594445170936/Lupin Limited,321227907026,,"98,457.85",223468.17
01/03/2026,UPI/DR/131805513208/Nisha/KKBK/nishashuk18@kotak/UPI,093574706788,"10,950.98",,212517.19
01/03/2026,UPI/DR/269206444978/Airtel/PAYTM/vi@airtelaxis/UPI,059682041137,269.00,,212248.19
01/03/2026,UPI/CR/252073946619/Ashish/BARB/ashish333@oksbi/UPI,210779372901,,"5,600.39",217848.58
02/03/2026,UPI/DR/894225776962/BigBasket/ICICI/bigbasket@ybl/UPI,928352449489,"2,740.04",,215108.54
02/03/2026,POS V MART NOIDA,154578332975,"3,650.16",,211458.38
03/03/2026,UPI/DR/966044673216/Babita/UCBA/babitamalh56@paytm/UPI,355612584049,"11,250.69",,200207.69
04/03/2026,NACH/MANDATE/RNT0082535/RENT MANDATE,725790863348,"13,000.00",,187207.69
05/03/2026,UPI/DR/013698184448/Girish/PUNB/girish.chaudhary@okaxis/UPI,458220252621,"15,150.85",,172056.84
06/03/2026,UPI/DR/115936252224/Swiggy/ICICI/swiggy@icici/UPI,436450077562,"1,450.79",,170606.05
06/03/2026,UPI/CR/604479162662/Deepak/UCBA/deepakmish69@oksbi/UPI,589569362035,,"20,800.45",191406.50
06/03/2026,UPI/DR/478725892436/Ola/PAYTM/olamoney@ola/UPI,636808393177,510.02,,190896.48
07/03/2026,UPI/DR/390696781059/Ola/PAYTM/olamoney@ola/UPI,645514075709,410.52,,190485.96
07/03/2026,UPI/CR/115069628756/Mina/UTIB/minapill98@ptaxis/UPI,703328528828,,"18,850.52",209336.48
08/03/2026,UPI/DR/364519762096/HDFC/LICI/licindia@licindia/UPI,612045398609,"4,000.00",,205336.48
08/03/2026,UPI/CR/075499041396/Priya/PUNB/1896637339@kotak/UPI,667639688690,,"20,550.10",225886.58
09/03/2026,POS RELIANCE PETROLEUM NOIDA,364820669630,"3,900.06",,221986.52
09/03/2026,UPI/DR/637825057564/Airtel/PAYTM/vi@airtelaxis/UPI,981453993072,689.00,,221297.52
11/03/2026,UPI/DR/612681396674/Airtel/PAYTM/vi@airtelaxis/UPI,501768787142,259.00,,221038.52
11/03/2026,UPI/DR/903676987599/Santosh/BARB/santosh.pandey@ptaxis/UPI,251744470333,"14,100.84",,206937.68
11/03/2026,POS RELIANCE MART NOIDA,804096055133,"7,650.68",,199287.00
11/03/2026,UPI/CR/815385240499/Vikram/BKID/vikram879@pthdfc/UPI,075544065924,,"9,150.04",208437.04
12/03/2026,POS PANTALOONS NOIDA,798202122803,"6,900.54",,201536.50
13/03/2026,POS BHARAT PETROLEUM NOIDA,658909075610,"2,750.08",,198786.42
13/03/2026,UPI/DR/176965474034/Uber/ICICI/uber@paytm/UPI,032001553048,730.12,,198056.30
13/03/2026,UPI/CR/252368429174/Deepak/FDRL/deepak.ahuja@ptaxis/UPI,782592982301,,"9,100.62",207156.92
13/03/2026,UPI/DR/513613041393/BSNL/RAZORPAY/broadband@paytm/UPI,178851766890,649.00,,206507.92
14/03/2026,UPI/DR/069529036012/Indane/ICICI/indanegas@upi/UPI,619106680077,"1,000.35",,205507.57
15/03/2026,UPI/CR/031984256528/Rohit/BKID/rohitredd27@axl/UPI,627589008272,,"7,300.90",212808.47
15/03/2026,UPI/DR/368306311558/Sunil/FDRL/sunilshuk23@apl/UPI,628877932782,"2,350.95",,210457.52
15/03/2026,UPI/DR/847886745122/Uber/PAYTM/uber@paytm/UPI,549228203634,640.82,,209816.70
16/03/2026,UPI/DR/512786710728/Mohan/PUNB/mohanchop91@kotak/UPI,720463499989,"20,450.42",,189366.28
16/03/2026,IMPS-367585759591-Vijay Joshi,101934414936,"5,400.98",,183965.30
17/03/2026,UPI/CR/333774422109/Sunita/BKID/sunita.kumar@okaxis/UPI,691371785608,,"6,150.36",190115.66
17/03/2026,UPI/DR/663278429987/Poonam/BARB/7671005052@paytm/UPI,061968509379,"19,850.74",,170264.92
17/03/2026,UPI/DR/289154412312/Ashish/PUNB/ashish.sethi@okaxis/UPI,796444602046,"6,650.39",,163614.53
17/03/2026,UPI/DR/796863060112/Kavita/FDRL/kavitaverm46@okaxis/UPI,202995859661,"5,650.32",,157964.21
18/03/2026,UPI/DR/311788455623/Ola/PAYTM/olamoney@ola/UPI,718778974218,600.29,,157363.92
18/03/2026,UPI/DR/701237606809/BSNL/ICICI/bsnlbroadband@upi/UPI,019535043007,170.89,,157193.03
18/03/2026,UPI/DR/190805772481/Airtel/PAYTM/vi@airtelaxis/UPI,279951629451,939.00,,156254.03
18/03/2026,POS SHELL FUEL STATION NOIDA,723649952557,"4,050.81",,152203.22
18/03/2026,UPI/DR/917729359425/TSSPDCL/UPIN/tsspdclpayment@upi/UPI,344228291163,"1,550.74",,150652.48
18/03/2026,POS PANTALOONS NOIDA,622624798563,350.36,,150302.12
19/03/2026,UPI/CR/072969021151/Anita/UCBA/3667196436@okicici/UPI,454506903854,,"20,200.70",170502.82
21/03/2026,UPI/DR/663118453482/Uber/PAYTM/uber@paytm/UPI,285561829969,550.55,,169952.27
21/03/2026,UPI/DR/104835422907/Flipkart/PAYTM/flipkart@ybl/UPI,581445475285,"5,400.69",,164551.58
22/03/2026,UPI/DR/970583853540/Akash/UCBA/akashmukh96@pthdfc/UPI,418509337483,"15,350.38",,149201.20
22/03/2026,UPI/DR/983173226826/Paytm/ICICI/paytm@paytm/UPI,869110199633,440.50,,148760.70
23/03/2026,UPI/DR/214048577343/PhonePe/ICICI/phonepe@ybl/UPI,069193153319,"1,080.24",,147680.46
24/03/2026,UPI/DR/599556977897/Amazon/ICICI/amazon@apl/UPI,536976970506,820.95,,146859.51
24/03/2026,UPI/DR/705146573227/Airtel/PAYTM/vi@airtelaxis/UPI,794140713464,359.00,,146500.51
24/03/2026,UPI/CR/655359595529/Akash/UTIB/akash.singh@ybl/UPI,401512354672,,"5,550.80",152051.31
25/03/2026,UPI/DR/481360425020/Himanshu/BARB/himanshu230@upi/UPI,136665632547,"10,200.15",,141851.16
25/03/2026,UPI/DR/983298115698/Swati/FDRL/swati741@paytm/UPI,956530601474,"3,650.14",,138201.02
25/03/2026,UPI/DR/175797285452/Airtel/PAYTM/vi@airtelaxis/UPI,688076093714,579.00,,137622.02
25/03/2026,ATM CASH WITHDRAWAL/73676/NOIDA,273100077539,"8,500.00",,129122.02
26/03/2026,NEFT/N2505424576288/Reliance Retail Ltd,260019303436,,"18,000.56",147122.58
26/03/2026,INTEREST CREDIT,822402385033,,600.70,147723.28
27/03/2026,UPI/DR/078856727653/Uber/PAYTM/uber@paytm/UPI,030228503121,890.42,,146832.86
27/03/2026,UPI/CR/533291123312/Gopal/BKID/gopalkuma50@ptsbi/UPI,837650151903,,"1,850.78",148683.64
27/03/2026,UPI/DR/347605780630/Amazon/ICICI/amazon@apl/UPI,746527017930,"1,440.84",,147242.80
28/03/2026,POS METRO CASH CARRY NOIDA,632082119332,"1,050.35",,146192.45
29/03/2026,UPI/DR/019824661395/Hotstar/ICICI/hotstar@hdfcbank/UPI,604936696647,999.00,,145193.45
29/03/2026,ATM CASH WITHDRAWAL/14903/NOIDA,887292966207,"8,500.00",,136693.45
29/03/2026,IMPS-024556506507-Manoj Roy,170228434626,"10,400.98",,126292.47
29/03/2026,UPI/DR/114280848165/Flipkart/ICICI/flipkart@ybl/UPI,893892536228,490.37,,125802.10
29/03/2026,UPI/DR/258130037025/Rohit/FDRL/4320672454@ptyes/UPI,835466254256,"4,800.98",,121001.12
31/03/2026,ATM CASH WITHDRAWAL/73005/NOIDA,246654234134,"2,000.00",,119001.12
01/04/2026,UPI/DR/389764351589/Amazon/PAYTM/amazon@apl/UPI,597615430695,"1,350.70",,117650.42
01/04/2026,POS VISHAL MEGA MART NOIDA,064138983583,"3,100.39",,114550.03
01/04/2026,UPI/DR/965063305387/Paytm/ICICI/paytm@paytm/UPI,980747780846,860.65,,113689.38
02/04/2026,SALARY CREDIT/S4073814843804/Lupin Limited,812620225486,,"97,579.85",211269.23
02/04/2026,UPI/DR/187215899881/Swiggy/ICICI/swiggy@icici/UPI,589466026807,"1,460.63",,209808.60
02/04/2026,UPI/DR/620060360532/Airtel/PAYTM/vi@airtelaxis/UPI,819130516408,939.00,,208869.60
02/04/2026,UPI/DR/322807495713/Flipkart/ICICI/flipkart@ybl/UPI,625013770870,"2,480.10",,206389.50
02/04/2026,UPI/CR/627264720737/Asha/KKBK/1557136512@oksbi/UPI,348213197691,,"17,750.12",224139.62
03/04/2026,POS INDIAN OIL NOIDA,010377107217,"2,100.31",,222039.31
03/04/2026,UPI/CR/117261511039/Mamta/BDBL/mamta.mishra@paytm/UPI,569117604891,,"3,000.75",225040.06
04/04/2026,UPI/DR/378985625663/Airtel/PAYTM/vi@airtelaxis/UPI,254018926098,789.00,,224251.06
04/04/2026,UPI/DR/881323333213/Rapido/PAYTM/rapido@icici/UPI,265746596043,200.65,,224050.41
04/04/2026,NACH/MANDATE/RNT5437039/RENT MANDATE,510370863781,"13,000.00",,211050.41
05/04/2026,UPI/DR/226348087171/HDFC/LICI/licindia@licindia/UPI,737736978894,"4,000.00",,207050.41
05/04/2026,UPI/DR/452879851382/Amazon/PAYTM/amazon@apl/UPI,821044400563,500.84,,206549.57
05/04/2026,POS BIG BAZAAR NOIDA,725757138554,"4,250.40",,202299.17
06/04/2026,UPI/DR/290319362497/BigBasket/ICICI/bigbasket@ybl/UPI,446412155176,820.18,,201478.99
06/04/2026,UPI/DR/421657092524/Rapido/PAYTM/rapido@icici/UPI,535041075927,750.46,,200728.53
06/04/2026,UPI/DR/359694227806/Lata/KKBK/latajain69@kotak/UPI,538610339363,"7,900.39",,192828.14
07/04/2026,POS METRO CASH CARRY NOIDA,384343048240,"4,750.80",,188077.34
07/04/2026,UPI/DR/871473023000/Airtel/PAYTM/vi@airtelaxis/UPI,289119902684,839.00,,187238.34
08/04/2026,UPI/CR/975032921948/Mina/KKBK/mina.sen@aubank/UPI,674399991425,,"12,850.53",200088.87
08/04/2026,POS BHARAT PETROLEUM NOIDA,247437614702,"3,050.91",,197037.96
08/04/2026,UPI/CR/357008908320/Saurabh/SBIN/saurabhjain59@paytm/UPI,819947856222,,"12,050.85",209088.81
11/04/2026,UPI/DR/812757498484/Uber/ICICI/uber@paytm/UPI,757728089567,"1,130.08",,207958.73
11/04/2026,UPI/CR/013052844619/Shreya/BARB/shreya626@aubank/UPI,170408622355,,"18,100.80",226059.53
11/04/2026,POS BRAND FACTORY NOIDA,596099752037,"3,200.54",,222858.99
12/04/2026,POS PANTALOONS NOIDA,603974235604,"1,700.99",,221158.00
14/04/2026,UPI/DR/028383591435/BSNL/RAZORPAY/broadband@paytm/UPI,786452281732,799.00,,220359.00
15/04/2026,UPI/DR/836620492692/Jio/ICICI/jio@paytm/UPI,967780956608,"1,070.91",,219288.09
15/04/2026,UPI/DR/920963295493/Sangita/UCBA/2939143636@aubank/UPI,409800605568,"10,000.67",,209287.42
15/04/2026,IMPS-891197394072-Varsha Singh,621649905770,"32,300.17",,176987.25
16/04/2026,UPI/DR/438101372934/Ola/PAYTM/olamoney@ola/UPI,291456432368,470.97,,176516.28
16/04/2026,POS V MART NOIDA,600107547672,"5,400.75",,171115.53
17/04/2026,UPI/DR/276991050395/Naresh/PUNB/nareshchop70@okicici/UPI,225889819640,"18,600.74",,152514.79
17/04/2026,UPI/DR/499684392130/Uber/PAYTM/uber@paytm/UPI,413051818793,320.43,,152194.36
18/04/2026,UPI/DR/707743571669/Saurabh/UTIB/saurabh970@ybl/UPI,216444578495,"17,550.84",,134643.52
18/04/2026,UPI/DR/556187736522/Airtel/PAYTM/vi@airtelaxis/UPI,864543231283,909.00,,133734.52
18/04/2026,UPI/DR/423111372188/Blinkit/ICICI/blinkit@kotak/UPI,457825741604,"1,460.72",,132273.80
19/04/2026,UPI/CR/969122829845/Gopal/BKID/gopalyada21@okhdfcbank/UPI,371019047721,,"11,600.15",143873.95
19/04/2026,UPI/CR/961367574729/Kunal/HDFC/kunal.jain@ibl/UPI,092657349935,,"13,550.57",157424.52
19/04/2026,UPI/DR/722565809269/TSSPDCL/UPIN/tsspdclpayment@upi/UPI,777035512860,"3,250.08",,154174.44
20/04/2026,UPI/DR/345081895685/Indane/ICICI/indanegas@upi/UPI,054514175288,"1,200.02",,152974.42
20/04/2026,UPI/DR/750167164156/PhonePe/ICICI/phonepe@ybl/UPI,266456037015,"2,760.47",,150213.95
20/04/2026,UPI/CR/724388854467/Seema/UCBA/seema466@apl/UPI,837611848036,,"9,850.76",160064.71
21/04/2026,POS D MART NOIDA,352487066715,"3,550.19",,156514.52
21/04/2026,UPI/DR/652676038070/Neha/BKID/neha895@upi/UPI,113153833159,"10,200.23",,146314.29
21/04/2026,ATM CASH WITHDRAWAL/62951/NOIDA,557430462666,"7,000.00",,139314.29
22/04/2026,UPI/DR/227335267042/Swiggy/ICICI/swiggy@icici/UPI,658539264581,200.41,,139113.88
22/04/2026,UPI/DR/685439031775/Rapido/PAYTM/rapido@icici/UPI,317754166305,870.34,,138243.54
22/04/2026,UPI/CR/084352473761/Mamta/UCBA/mamta.srivastava@axl/UPI,841929954709,,"4,700.93",142944.47
22/04/2026,UPI/DR/159679210437/Dunzo/ICICI/dunzo@razorpay/UPI,327298396853,"2,530.62",,140413.85
22/04/2026,UPI/DR/902031022314/Blinkit/ICICI/blinkit@kotak/UPI,982469201007,"1,680.16",,138733.69
23/04/2026,POS INDIAN OIL NOIDA,959056509164,"3,550.32",,135183.37
23/04/2026,UPI/DR/956401434471/Ritu/FDRL/ritu383@okicici/UPI,121196045380,"19,900.77",,115282.60
24/04/2026,ATM CASH WITHDRAWAL/04762/NOIDA,172280799659,"8,000.00",,107282.60
24/04/2026,UPI/DR/948849818118/Geeta/KKBK/geeta533@ptsbi/UPI,782880375963,"6,200.90",,101081.70
24/04/2026,POS BIG BAZAAR NOIDA,615600804869,"4,850.31",,96231.39
24/04/2026,UPI/DR/234807333447/Yogesh/BDBL/yogesh901@apl/UPI,153258414516,"7,550.22",,88681.17
24/04/2026,UPI/DR/346839580018/BigBasket/ICICI/bigbasket@ybl/UPI,792046992301,"1,020.56",,87660.61
25/04/2026,UPI/DR/895496041371/Meesho/PAYTM/meesho@ybl/UPI,795597075003,"2,750.93",,84909.68
26/04/2026,GST ON CHARGES,172202420453,77.40,,84832.28
26/04/2026,SMS CHARGES,402504211542,430.00,,84402.28
27/04/2026,UPI/DR/707279896773/Airtel/PAYTM/vi@airtelaxis/UPI,886117178536,199.00,,84203.28
29/04/2026,ATM CASH WITHDRAWAL/84324/NOIDA,904318251052,"9,000.00",,75203.28
30/04/2026,UPI/DR/791971481433/Ola/ICICI/olamoney@ola/UPI,719579471412,"2,500.99",,72702.29
01/05/2026,UPI/DR/868502625883/Mohit/SBIN/4213913716@apl/UPI,082126270642,"12,250.97",,60451.32
01/05/2026,UPI/DR/684051809055/Arun/KKBK/arunchop20@ybl/UPI,437998044529,"19,500.42",,40950.90
01/05/2026,ATM CASH WITHDRAWAL/13604/NOIDA,453067217136,"7,000.00",,33950.90
01/05/2026,UPI/CR/347857360067/Deepa/PUNB/deepa.mishra@aubank/UPI,708244022884,,"17,650.64",51601.54
01/05/2026,UPI/DR/394096068434/Rohit/HDFC/4578895551@aubank/UPI,998205528970,450.16,,51151.38
02/05/2026,UPI/DR/517539923711/Swiggy/ICICI/swiggy@icici/UPI,181040996882,300.80,,50850.58
02/05/2026,UPI/DR/202074294655/Harish/UCBA/harish916@oksbi/UPI,122013027415,"20,050.47",,30800.11
03/05/2026,UPI/CR/620295776468/Priya/BKID/priyasriv90@upi/UPI,874119884753,,"18,150.07",48950.18
03/05/2026,SALARY CREDIT/S6039207241434/Lupin Limited,320421221842,,"98,502.85",147453.03
04/05/2026,UPI/DR/287095386022/Airtel/PAYTM/vi@airtelaxis/UPI,192054238942,779.00,,146674.03
04/05/2026,NACH/MANDATE/RNT4320246/RENT MANDATE,323484076190,"13,000.00",,133674.03
06/05/2026,ATM CASH WITHDRAWAL/90487/NOIDA,569205320074,"10,000.00",,123674.03
07/05/2026,UPI/DR/352234147898/Ola/PAYTM/olamoney@ola/UPI,547045586126,850.66,,122823.37
08/05/2026,POS SHELL FUEL STATION NOIDA,652738212229,"3,350.07",,119473.30
09/05/2026,UPI/DR/630520470671/Airtel/PAYTM/vi@airtelaxis/UPI,313761094705,859.00,,118614.30
09/05/2026,UPI/DR/330874769377/HDFC/LICI/licindia@licindia/UPI,229362758121,"4,000.00",,114614.30
