Bank Name,HDFC BANK LTD
Account Number,39557477253057
Account Holder Name,SUNIL SHUKLA
Branch,JAYANAGAR
IFSC Code,HDFC0500782
Statement Period,01-12-2024 To 09-05-2026

Date,Description,Ref/ChequeNo,Debit,Credit,Balance
01/12/24,UPI-Lata Malhotra-lata.malhotra@pthdfc-164081197557-CR VIA UPI,475044384902,,"2,500.96",1405703.29
02/12/24,UPI-Anjali Malhotra-anjali.malhotra@ptaxis-585592083622-CR VIA UPI,891875330080,,"8,800.97",1414504.26
02/12/24,UPI-BSNL Broadband-bsnlbroadband@upi-587528912736-DR VIA UPI,819260694062,"1,600.96",,1412903.30
02/12/24,POS RELIANCE MART SURAT,268384647838,"3,550.38",,1409352.92
03/12/24,SALARY-S1079501969507/NEFT/Maruti Suzuki India,060304550482,,"56,207.50",1465560.42
03/12/24,UPI-Pallavi Nambiar-4974592767@upi-748610175523-CR VIA UPI,988817984406,,300.87,1465861.29
04/12/24,UPI-Archana Patel-archana696@ybl-254704512294-CR VIA UPI,225387806962,,"12,400.02",1478261.31
04/12/24,UPI-Mamta Khanna-mamta.khanna@ybl-122615396701-DR VIA UPI,110292013510,"4,600.36",,1473660.95
04/12/24,UPI-Jio Recharge-jio@paytm-589158451192-DR VIA UPI,245956208646,539.00,,1473121.95
05/12/24,UPI-Shivam Joshi-shivam.joshi@upi-246491968112-DR VIA UPI,033330698716,"21,350.25",,1451771.70
05/12/24,ECS-NACH-RNT8290588-RENT MANDATE,254892539867,"15,500.00",,1436271.70
05/12/24,UPI-ICICI Prudential Life-licindia@licindia-312078093083-DR VIA UPI,174289435317,"8,300.00",,1427971.70
05/12/24,UPI-Blinkit-blinkit@kotak-511091384777-DR VIA UPI,075991730195,"2,320.00",,1425651.70
06/12/24,POS RELIANCE PETROLEUM SURAT,714668771615,"2,850.68",,1422801.02
07/12/24,POS MAX FASHION SURAT,016159190359,"4,400.39",,1418400.63
08/12/24,UPI-Siddharth Thapar-siddharth667@pthdfc-769377306934-DR VIA UPI,685163812293,"5,750.89",,1412649.74
08/12/24,UPI-Jio Recharge-jio@paytm-826927400322-DR VIA UPI,388989142257,799.00,,1411850.74
09/12/24,ATW-XXXXXX1850-LZZ36103-SURAT 435635564456,287060578760,"9,000.00",,1402850.74
10/12/24,UPI-BigBasket-bigbasket@ybl-904581435769-DR VIA UPI,885648555899,560.50,,1402290.24
10/12/24,UPI-Uber India-uber@paytm-895901405625-DR VIA UPI,571415157184,460.98,,1401829.26
10/12/24,UPI-Rapido-rapido@icici-570025877138-DR VIA UPI,573685336616,750.69,,1401078.57
10/12/24,ATW-XXXXXX2520-OGS88692-SURAT 149150199851,089411447019,"9,000.00",,1392078.57
11/12/24,ECS-NACH-LN875376599479-Manappuram Finance,281393475853,"14,000.00",,1378078.57
11/12/24,ECS-NACH-SIP5191293-Mirae Asset MF,084452159840,"2,500.00",,1375578.57
12/12/24,UPI-Vandana Rao-vandanarao31@okicici-623081577926-DR VIA UPI,813816107769,"21,950.85",,1353627.72
13/12/24,UPI-Vikas Sharma-4262742781@ybl-053148397656-DR VIA UPI,811829430737,"11,850.63",,1341777.09
13/12/24,UPI-Jio Recharge-jio@paytm-467555998709-DR VIA UPI,115544253377,410.39,,1341366.70
13/12/24,UPI-Uber India-uber@paytm-902860249181-DR VIA UPI,570210875474,250.72,,1341115.98
13/12/24,UPI-Zomato-zomato@axisbank-920265488588-DR VIA UPI,814750216965,980.43,,1340135.55
14/12/24,UPI-Deepak Saxena-3169860036@pthdfc-004075512227-DR VIA UPI,343239937805,"15,750.37",,1324385.18
14/12/24,UPI-KSEB-ksebpayment@upi-015131521757-DR VIA UPI,031930383897,"3,850.79",,1320534.39
14/12/24,UPI-Swiggy-swiggy@icici-058822098495-DR VIA UPI,387361519287,460.46,,1320073.93
14/12/24,UPI-Flipkart-flipkart@ybl-474410626408-DR VIA UPI,395680782063,"4,950.01",,1315123.92
14/12/24,POS HP PETROL PUMP SURAT,665878538940,"1,150.45",,1313973.47
14/12/24,UPI-Lalit Dutta-0180012872@kotak-308793792903-CR VIA UPI,034796834234,,"20,450.94",1334424.41
15/12/24,UPI-Blinkit-blinkit@kotak-133875365240-DR VIA UPI,616523963981,740.85,,1333683.56
16/12/24,UPI-Sneha Sethi-sneha.sethi@okaxis-450937278138-DR VIA UPI,936155670022,"12,650.25",,1321033.31
16/12/24,ATW-XXXXXX3629-ANN17413-SURAT 878795991179,167916356462,"5,500.00",,1315533.31
16/12/24,UPI-Zepto-zepto@apl-261682350188-DR VIA UPI,643293883133,"1,320.28",,1314213.03
16/12/24,UPI-BSNL Broadband-bsnlbroadband@upi-693541934203-DR VIA UPI,461137001549,640.48,,1313572.55
16/12/24,UPI-Pooja Reddy-poojaredd16@axl-998280119675-DR VIA UPI,337824746162,"4,600.09",,1308972.46
16/12/24,UPI-Ola Cabs-olamoney@ola-294194163765-DR VIA UPI,378960132007,"2,410.11",,1306562.35
17/12/24,ATW-XXXXXX9436-BPJ04962-SURAT 756896000357,067775855166,"8,000.00",,1298562.35
17/12/24,UPI-Dunzo-dunzo@razorpay-316401858902-DR VIA UPI,037544245870,"2,020.08",,1296542.27
18/12/24,UPI-Krishna Mukherjee-krishnamukh86@paytm-204704110293-DR VIA UPI,727505126380,"5,750.19",,1290792.08
18/12/24,UPI-Amazon Pay-amazon@apl-121707171648-DR VIA UPI,874462516962,490.77,,1290301.31
19/12/24,UPI-Jio Recharge-jio@paytm-136059179127-DR VIA UPI,858603677591,989.00,,1289312.31
19/12/24,UPI-Sneha Joshi-sneha.joshi@ptsbi-607181467200-DR VIA UPI,996568984133,"9,150.79",,1280161.52
19/12/24,UPI-Kavita Chaudhary-kavita.chaudhary@ybl-112656394638-DR VIA UPI,903870451501,"18,900.00",,1261261.52
20/12/24,UPI-Rapido-rapido@icici-077427791338-DR VIA UPI,064782754011,260.68,,1261000.84
20/12/24,UPI-Ritu Joshi-ritujosh48@paytm-983296608775-DR VIA UPI,422435476687,"11,400.24",,1249600.60
20/12/24,UPI-Hotstar-hotstar@hdfcbank-815597552123-DR VIA UPI,787180726395,699.00,,1248901.60
20/12/24,UPI-Uber India-uber@paytm-659332529695-DR VIA UPI,960531006802,420.56,,1248481.04
21/12/24,UPI-Divya Thapar-6679096708@ptyes-546825428931-CR VIA UPI,791980841322,,"17,400.07",1265881.11
21/12/24,UPI-Ramesh Pillai-ramesh.pillai@pthdfc-329609184113-DR VIA UPI,528155882368,"19,400.96",,1246480.15
21/12/24,UPI-Mukesh Kumar-5677525877@pthdfc-503041223298-DR VIA UPI,752829265794,"1,050.23",,1245429.92
22/12/24,UPI-Indane Gas-indanegas@upi-695013424147-DR VIA UPI,890727865029,850.71,,1244579.21
22/12/24,UPI-Jio Recharge-jio@paytm-789319935817-DR VIA UPI,151921853576,259.00,,1244320.21
22/12/24,POS BHARAT PETROLEUM SURAT,802980764909,"1,200.27",,1243119.94
22/12/24,POS LIFESTYLE STORES SURAT,030602294771,"3,500.50",,1239619.44
24/12/24,UPI-Kapil Shukla-kapil241@upi-783383508616-DR VIA UPI,897305795389,"13,650.52",,1225968.92
24/12/24,ATW-XXXXXX8112-HEN37959-SURAT 362255703566,728534855751,"9,000.00",,1216968.92
24/12/24,POS HP PETROL PUMP SURAT,211123979593,"2,800.21",,1214168.71
24/12/24,UPI-ACT Fibernet-broadband@paytm-365287742513-DR VIA UPI,275118409222,599.00,,1213569.71
26/12/24,UPI-Rapido-rapido@icici-188706178314-DR VIA UPI,244054933202,310.69,,1213259.02
27/12/24,INTEREST CREDIT,636034473639,,"1,100.16",1214359.18
27/12/24,UPI-Dunzo-dunzo@razorpay-145032997303-DR VIA UPI,326359898120,"1,000.71",,1213358.47
28/12/24,UPI-Zepto-zepto@apl-954098190544-DR VIA UPI,941286005802,"1,710.36",,1211648.11
28/12/24,UPI-Swiggy-swiggy@icici-821917876994-DR VIA UPI,866924978062,"2,390.11",,1209258.00
31/12/24,UPI-Blinkit-blinkit@kotak-455226216482-DR VIA UPI,059369317046,"1,790.84",,1207467.16
01/01/25,SALARY-S1470651282068/NEFT/Maruti Suzuki India,992724024405,,"58,572.50",1266039.66
01/01/25,POS CENTRAL MALL SURAT,858205142956,300.40,,1265739.26
01/01/25,POS VISHAL MEGA MART SURAT,825469985556,"1,450.05",,1264289.21
02/01/25,UPI-Brijesh Joshi-brijesh691@okhdfcbank-844667379203-CR VIA UPI,708503741007,,"14,400.98",1278690.19
03/01/25,ECS-NACH-RNT4203109-RENT MANDATE,849161913395,"15,500.00",,1263190.19
03/01/25,UPI-Siddharth Sen-siddharthsen36@aubank-691097152156-CR VIA UPI,574584206512,,"5,000.88",1268191.07
03/01/25,UPI-ACT Fibernet-broadband@paytm-642099754049-DR VIA UPI,362851878237,899.00,,1267292.07
04/01/25,UPI-Amazon Pay-amazon@apl-181606060507-DR VIA UPI,738064867945,"2,170.40",,1265121.67
04/01/25,UPI-Ritu Ghosh-4866733180@okhdfcbank-134514295509-DR VIA UPI,399491925233,"20,100.37",,1245021.30
04/01/25,UPI-Amazon Pay-amazon@apl-807406037338-DR VIA UPI,853498469790,"2,380.17",,1242641.13
05/01/25,POS INDIAN OIL SURAT,915619533984,900.71,,1241740.42
05/01/25,UPI-Rapido-rapido@icici-310062347784-DR VIA UPI,114255689637,550.48,,1241189.94
06/01/25,UPI-Shivam Naik-5756375114@paytm-407808246778-CR VIA UPI,553885775938,,"12,100.05",1253289.99
07/01/25,UPI-Seema Saxena-seema.saxena@okhdfcbank-243341934224-DR VIA UPI,211008525634,600.34,,1252689.65
07/01/25,UPI-BigBasket-bigbasket@ybl-455738750879-DR VIA UPI,705200112141,290.27,,1252399.38
08/01/25,UPI-Meesho-meesho@ybl-788612395704-DR VIA UPI,731270286219,"3,900.09",,1248499.29
08/01/25,UPI-Ola Cabs-olamoney@ola-691896717483-DR VIA UPI,338795797208,230.86,,1248268.43
09/01/25,UPI-Ashish Desai-ashish.desai@pthdfc-801681096815-CR VIA UPI,238246550205,,"6,800.13",1255068.56
09/01/25,ECS-NACH-LN875376599479-Manappuram Finance,873641357912,"14,000.00",,1241068.56
10/01/25,UPI-Practo-practo@paytm-609798656681-DR VIA UPI,454040799033,299.00,,1240769.56
10/01/25,UPI-KSEB-ksebpayment@upi-366579657898-DR VIA UPI,633124998393,"3,300.67",,1237468.89
11/01/25,UPI-BSNL Broadband-bsnlbroadband@upi-859345821769-DR VIA UPI,123818820366,"2,440.01",,1235028.88
12/01/25,UPI-Gopal Gupta-1050721009@aubank-176116488229-DR VIA UPI,709942757176,"17,000.09",,1218028.79
13/01/25,UPI-Naresh Chaudhary-naresh.chaudhary@kotak-235542950499-DR VIA UPI,147233903011,"7,150.86",,1210877.93
13/01/25,UPI-BigBasket-bigbasket@ybl-445262313139-DR VIA UPI,142419604195,590.58,,1210287.35
14/01/25,POS BRAND FACTORY SURAT,230655807321,"6,700.33",,1203587.02
14/01/25,UPI-Manish Nair-6368690151@ptyes-615694739746-DR VIA UPI,404182227121,"14,300.26",,1189286.76
14/01/25,UPI-Swiggy-swiggy@icici-753635414070-DR VIA UPI,457659014709,"1,230.80",,1188055.96
15/01/25,ATW-XXXXXX3438-EZE81648-SURAT 171336129059,246629585791,"10,000.00",,1178055.96
15/01/25,POS LIFESTYLE STORES SURAT,796524322324,"5,650.27",,1172405.69
16/01/25,POS CENTRAL MALL SURAT,005463631892,"3,050.22",,1169355.47
16/01/25,UPI-Swiggy-swiggy@icici-799703807219-DR VIA UPI,248042905958,"1,330.27",,1168025.20
18/01/25,UPI-Paytm Mall-paytm@paytm-294028317673-DR VIA UPI,021758958910,"2,050.12",,1165975.08
18/01/25,ECS-NACH-SIP3792009-Mirae Asset MF,058299107137,"2,500.00",,1163475.08
18/01/25,UPI-Jio Recharge-jio@paytm-669161988914-DR VIA UPI,185760587204,439.00,,1163036.08
19/01/25,UPI-Zomato-zomato@axisbank-498806692121-DR VIA UPI,374471295349,"2,140.79",,1160895.29
19/01/25,ATW-XXXXXX3988-XCI60947-SURAT 308014057175,891777488250,"6,500.00",,1154395.29
19/01/25,UPI-BSNL Broadband-bsnlbroadband@upi-221503613405-DR VIA UPI,617611909181,570.14,,1153825.15
19/01/25,UPI-Krishna Chopra-krishna158@aubank-603088247637-DR VIA UPI,959949314247,400.38,,1153424.77
20/01/25,UPI-Jio Recharge-jio@paytm-517495144653-DR VIA UPI,624134091320,599.00,,1152825.77
21/01/25,UPI-Deepak Kapoor-deepakkapo83@ptaxis-319323683703-CR VIA UPI,272091220245,,"7,050.06",1159875.83
21/01/25,UPI-Jio Recharge-jio@paytm-396098753733-DR VIA UPI,566438392807,"2,720.07",,1157155.76
21/01/25,UPI-Swiggy-swiggy@icici-781469906196-DR VIA UPI,742953441818,"1,850.29",,1155305.47
22/01/25,POS MORE SUPER MARKET SURAT,071430060044,"6,350.24",,1148955.23
23/01/25,UPI-BigBasket-bigbasket@ybl-520332750531-DR VIA UPI,175355091285,450.43,,1148504.80
23/01/25,UPI-Jio Recharge-jio@paytm-240744996135-DR VIA UPI,532417704235,549.00,,1147955.80
23/01/25,UPI-Sanjay Nair-1617932124@upi-365605199426-DR VIA UPI,827833057788,"4,050.18",,1143905.62
23/01/25,UPI-Ola Cabs-olamoney@ola-620775039262-DR VIA UPI,042443591988,"1,910.09",,1141995.53
24/01/25,UPI-Indane Gas-indanegas@upi-705455732692-DR VIA UPI,731850324081,"1,950.39",,1140045.14
24/01/25,POS PANTALOONS SURAT,636669194419,"1,050.52",,1138994.62
24/01/25,ATW-XXXXXX4609-OPF10338-SURAT 359325982087,812004149559,"7,000.00",,1131994.62
25/01/25,UPI-Blinkit-blinkit@kotak-223658207912-DR VIA UPI,825722357688,"2,370.85",,1129623.77
25/01/25,UPI-Uber India-uber@paytm-343975909217-DR VIA UPI,548840267235,490.82,,1129132.95
25/01/25,UPI-Rapido-rapido@icici-206735964543-DR VIA UPI,318990250204,360.36,,1128772.59
25/01/25,UPI-PhonePe Merchant-phonepe@ybl-277178326290-DR VIA UPI,016269934881,"1,620.47",,1127152.12
26/01/25,UPI-Girish Desai-girish.desai@paytm-709368377469-DR VIA UPI,831654884948,"20,100.94",,1107051.18
26/01/25,UPI-Ola Cabs-olamoney@ola-059720767575-DR VIA UPI,062916560298,250.14,,1106801.04
26/01/25,UPI-Uber India-uber@paytm-861118956963-DR VIA UPI,977748477320,90.80,,1106710.24
26/01/25,IMPS-068770229635-Sangita Roy-HDFC-XXXXXXX6419-IMPSTXN,953887434192,"12,900.00",,1093810.24
27/01/25,UPI-Meena Naik-meenanaik71@oksbi-324057534823-DR VIA UPI,133016376946,"8,400.90",,1085409.34
28/01/25,UPI-Uber India-uber@paytm-850067080504-DR VIA UPI,209342318254,880.85,,1084528.49
29/01/25,POS BHARAT PETROLEUM SURAT,555627024645,"1,850.27",,1082678.22
30/01/25,UPI-Shreya Bose-shreyabose82@pthdfc-639125096598-CR VIA UPI,310013123378,,"2,050.51",1084728.73
30/01/25,POS INDIAN OIL SURAT,245796912462,"3,500.38",,1081228.35
31/01/25,POS D MART SURAT,184419140654,"6,400.90",,1074827.45
31/01/25,POS SHELL FUEL STATION SURAT,362530852659,"3,800.63",,1071026.82
31/01/25,UPI-BSNL Broadband-bsnlbroadband@upi-052939546398-DR VIA UPI,566555080306,"1,030.42",,1069996.40
01/02/25,UPI-Rapido-rapido@icici-823893179749-DR VIA UPI,811023746621,240.31,,1069756.09
01/02/25,UPI-Rani Malhotra-ranimalh29@okaxis-308193334916-DR VIA UPI,208333561950,"9,550.98",,1060205.11
02/02/25,UPI-Myntra-myntra@ybl-306296673002-DR VIA UPI,606971022017,"4,050.63",,1056154.48
02/02/25,UPI-Yogesh Bajaj-yogesh927@ptsbi-683482042016-CR VIA UPI,790420823638,,"15,050.79",1071205.27
03/02/25,UPI-Flipkart-flipkart@ybl-163905884204-DR VIA UPI,332669049709,"3,850.26",,1067355.01
03/02/25,UPI-Sarita Naik-saritanaik29@upi-609282802565-CR VIA UPI,976744068416,,"3,850.30",1071205.31
03/02/25,SALARY-S3694632187769/NEFT/Maruti Suzuki India,723189345094,,"56,740.50",1127945.81
04/02/25,ECS-NACH-RNT2177338-RENT MANDATE,263253218992,"15,500.00",,1112445.81
04/02/25,ATW-XXXXXX8708-OAM81521-SURAT 711260299651,327922106362,"8,000.00",,1104445.81
04/02/25,UPI-Zomato-zomato@axisbank-380338104826-DR VIA UPI,428477090253,"1,890.21",,1102555.60
05/02/25,UPI-Sunita Dubey-sunita532@apl-069688382645-CR VIA UPI,839035136894,,"11,900.14",1114455.74
05/02/25,UPI-Sonia Malhotra-soniamalh96@kotak-020389851131-CR VIA UPI,503331014674,,"8,000.90",1122456.64
05/02/25,UPI-Ritu Tiwari-ritu.tiwari@okhdfcbank-358096228255-DR VIA UPI,941574484414,"1,450.22",,1121006.42
05/02/25,UPI-Swiggy-swiggy@icici-117209527003-DR VIA UPI,555858045900,"1,650.61",,1119355.81
05/02/25,UPI-ACT Fibernet-broadband@paytm-340579973945-DR VIA UPI,194002893364,849.00,,1118506.81
06/02/25,UPI-Rani Patel-ranipate48@ptaxis-893007346586-DR VIA UPI,673930878032,"18,800.05",,1099706.76
06/02/25,IMPS-549931396799-Arjun Nair-PUNB-XXXXXXX8825-IMPSTXN,693396287212,"12,300.28",,1087406.48
06/02/25,POS HP PETROL PUMP SURAT,633151212698,"3,250.41",,1084156.07
07/02/25,ECS-NACH-LN875376599479-Manappuram Finance,005919960115,"14,000.00",,1070156.07
07/02/25,UPI-Varun Malhotra-3410648403@ptaxis-415922855234-DR VIA UPI,977765573551,"20,300.49",,1049855.58
08/02/25,UPI-Uber India-uber@paytm-942799836047-DR VIA UPI,132595140344,140.34,,1049715.24
08/02/25,ATW-XXXXXX5092-JGW44962-SURAT 983329302642,618524874406,"1,500.00",,1048215.24
09/02/25,UPI-Anita Dutta-anita.dutta@okhdfcbank-000407916752-DR VIA UPI,800149348225,"11,400.32",,1036814.92
09/02/25,POS MORE SUPER MARKET SURAT,873497996408,"1,700.53",,1035114.39
09/02/25,UPI-Swiggy-swiggy@icici-857416246994-DR VIA UPI,072015533738,760.31,,1034354.08
10/02/25,UPI-Jio Recharge-jio@paytm-744618242480-DR VIA UPI,377155389877,479.00,,1033875.08
10/02/25,UPI-Seema Ghosh-seema467@paytm-287641743991-DR VIA UPI,034613964382,"11,600.78",,1022274.30
11/02/25,UPI-KSEB-ksebpayment@upi-522719424809-DR VIA UPI,109610269033,700.86,,1021573.44
11/02/25,ECS-NACH-SIP7861598-Mirae Asset MF,570951700517,"2,500.00",,1019073.44
12/02/25,UPI-Myntra-myntra@ybl-229801563264-DR VIA UPI,683049667998,550.83,,1018522.61
12/02/25,UPI-Blinkit-blinkit@kotak-144046295514-DR VIA UPI,731522491796,360.50,,1018162.11
12/02/25,POS HP PETROL PUMP SURAT,951402780966,"2,750.18",,1015411.93
13/02/25,UPI-Kavita Gupta-kavita644@oksbi-257225344295-DR VIA UPI,966443668614,"2,100.16",,1013311.77
13/02/25,UPI-Sarita Iyer-saritaiyer38@ptsbi-412847207316-CR VIA UPI,278236976722,,"13,400.06",1026711.83
14/02/25,POS BRAND FACTORY SURAT,181966895754,"1,600.43",,1025111.40
14/02/25,UPI-Uber India-uber@paytm-441273482500-DR VIA UPI,435033212773,870.58,,1024240.82
15/02/25,UPI-Rapido-rapido@icici-433218147190-DR VIA UPI,156819469421,660.89,,1023579.93
17/02/25,ATW-XXXXXX3450-DCG85860-SURAT 596619798577,436382099054,"2,000.00",,1021579.93
17/02/25,UPI-Rapido-rapido@icici-843990760981-DR VIA UPI,440416594538,660.63,,1020919.30
18/02/25,UPI-BigBasket-bigbasket@ybl-026639354026-DR VIA UPI,399099145758,960.81,,1019958.49
18/02/25,UPI-Vikas Khanna-vikaskhan78@ptsbi-551618888752-DR VIA UPI,335322712177,"12,650.70",,1007307.79
19/02/25,POS PANTALOONS SURAT,154913051601,"7,200.17",,1000107.62
19/02/25,UPI-Indane Gas-indanegas@upi-736841349191-DR VIA UPI,802630557892,"2,200.05",,997907.57
21/02/25,UPI-Jio Recharge-jio@paytm-570458645880-DR VIA UPI,416618409779,749.00,,997158.57
21/02/25,UPI-BSNL Broadband-bsnlbroadband@upi-297879826560-DR VIA UPI,165999532617,"2,670.28",,994488.29
21/02/25,UPI-Sonia Naik-8367030044@pthdfc-252351616651-CR VIA UPI,831037926484,,850.39,995338.68
23/02/25,UPI-Jio Recharge-jio@paytm-740111525547-DR VIA UPI,511297742771,449.00,,994889.68
23/02/25,UPI-Rapido-rapido@icici-232055243822-DR VIA UPI,237713286267,900.45,,993989.23
23/02/25,POS STAR BAZAAR SURAT,026129834812,"1,600.51",,992388.72
24/02/25,POS RELIANCE PETROLEUM SURAT,552754970591,"1,650.96",,990737.76
24/02/25,ATW-XXXXXX5009-WYQ12498-SURAT 540398390475,987963044372,"4,000.00",,986737.76
25/02/25,UPI-Babita Malhotra-5217380670@ibl-399523694153-DR VIA UPI,995068102838,"13,850.87",,972886.89
26/02/25,UPI-Pallavi Khanna-pallavikhan93@ybl-457483049533-DR VIA UPI,660992384932,"19,300.13",,953586.76
26/02/25,UPI-Rahul Dubey-rahuldube53@kotak-452365193446-DR VIA UPI,747694993236,"6,750.80",,946835.96
27/02/25,UPI-Zepto-zepto@apl-072404912683-DR VIA UPI,930477897058,980.95,,945855.01
28/02/25,UPI-Uber India-uber@paytm-668411803372-DR VIA UPI,135104017796,"2,470.51",,943384.50
28/02/25,UPI-Mamta Patil-9988518297@okaxis-798632275270-CR VIA UPI,635168034344,,"11,250.91",954635.41
01/03/25,UPI-Myntra-myntra@ybl-218891277448-DR VIA UPI,380544199126,"4,300.21",,950335.20
01/03/25,UPI-Yogesh Shah-yogesh772@ptaxis-620986133554-CR VIA UPI,635679972678,,"1,900.72",952235.92
03/03/25,UPI-Spotify-spotify@icici-302905342443-DR VIA UPI,463394847499,199.00,,952036.92
03/03/25,UPI-Blinkit-blinkit@kotak-267634698498-DR VIA UPI,139790846492,"1,220.73",,950816.19
03/03/25,UPI-Prashant Kumar-prashant.kumar@ptsbi-585728507478-CR VIA UPI,615279255318,,"11,350.54",962166.73
03/03/25,UPI-Uber India-uber@paytm-997406092313-DR VIA UPI,454461002072,"1,810.20",,960356.53
03/03/25,SALARY-S8990662216345/NEFT/Maruti Suzuki India,818746572224,,"56,225.50",1016582.03
04/03/25,UPI-Sneha Dubey-0104411657@kotak-138203547908-CR VIA UPI,127569839545,,"16,500.68",1033082.71
05/03/25,ECS-NACH-LN875376599479-Manappuram Finance,504074446072,"14,000.00",,1019082.71
05/03/25,UPI-Archana Chaudhary-archana139@okicici-608067812717-CR VIA UPI,863018802368,,"19,000.11",1038082.82
05/03/25,ECS-NACH-RNT2627314-RENT MANDATE,370768504914,"15,500.00",,1022582.82
06/03/25,UPI-Dunzo-dunzo@razorpay-210323200534-DR VIA UPI,874639143761,"1,530.26",,1021052.56
06/03/25,UPI-Netmeds-netmeds@paytm-959444464865-DR VIA UPI,899864179215,"1,330.58",,1019721.98
08/03/25,UPI-ACT Fibernet-broadband@paytm-005464749566-DR VIA UPI,769025214008,599.00,,1019122.98
09/03/25,POS BIG BAZAAR SURAT,932840138709,"6,500.13",,1012622.85
09/03/25,UPI-Ola Cabs-olamoney@ola-846819905531-DR VIA UPI,894997991965,"1,870.94",,1010751.91
09/03/25,UPI-Zomato-zomato@axisbank-392962917531-DR VIA UPI,857768646712,"1,490.92",,1009260.99
09/03/25,UPI-Rekha Menon-rekha618@okhdfcbank-678358947570-DR VIA UPI,011916300105,"7,200.33",,1002060.66
10/03/25,UPI-Sapna Pillai-5580254088@pthdfc-812289712092-CR VIA UPI,178430620999,,"7,100.81",1009161.47
11/03/25,UPI-Ramesh Ghosh-ramesh934@oksbi-792116601051-DR VIA UPI,661512639792,"21,350.45",,987811.02
11/03/25,UPI-Swiggy-swiggy@icici-920397300578-DR VIA UPI,554178987099,570.02,,987241.00
11/03/25,POS INDIAN OIL SURAT,942703010597,"1,550.62",,985690.38
12/03/25,UPI-Vandana Rao-9994310467@upi-034913781731-CR VIA UPI,100554661119,,"14,950.13",1000640.51
12/03/25,ECS-NACH-SIP0561546-Mirae Asset MF,573606029261,"2,500.00",,998140.51
12/03/25,ATW-XXXXXX7523-WOQ36172-SURAT 672673224145,485128354713,"8,500.00",,989640.51
12/03/25,UPI-Ola Cabs-olamoney@ola-633893825665-DR VIA UPI,649725185340,350.78,,989289.73
13/03/25,UPI-Indane Gas-indanegas@upi-831508350636-DR VIA UPI,571437079763,"2,200.23",,987089.50
13/03/25,UPI-Uber India-uber@paytm-021094732292-DR VIA UPI,712557843777,700.89,,986388.61
13/03/25,UPI-Manoj Malhotra-manoj576@ptaxis-812564166635-CR VIA UPI,724679816235,,"19,600.85",1005989.46
13/03/25,UPI-ICICI Prudential Life-licindia@licindia-524569314808-DR VIA UPI,284222540189,"8,300.00",,997689.46
14/03/25,POS STAR BAZAAR SURAT,748170316338,"1,900.65",,995788.81
15/03/25,UPI-Amazon Pay-amazon@apl-235038140143-DR VIA UPI,685397846692,"5,950.70",,989838.11
15/03/25,UPI-Gopal Bajaj-3809487356@ibl-434313902407-DR VIA UPI,805563454243,"19,900.17",,969937.94
15/03/25,ATW-XXXXXX5371-YOU42876-SURAT 048300917092,877545473758,"6,500.00",,963437.94
16/03/25,UPI-KSEB-ksebpayment@upi-736697693246-DR VIA UPI,472934334426,"2,600.90",,960837.04
17/03/25,UPI-Paytm Mall-paytm@paytm-616375032398-DR VIA UPI,499857466940,"1,230.80",,959606.24
20/03/25,UPI-Jio Recharge-jio@paytm-805248169082-DR VIA UPI,950673050323,589.00,,959017.24
20/03/25,UPI-Sanjay Reddy-sanjay479@ptyes-156727655982-DR VIA UPI,176583911263,"12,900.89",,946116.35
20/03/25,UPI-Girish Sen-girishsen34@okicici-069467269095-DR VIA UPI,296693584626,"3,250.94",,942865.41
20/03/25,UPI-Rapido-rapido@icici-384876255218-DR VIA UPI,723657814619,780.66,,942084.75
20/03/25,UPI-Myntra-myntra@ybl-283313725639-DR VIA UPI,478640032133,"1,350.88",,940733.87
21/03/25,UPI-Kapil Sen-kapil535@okhdfcbank-801259449740-DR VIA UPI,050745217747,"1,100.21",,939633.66
21/03/25,UPI-Uber India-uber@paytm-838047640968-DR VIA UPI,841428706730,490.12,,939143.54
21/03/25,UPI-Paytm Mall-paytm@paytm-055429126548-DR VIA UPI,277496302755,600.14,,938543.40
22/03/25,UPI-Sonia Nambiar-5243111636@okhdfcbank-678954971670-DR VIA UPI,099937517591,"16,100.69",,922442.71
24/03/25,POS METRO CASH CARRY SURAT,749343810532,"5,650.39",,916792.32
24/03/25,UPI-Sanjay Kapoor-sanjay.kapoor@aubank-691705780105-CR VIA UPI,881931720216,,"12,800.37",929592.69
24/03/25,UPI-Geeta Banerjee-4346969835@okicici-794660555967-DR VIA UPI,027542811319,"13,450.69",,916142.00
25/03/25,UPI-PhonePe Merchant-phonepe@ybl-784581412244-DR VIA UPI,252254056728,900.08,,915241.92
25/03/25,UPI-Ramesh Nair-ramesh.nair@kotak-658883044754-DR VIA UPI,742116213320,"10,650.05",,904591.87
25/03/25,UPI-BSNL Broadband-bsnlbroadband@upi-896085395833-DR VIA UPI,466558624345,"1,080.52",,903511.35
25/03/25,UPI-Ola Cabs-olamoney@ola-943614170900-DR VIA UPI,120327966383,"1,330.58",,902180.77
25/03/25,UPI-Rapido-rapido@icici-262026323865-DR VIA UPI,369528119326,130.97,,902049.80
26/03/25,POS SHELL FUEL STATION SURAT,894185047084,"4,000.04",,898049.76
26/03/25,UPI-Rapido-rapido@icici-860461327278-DR VIA UPI,052997430725,870.95,,897178.81
26/03/25,ATW-XXXXXX1836-GRW02481-SURAT 922513369207,815510221344,"3,500.00",,893678.81
26/03/25,UPI-Rahul Menon-rahul.menon@apl-162017677073-DR VIA UPI,254837712883,"18,050.58",,875628.23
26/03/25,UPI-Ravi Chopra-5982832280@paytm-074307559863-CR VIA UPI,427895973449,,100.25,875728.48
27/03/25,ATW-XXXXXX2370-EYP45384-SURAT 862247328881,306465461979,"7,500.00",,868228.48
27/03/25,UPI-Jio Recharge-jio@paytm-094567592711-DR VIA UPI,647346791975,269.00,,867959.48
28/03/25,UPI-Babita Nair-babitanair33@apl-267172213556-CR VIA UPI,799215282280,,"8,600.70",876560.18
28/03/25,POS INDIAN OIL SURAT,700221080664,"2,200.00",,874360.18
28/03/25,INTEREST CREDIT,997450683845,,25.56,874385.74
28/03/25,UPI-Jio Recharge-jio@paytm-743523961272-DR VIA UPI,725308761085,239.00,,874146.74
29/03/25,UPI-Vikas Saxena-4631474416@ptaxis-396329598368-CR VIA UPI,648008601844,,"19,800.98",893947.72
29/03/25,UPI-Isha Verma-isha296@upi-390852578745-DR VIA UPI,197883612721,"1,350.24",,892597.48
31/03/25,UPI-Dunzo-dunzo@razorpay-321820845559-DR VIA UPI,192054299456,360.81,,892236.67
01/04/25,SALARY-S9174131724023/NEFT/Maruti Suzuki India,800234731803,,"58,326.50",950563.17
02/04/25,UPI-Jio Recharge-jio@paytm-072213291749-DR VIA UPI,641720187613,689.00,,949874.17
02/04/25,ECS-NACH-RNT3070590-RENT MANDATE,145334659045,"15,500.00",,934374.17
04/04/25,POS CENTRAL MALL SURAT,446990683986,"1,500.68",,932873.49
06/04/25,ECS-NACH-LN875376599479-Manappuram Finance,800031910040,"14,000.00",,918873.49
09/04/25,POS LIFESTYLE STORES SURAT,616572634929,"1,200.35",,917673.14
09/04/25,UPI-Meesho-meesho@ybl-784210208077-DR VIA UPI,209375566423,"2,600.98",,915072.16
10/04/25,UPI-Rapido-rapido@icici-268086998333-DR VIA UPI,471728860951,640.61,,914431.55
10/04/25,UPI-Jio Recharge-jio@paytm-012756515593-DR VIA UPI,406924321227,"2,140.13",,912291.42
10/04/25,UPI-Apollo Pharmacy-apollopharmacy@ybl-565823999140-DR VIA UPI,919430743375,199.00,,912092.42
11/04/25,POS STAR BAZAAR SURAT,549684740436,"1,550.98",,910541.44
11/04/25,UPI-Vijay Shah-vijay.shah@okaxis-242923279852-CR VIA UPI,800528957030,,"12,700.17",923241.61
11/04/25,ATW-XXXXXX5492-JOS39322-SURAT 985965775185,468560679206,"6,000.00",,917241.61
13/04/25,UPI-Vandana Iyer-vandanaiyer11@ptsbi-306935926492-DR VIA UPI,546751209243,"17,350.65",,899890.96
13/04/25,ECS-NACH-SIP8511371-Mirae Asset MF,830714690153,"2,500.00",,897390.96
13/04/25,POS MAX FASHION SURAT,443867244953,"4,150.87",,893240.09
14/04/25,UPI-Vikas Chopra-vikaschop58@oksbi-143515238957-DR VIA UPI,573600354851,"20,800.37",,872439.72
14/04/25,ATW-XXXXXX6517-NQB40475-SURAT 853932553488,461130323206,"2,500.00",,869939.72
15/04/25,UPI-Siddharth Kumar-siddharth109@pthdfc-866429356396-CR VIA UPI,043573700115,,"12,600.52",882540.24
15/04/25,IMPS-356870089761-Vishal Desai-HDFC-XXXXXXX0246-IMPSTXN,053507204242,"15,300.70",,867239.54
15/04/25,POS INDIAN OIL SURAT,714129178561,"2,750.32",,864489.22
15/04/25,UPI-ACT Fibernet-broadband@paytm-450631865170-DR VIA UPI,302523799465,"1,149.00",,863340.22
16/04/25,UPI-Netmeds-netmeds@paytm-234109287963-DR VIA UPI,658167047005,"2,280.46",,861059.76
17/04/25,UPI-Hotstar-hotstar@hdfcbank-680681919626-DR VIA UPI,326469856170,999.00,,860060.76
17/04/25,UPI-Nikhil Sharma-8786487078@okicici-025538913400-CR VIA UPI,223451432137,,"14,950.69",875011.45
17/04/25,ATW-XXXXXX4308-GEL14229-SURAT 209923489354,233560447572,"9,500.00",,865511.45
17/04/25,UPI-Rapido-rapido@icici-760388499179-DR VIA UPI,464238279672,120.36,,865391.09
18/04/25,UPI-Anil Verma-anilverm65@okicici-614615980795-DR VIA UPI,024832502593,"12,500.48",,852890.61
18/04/25,UPI-Amazon Pay-amazon@apl-488174162398-DR VIA UPI,468426801623,840.56,,852050.05
19/04/25,UPI-BigBasket-bigbasket@ybl-543108781649-DR VIA UPI,063129962555,800.29,,851249.76
20/04/25,UPI-Mina Shukla-mina.shukla@ptsbi-724731753267-DR VIA UPI,906701970538,750.26,,850499.50
20/04/25,POS RELIANCE PETROLEUM SURAT,466601651212,"1,900.23",,848599.27
20/04/25,UPI-Blinkit-blinkit@kotak-423022946894-DR VIA UPI,882647619868,"2,680.48",,845918.79
21/04/25,NEFT*N0092659436482/Infosys BPO Pvt Ltd/CR,862960301041,,"26,000.02",871918.81
21/04/25,UPI-Jio Recharge-jio@paytm-556178217174-DR VIA UPI,402525176056,279.00,,871639.81
22/04/25,POS RELIANCE PETROLEUM SURAT,726611142288,"3,500.88",,868138.93
22/04/25,UPI-Amazon Pay-amazon@apl-814646987511-DR VIA UPI,099476889250,"1,610.29",,866528.64
22/04/25,UPI-BigBasket-bigbasket@ybl-516071761566-DR VIA UPI,284999607232,"1,580.02",,864948.62
22/04/25,UPI-Jio Recharge-jio@paytm-464203396673-DR VIA UPI,937759720330,829.00,,864119.62
23/04/25,UPI-KSEB-ksebpayment@upi-971913870329-DR VIA UPI,847825554962,"3,400.65",,860718.97
24/04/25,UPI-Indane Gas-indanegas@upi-470794212166-DR VIA UPI,852225960319,"1,950.81",,858768.16
25/04/25,UPI-Rekha Iyer-rekha145@ptyes-185653037644-CR VIA UPI,118298163839,,"28,300.78",887068.94
25/04/25,UPI-Neha Banerjee-9273311295@aubank-105137689445-CR VIA UPI,886524918624,,"10,650.66",897719.60
25/04/25,ATW-XXXXXX8771-VXX42563-SURAT 472255235210,779608218150,"8,000.00",,889719.60
25/04/25,UPI-Flipkart-flipkart@ybl-525948805987-DR VIA UPI,002285569105,830.10,,888889.50
26/04/25,UPI-Vijay Joshi-vijayjosh52@paytm-415304266930-CR VIA UPI,707320980740,,"11,350.97",900240.47
26/04/25,UPI-Tarun Menon-tarun.menon@okhdfcbank-696469851865-CR VIA UPI,634304489068,,"69,600.90",969841.37
26/04/25,ATW-XXXXXX2323-OCZ54297-SURAT 667250867561,703782201623,"6,000.00",,963841.37
27/04/25,UPI-Anjali Bose-0979827143@ibl-285453417097-CR VIA UPI,287101406851,,"52,000.64",1015842.01
27/04/25,UPI-Zepto-zepto@apl-195774116259-DR VIA UPI,339303257439,"2,490.61",,1013351.40
27/04/25,UPI-Ravi Pandey-5809094888@upi-038028177825-CR VIA UPI,718241825047,,"64,100.50",1077451.90
28/04/25,UPI-Jio Recharge-jio@paytm-198562004186-DR VIA UPI,014956457544,839.00,,1076612.90
28/04/25,UPI-Ashish Kulkarni-6484489431@okhdfcbank-344297117385-CR VIA UPI,683870942331,,"35,100.84",1111713.74
28/04/25,UPI-Kamal Naik-2410792575@paytm-016147460181-CR VIA UPI,067273453130,,"61,100.28",1172814.02
28/04/25,UPI-Ola Cabs-olamoney@ola-780822254002-DR VIA UPI,171327219436,220.68,,1172593.34
28/04/25,UPI-Meesho-meesho@ybl-646157462973-DR VIA UPI,845466506430,"2,550.43",,1170042.91
28/04/25,UPI-Amit Pandey-amitpand83@okicici-058045650272-CR VIA UPI,526512804821,,"20,850.60",1190893.51
29/04/25,UPI-Neha Patel-neha976@ptsbi-552124658383-CR VIA UPI,534965595598,,"22,200.60",1213094.11
29/04/25,UPI-Jio Recharge-jio@paytm-012667671153-DR VIA UPI,102437460437,229.00,,1212865.11
29/04/25,UPI-Yogesh Nair-3312574435@oksbi-273628585722-CR VIA UPI,356388427384,,"18,100.99",1230966.10
30/04/25,POS RELIANCE MART SURAT,460093850727,"8,250.80",,1222715.30
30/04/25,UPI-Ravi Thapar-4765274067@okaxis-836612896266-DR VIA UPI,672745880730,"6,500.65",,1216214.65
01/05/25,UPI-Rani Yadav-6453352927@okaxis-362997486122-CR VIA UPI,665131114659,,"12,750.01",1228964.66
01/05/25,UPI-Jio Recharge-jio@paytm-775733413380-DR VIA UPI,917287034918,"2,760.16",,1226204.50
01/05/25,UPI-BSNL Broadband-bsnlbroadband@upi-560197003716-DR VIA UPI,093815357052,"1,980.12",,1224224.38
02/05/25,POS MAX FASHION SURAT,995632860453,"4,550.76",,1219673.62
03/05/25,UPI-Nykaa-nykaa@razorpay-020397772603-DR VIA UPI,789370788225,349.00,,1219324.62
03/05/25,UPI-Maya Naik-maya722@oksbi-414650206915-CR VIA UPI,050378745215,,"4,550.32",1223874.94
04/05/25,POS STAR BAZAAR SURAT,757305859314,"1,050.49",,1222824.45
04/05/25,UPI-PhonePe Merchant-phonepe@ybl-417287601652-DR VIA UPI,412398649662,310.27,,1222514.18
04/05/25,SALARY-S6247739403527/NEFT/Maruti Suzuki India,601885292889,,"58,647.50",1281161.68
05/05/25,UPI-Uber India-uber@paytm-393085540278-DR VIA UPI,226202818394,660.49,,1280501.19
06/05/25,UPI-Jio Recharge-jio@paytm-782675498628-DR VIA UPI,531013898695,"2,310.48",,1278190.71
07/05/25,ECS-NACH-RNT2824308-RENT MANDATE,877902102067,"15,500.00",,1262690.71
08/05/25,UPI-Blinkit-blinkit@kotak-673547308676-DR VIA UPI,760211010663,"1,490.78",,1261199.93
08/05/25,UPI-Rani Thapar-ranithap99@okhdfcbank-274138310841-DR VIA UPI,527086481587,800.21,,1260399.72
08/05/25,ATW-XXXXXX0691-JEO24210-SURAT 192050281060,974549832976,"2,500.00",,1257899.72
08/05/25,ECS-NACH-LN875376599479-Manappuram Finance,664779628081,"14,000.00",,1243899.72
08/05/25,UPI-Deepa Patel-deepa.patel@kotak-028043277775-CR VIA UPI,369282058509,,"1,550.93",1245450.65
08/05/25,UPI-Zepto-zepto@apl-894136008444-DR VIA UPI,795860138723,"2,130.24",,1243320.41
09/05/25,UPI-Jio Recharge-jio@paytm-869285708912-DR VIA UPI,878472439278,419.00,,1242901.41
10/05/25,UPI-Ritu Banerjee-8476606379@paytm-801072197943-DR VIA UPI,204887874390,"15,850.05",,1227051.36
10/05/25,UPI-Sneha Chatterjee-sneha137@axl-566177798206-CR VIA UPI,433571420014,,"12,600.65",1239652.01
11/05/25,UPI-Vijay Tiwari-vijaytiwa50@kotak-115426736238-CR VIA UPI,150595627586,,"19,800.39",1259452.40
11/05/25,UPI-Swiggy-swiggy@icici-323403323550-DR VIA UPI,901851890389,940.30,,1258512.10
11/05/25,UPI-Rapido-rapido@icici-659035281919-DR VIA UPI,835344952117,690.24,,1257821.86
12/05/25,ATW-XXXXXX1916-BKZ35844-SURAT 166341661677,968603488008,"2,000.00",,1255821.86
13/05/25,ATW-XXXXXX5011-SEA71546-SURAT 712749070497,302217888336,"1,500.00",,1254321.86
13/05/25,UPI-Nisha Verma-1151574118@aubank-591021414597-DR VIA UPI,413058220946,"13,850.24",,1240471.62
13/05/25,ECS-NACH-SIP4173155-Mirae Asset MF,459812874068,"2,500.00",,1237971.62
15/05/25,UPI-Rapido-rapido@icici-880235815853-DR VIA UPI,750199792292,670.17,,1237301.45
15/05/25,UPI-PhonePe Merchant-phonepe@ybl-243619474425-DR VIA UPI,856709832194,"1,110.68",,1236190.77
15/05/25,UPI-Yogesh Rao-yogesh416@apl-481785719482-CR VIA UPI,064409358968,,"19,500.13",1255690.90
15/05/25,UPI-Uber India-uber@paytm-254923424722-DR VIA UPI,980334373504,110.48,,1255580.42
16/05/25,UPI-Zepto-zepto@apl-752573885001-DR VIA UPI,347758885744,470.93,,1255109.49
16/05/25,UPI-Ola Cabs-olamoney@ola-039790223886-DR VIA UPI,591059818836,"2,240.00",,1252869.49
16/05/25,UPI-Meesho-meesho@ybl-103120447721-DR VIA UPI,852581314726,"4,350.45",,1248519.04
16/05/25,UPI-Dunzo-dunzo@razorpay-729443734956-DR VIA UPI,920878396661,320.55,,1248198.49
17/05/25,UPI-KSEB-ksebpayment@upi-699668893629-DR VIA UPI,725023825390,"2,100.42",,1246098.07
18/05/25,UPI-Indane Gas-indanegas@upi-716228054932-DR VIA UPI,370140222179,"2,050.66",,1244047.41
19/05/25,UPI-Ravi Chopra-ravi643@okhdfcbank-937607746968-DR VIA UPI,580722807857,"8,600.28",,1235447.13
19/05/25,ATW-XXXXXX4117-QCR73999-SURAT 055908270862,813298977666,"1,000.00",,1234447.13
21/05/25,UPI-Zomato-zomato@axisbank-359194647902-DR VIA UPI,818735524303,850.59,,1233596.54
21/05/25,UPI-Uber India-uber@paytm-790938702388-DR VIA UPI,464703644244,230.67,,1233365.87
22/05/25,UPI-ACT Fibernet-broadband@paytm-233982920014-DR VIA UPI,751404624639,799.00,,1232566.87
22/05/25,UPI-Kunal Naik-kunal.naik@ptsbi-574635263841-CR VIA UPI,487583193130,,"3,750.27",1236317.14
22/05/25,UPI-Jio Recharge-jio@paytm-868334750090-DR VIA UPI,190103175418,"1,880.62",,1234436.52
23/05/25,UPI-Ankit Desai-ankit534@kotak-205681733504-DR VIA UPI,185686448850,"1,950.01",,1232486.51
24/05/25,POS BIG BAZAAR SURAT,452428671995,"3,000.23",,1229486.28
24/05/25,UPI-Blinkit-blinkit@kotak-123777892651-DR VIA UPI,086789807018,380.75,,1229105.53
25/05/25,UPI-Jio Recharge-jio@paytm-081730994320-DR VIA UPI,349096736884,"1,660.16",,1227445.37
27/05/25,UPI-Jio Recharge-jio@paytm-769290126009-DR VIA UPI,003432803875,479.00,,1226966.37
27/05/25,ATW-XXXXXX1098-WQG98657-SURAT 280457450999,249966009168,"2,500.00",,1224466.37
28/05/25,UPI-Ola Cabs-olamoney@ola-051844620042-DR VIA UPI,328529372979,"2,520.13",,1221946.24
28/05/25,UPI-Lalit Shukla-lalitshuk31@kotak-803343190639-CR VIA UPI,307514918746,,"3,450.51",1225396.75
28/05/25,UPI-Swiggy-swiggy@icici-061862567633-DR VIA UPI,049413728663,"1,240.45",,1224156.30
28/05/25,UPI-BigBasket-bigbasket@ybl-485449765941-DR VIA UPI,551356022768,"2,600.20",,1221556.10
28/05/25,UPI-Kunal Bose-kunalbose57@oksbi-824064162619-DR VIA UPI,273118775890,"4,100.08",,1217456.02
29/05/25,GST ON CHARGES,831335698906,12.60,,1217443.42
29/05/25,MOBILE BANKING CHARGES,160073879161,70.00,,1217373.42
30/05/25,POS MAX FASHION SURAT,662457357031,"3,750.13",,1213623.29
30/05/25,UPI-Ramesh Pillai-ramesh.pillai@ybl-359714555327-CR VIA UPI,444311531470,,"14,400.03",1228023.32
30/05/25,UPI-Seema Roy-seemaroy86@paytm-839908018351-DR VIA UPI,318424391872,"16,050.39",,1211972.93
30/05/25,POS SHELL FUEL STATION SURAT,625671671322,"3,500.40",,1208472.53
31/05/25,POS INDIAN OIL SURAT,815459769807,"2,350.92",,1206121.61
31/05/25,UPI-Seema Agarwal-seema.agarwal@kotak-471347338498-DR VIA UPI,258721017206,"4,850.45",,1201271.16
01/06/25,UPI-Manoj Mishra-manoj.mishra@ibl-802093487911-DR VIA UPI,678659259651,"21,700.99",,1179570.17
01/06/25,UPI-Uber India-uber@paytm-682225102592-DR VIA UPI,896799593980,"2,550.65",,1177019.52
01/06/25,POS SHELL FUEL STATION SURAT,877398239413,"3,500.60",,1173518.92
03/06/25,UPI-Zepto-zepto@apl-703448605803-DR VIA UPI,811887308182,"1,500.29",,1172018.63
04/06/25,POS LIFESTYLE STORES SURAT,450567053720,"4,550.84",,1167467.79
04/06/25,SALARY-S9894306286867/NEFT/Maruti Suzuki India,750594006299,,"59,851.50",1227319.29
05/06/25,ATW-XXXXXX4299-UNP79618-SURAT 062089398326,789995565551,"9,000.00",,1218319.29
05/06/25,UPI-Flipkart-flipkart@ybl-080877787958-DR VIA UPI,332538228849,"5,800.16",,1212519.13
05/06/25,ECS-NACH-RNT2784649-RENT MANDATE,494713950832,"15,500.00",,1197019.13
06/06/25,ATW-XXXXXX7216-FYO39635-SURAT 840526766978,347696240203,"1,000.00",,1196019.13
07/06/25,POS MAX FASHION SURAT,554194848509,"5,100.09",,1190919.04
07/06/25,UPI-Maya Dubey-mayadube32@ptaxis-667850743090-DR VIA UPI,366590899269,"8,750.00",,1182169.04
07/06/25,UPI-Vandana Mehta-vandanameht33@ptsbi-176741824210-CR VIA UPI,067762373749,,"20,650.53",1202819.57
08/06/25,UPI-Brijesh Das-brijesh.das@ptsbi-196516761020-DR VIA UPI,956748367400,"10,800.47",,1192019.10
08/06/25,POS METRO CASH CARRY SURAT,991210542587,"1,000.09",,1191019.01
08/06/25,NEFT*N6950986303982/Reliance Retail Ltd/CR,497970638933,,"11,000.94",1202019.95
08/06/25,UPI-Flipkart-flipkart@ybl-057553870108-DR VIA UPI,349600173945,"1,060.00",,1200959.95
09/06/25,POS LIFESTYLE STORES SURAT,040936346536,550.90,,1200409.05
09/06/25,UPI-Vikas Jain-3126471520@okicici-801339358427-CR VIA UPI,703435417031,,"20,850.55",1221259.60
09/06/25,UPI-Renu Dutta-renu.dutta@apl-646788158255-DR VIA UPI,623947018173,"16,350.15",,1204909.45
09/06/25,ECS-NACH-LN875376599479-Manappuram Finance,802893081349,"14,000.00",,1190909.45
11/06/25,UPI-ICICI Prudential Life-licindia@licindia-696069589179-DR VIA UPI,531900965230,"8,300.00",,1182609.45
11/06/25,UPI-Uber India-uber@paytm-763766389431-DR VIA UPI,987310909893,710.31,,1181899.14
11/06/25,UPI-Shreya Rao-shreya.rao@axl-465948709000-DR VIA UPI,253665566055,"4,050.60",,1177848.54
12/06/25,UPI-Krishna Chatterjee-krishna.chatterjee@oksbi-830700334133-CR VIA UPI,018428621297,,"18,150.63",1195999.17
12/06/25,UPI-Jio Recharge-jio@paytm-144125929335-DR VIA UPI,314580376538,229.00,,1195770.17
13/06/25,UPI-BigBasket-bigbasket@ybl-336153975968-DR VIA UPI,098778393677,580.46,,1195189.71
13/06/25,IMPS-564575746095-Neha Menon-FDRL-XXXXXXX4832-IMPSTXN,996822807111,"7,000.22",,1188189.49
13/06/25,UPI-Jio Recharge-jio@paytm-825096064390-DR VIA UPI,487092486206,469.00,,1187720.49
13/06/25,ECS-NACH-SIP0559984-Mirae Asset MF,230971058337,"2,500.00",,1185220.49
15/06/25,UPI-Ravi Pandey-ravi.pandey@axl-028722172599-CR VIA UPI,392868573607,,800.92,1186021.41
15/06/25,UPI-Sanjay Sharma-sanjay.sharma@ybl-743547158531-DR VIA UPI,954093661412,"19,050.46",,1166970.95
15/06/25,UPI-Sachin Menon-sachin167@pthdfc-918849659477-DR VIA UPI,186710765975,"17,650.07",,1149320.88
16/06/25,UPI-Rapido-rapido@icici-575002806717-DR VIA UPI,320781187871,400.44,,1148920.44
16/06/25,ATW-XXXXXX2391-SOX31995-SURAT 482251740495,299817083975,"2,500.00",,1146420.44
17/06/25,UPI-Kamal Dubey-kamal688@upi-578456554033-CR VIA UPI,903009901626,,"21,700.90",1168121.34
18/06/25,ATW-XXXXXX3903-YKS42530-SURAT 859322971328,174578827516,"4,000.00",,1164121.34
18/06/25,UPI-Indane Gas-indanegas@upi-478926018426-DR VIA UPI,065276556007,"1,350.26",,1162771.08
18/06/25,UPI-Zepto-zepto@apl-740134895168-DR VIA UPI,030890705042,300.18,,1162470.90
19/06/25,UPI-Geeta Ahuja-geeta669@axl-567567004982-CR VIA UPI,344118898131,,"19,400.13",1181871.03
19/06/25,UPI-KSEB-ksebpayment@upi-261091044989-DR VIA UPI,419203888850,"2,150.79",,1179720.24
20/06/25,UPI-Uber India-uber@paytm-741926746368-DR VIA UPI,914018635833,700.45,,1179019.79
22/06/25,UPI-Sangita Malhotra-sangita594@ibl-543997529239-DR VIA UPI,864114649844,"16,600.22",,1162419.57
22/06/25,UPI-Geeta Mukherjee-geeta.mukherjee@paytm-681141668049-DR VIA UPI,772000554597,"9,500.37",,1152919.20
24/06/25,UPI-Rapido-rapido@icici-440000210782-DR VIA UPI,837209087805,830.03,,1152089.17
25/06/25,UPI-Nykaa-nykaa@razorpay-831089034323-DR VIA UPI,954852057475,"5,650.68",,1146438.49
25/06/25,ATW-XXXXXX8571-NPH80745-SURAT 199531190628,050541537067,"8,000.00",,1138438.49
26/06/25,ATW-XXXXXX4340-WOV33714-SURAT 198055787263,793703390081,"7,000.00",,1131438.49
26/06/25,UPI-Spotify-spotify@icici-494574796849-DR VIA UPI,502357537358,899.00,,1130539.49
27/06/25,UPI-Himanshu Pillai-himanshupill94@oksbi-320559869495-DR VIA UPI,444077585461,"17,400.81",,1113138.68
27/06/25,POS BHARAT PETROLEUM SURAT,466846847929,850.25,,1112288.43
27/06/25,UPI-BSNL Broadband-bsnlbroadband@upi-366686944790-DR VIA UPI,439424440472,650.16,,1111638.27
27/06/25,UPI-BSNL Broadband-bsnlbroadband@upi-140920230778-DR VIA UPI,107293151213,"1,170.64",,1110467.63
27/06/25,INTEREST CREDIT,986453994498,,945.03,1111412.66
28/06/25,UPI-BigBasket-bigbasket@ybl-664831569698-DR VIA UPI,485809916499,"1,120.94",,1110291.72
30/06/25,UPI-Babita Sen-babitasen68@okaxis-683253185951-CR VIA UPI,583717558135,,"20,200.93",1130492.65
01/07/25,GST ON CHARGES,156475992907,14.40,,1130478.25
01/07/25,UPI-Yogesh Chaudhary-yogesh.chaudhary@oksbi-773883933242-CR VIA UPI,908150728958,,"11,750.00",1142228.25
01/07/25,POS PANTALOONS SURAT,593405259790,"2,200.54",,1140027.71
01/07/25,UPI-Uber India-uber@paytm-652895889427-DR VIA UPI,697381889387,190.53,,1139837.18
01/07/25,UPI-Rapido-rapido@icici-448561555527-DR VIA UPI,850177697064,590.88,,1139246.30
01/07/25,MOBILE BANKING CHARGES,976156320786,80.00,,1139166.30
01/07/25,UPI-Rekha Malhotra-rekha527@paytm-894189641795-DR VIA UPI,019095025152,"3,300.49",,1135865.81
02/07/25,UPI-Swiggy-swiggy@icici-707428873136-DR VIA UPI,155481492667,270.12,,1135595.69
02/07/25,UPI-Priya Iyer-priyaiyer57@ptyes-403573390342-DR VIA UPI,361672616739,"8,200.01",,1127395.68
02/07/25,SALARY-S7861294525130/NEFT/Maruti Suzuki India,669046980068,,"60,260.50",1187656.18
02/07/25,UPI-Vandana Thapar-vandana.thapar@kotak-977336097595-DR VIA UPI,577806076722,"8,900.94",,1178755.24
02/07/25,UPI-Myntra-myntra@ybl-259093807710-DR VIA UPI,652570387083,349.00,,1178406.24
04/07/25,UPI-Zepto-zepto@apl-606459474002-DR VIA UPI,169914752784,560.17,,1177846.07
05/07/25,UPI-Uber India-uber@paytm-666955716440-DR VIA UPI,234447055743,"2,090.41",,1175755.66
06/07/25,UPI-Jio Recharge-jio@paytm-085376876759-DR VIA UPI,043957203777,649.00,,1175106.66
06/07/25,UPI-Flipkart-flipkart@ybl-512953570293-DR VIA UPI,916821057438,130.66,,1174976.00
06/07/25,UPI-PhonePe Merchant-phonepe@ybl-169963927501-DR VIA UPI,298388204334,"2,310.72",,1172665.28
06/07/25,ECS-NACH-RNT0504729-RENT MANDATE,221805582832,"15,500.00",,1157165.28
06/07/25,UPI-Amazon Pay-amazon@apl-992167815949-DR VIA UPI,261812187101,"3,050.61",,1154114.67
07/07/25,POS RELIANCE PETROLEUM SURAT,829210170219,900.04,,1153214.63
07/07/25,POS RELIANCE PETROLEUM SURAT,674159673244,850.88,,1152363.75
07/07/25,UPI-Flipkart-flipkart@ybl-108961247072-DR VIA UPI,619876033611,"2,200.47",,1150163.28
08/07/25,ECS-NACH-LN875376599479-Manappuram Finance,715379586284,"14,000.00",,1136163.28
09/07/25,ATW-XXXXXX9271-AMF47110-SURAT 027996658775,883893730054,"5,500.00",,1130663.28
11/07/25,UPI-ACT Fibernet-broadband@paytm-871580041377-DR VIA UPI,702356086695,299.00,,1130364.28
12/07/25,UPI-Paytm Mall-paytm@paytm-095267085850-DR VIA UPI,200384603414,860.89,,1129503.39
12/07/25,UPI-Ankit Nair-ankit.nair@apl-038068870801-DR VIA UPI,677911731868,"16,150.75",,1113352.64
12/07/25,UPI-Uber India-uber@paytm-929149683949-DR VIA UPI,698687450875,590.73,,1112761.91
14/07/25,POS BRAND FACTORY SURAT,142706744300,"6,550.29",,1106211.62
14/07/25,UPI-Indane Gas-indanegas@upi-850593564616-DR VIA UPI,474301011417,"2,100.79",,1104110.83
14/07/25,UPI-KSEB-ksebpayment@upi-452072804243-DR VIA UPI,400920642784,"3,800.04",,1100310.79
14/07/25,POS RELIANCE PETROLEUM SURAT,828677153690,"3,950.61",,1096360.18
15/07/25,ECS-NACH-SIP8918721-Mirae Asset MF,076934849876,"2,500.00",,1093860.18
17/07/25,UPI-1mg-tatahealth@icici-796508915812-DR VIA UPI,550765570433,350.35,,1093509.83
18/07/25,UPI-Nikhil Verma-nikhilverm87@paytm-974013297368-DR VIA UPI,358453672674,"19,450.22",,1074059.61
18/07/25,UPI-Jio Recharge-jio@paytm-745431053986-DR VIA UPI,956735604021,549.00,,1073510.61
18/07/25,UPI-Jio Recharge-jio@paytm-288925992256-DR VIA UPI,287155121467,"2,330.57",,1071180.04
19/07/25,IMPS-778958812650-Meena Shukla-FDRL-XXXXXXX2883-IMPSTXN,474051695340,"37,900.46",,1033279.58
19/07/25,UPI-PhonePe Merchant-phonepe@ybl-012043560151-DR VIA UPI,523744715581,"2,460.08",,1030819.50
20/07/25,UPI-Jio Recharge-jio@paytm-397474827849-DR VIA UPI,515330596790,259.00,,1030560.50
21/07/25,UPI-Ajay Kumar-ajaykuma78@pthdfc-570446737362-DR VIA UPI,379419340347,"18,100.08",,1012460.42
21/07/25,POS HP PETROL PUMP SURAT,380408877324,"4,250.72",,1008209.70
21/07/25,UPI-Mohit Nair-mohit.nair@paytm-026885656928-DR VIA UPI,556611262367,"8,250.93",,999958.77
21/07/25,UPI-Nykaa-nykaa@razorpay-681381330486-DR VIA UPI,180474848733,"2,300.81",,997657.96
22/07/25,POS SHOPPERS STOP SURAT,332091965857,"7,750.20",,989907.76
22/07/25,UPI-Amazon Pay-amazon@apl-886757167389-DR VIA UPI,839765479255,"2,760.17",,987147.59
24/07/25,UPI-Rohit Kulkarni-rohit.kulkarni@okhdfcbank-436253330241-DR VIA UPI,020028313481,"10,200.68",,976946.91
25/07/25,UPI-Sanjay Singh-sanjay.singh@pthdfc-525968569781-DR VIA UPI,133959735658,"6,550.85",,970396.06
26/07/25,UPI-Ola Cabs-olamoney@ola-049225639418-DR VIA UPI,145492966953,610.54,,969785.52
27/07/25,UPI-Geeta Mehta-geeta445@ptyes-740720266092-CR VIA UPI,171160264464,,"13,500.27",983285.79
27/07/25,UPI-IRCTC-irctc@upi-507313304920-DR VIA UPI,462597984680,199.00,,983086.79
27/07/25,MOBILE BANKING CHARGES,252715889374,330.00,,982756.79
27/07/25,GST ON CHARGES,575263263401,59.40,,982697.39
28/07/25,UPI-Flipkart-flipkart@ybl-216401146996-DR VIA UPI,388963199739,"2,800.60",,979896.79
29/07/25,UPI-Ola Cabs-olamoney@ola-109168118200-DR VIA UPI,003103402810,670.91,,979225.88
29/07/25,UPI-Uber India-uber@paytm-895907121454-DR VIA UPI,687768997459,520.40,,978705.48
29/07/25,UPI-Zepto-zepto@apl-847629318826-DR VIA UPI,847243386407,210.21,,978495.27
30/07/25,ATW-XXXXXX3269-YFL47471-SURAT 498687013347,491085751002,"8,000.00",,970495.27
30/07/25,UPI-BigBasket-bigbasket@ybl-672975687940-DR VIA UPI,950067538765,150.77,,970344.50
31/07/25,UPI-Sumit Shah-sumitshah29@okhdfcbank-502962030151-DR VIA UPI,940290185833,"5,550.51",,964793.99
01/08/25,UPI-Shweta Desai-7209421571@okicici-921321831199-DR VIA UPI,450526331155,"19,650.92",,945143.07
01/08/25,POS RELIANCE MART SURAT,280851394829,"3,600.39",,941542.68
02/08/25,UPI-Blinkit-blinkit@kotak-415646371235-DR VIA UPI,217680057197,770.76,,940771.92
02/08/25,UPI-Jio Recharge-jio@paytm-968279757025-DR VIA UPI,866922433727,"1,560.36",,939211.56
02/08/25,SALARY-S0051424234754/NEFT/Maruti Suzuki India,472517011050,,"59,810.50",999022.06
03/08/25,UPI-Ola Cabs-olamoney@ola-156336563486-DR VIA UPI,207919224658,220.06,,998802.00
03/08/25,POS BHARAT PETROLEUM SURAT,731248184501,"1,550.82",,997251.18
03/08/25,UPI-Meesho-meesho@ybl-656857110016-DR VIA UPI,307361912247,"5,950.31",,991300.87
04/08/25,UPI-Blinkit-blinkit@kotak-524647283698-DR VIA UPI,626678353772,990.93,,990309.94
04/08/25,ECS-NACH-LN875376599479-Manappuram Finance,863779734426,"14,000.00",,976309.94
06/08/25,UPI-Seema Nambiar-seemanamb58@aubank-273879576710-CR VIA UPI,914595974349,,"6,800.07",983110.01
07/08/25,ATW-XXXXXX1364-ITJ91242-SURAT 271965637210,503213542534,"5,500.00",,977610.01
07/08/25,ECS-NACH-RNT8801422-RENT MANDATE,915376735612,"15,500.00",,962110.01
08/08/25,UPI-Neha Chaudhary-1987160216@ibl-609743578856-CR VIA UPI,809091266491,,"2,900.58",965010.59
08/08/25,UPI-Ola Cabs-olamoney@ola-210890355022-DR VIA UPI,941711623651,600.70,,964409.89
09/08/25,UPI-Flipkart-flipkart@ybl-100341220538-DR VIA UPI,114598500162,"2,500.66",,961909.23
11/08/25,UPI-Zomato-zomato@axisbank-136974994176-DR VIA UPI,343749979779,"2,710.57",,959198.66
11/08/25,POS BHARAT PETROLEUM SURAT,991804704267,"2,350.13",,956848.53
11/08/25,POS STAR BAZAAR SURAT,413591737020,"4,250.48",,952598.05
11/08/25,UPI-Kunal Rao-kunal368@aubank-150382373073-CR VIA UPI,281147682349,,"10,550.90",963148.95
12/08/25,UPI-KSEB-ksebpayment@upi-776813505585-DR VIA UPI,479547873152,"3,300.82",,959848.13
13/08/25,UPI-Asha Pillai-0854210464@okaxis-050621704710-DR VIA UPI,732231070082,"1,650.60",,958197.53
13/08/25,POS SHOPPERS STOP SURAT,895370046736,"2,900.37",,955297.16
13/08/25,UPI-Ola Cabs-olamoney@ola-935068624814-DR VIA UPI,017762501527,540.21,,954756.95
14/08/25,UPI-Jio Recharge-jio@paytm-041075625587-DR VIA UPI,515496704971,889.00,,953867.95
15/08/25,ATW-XXXXXX2928-BHU88536-SURAT 254011335852,732938217220,"8,500.00",,945367.95
15/08/25,ECS-NACH-SIP1900236-Mirae Asset MF,365801829060,"2,500.00",,942867.95
15/08/25,UPI-Blinkit-blinkit@kotak-293409594247-DR VIA UPI,934194204955,300.82,,942567.13
16/08/25,UPI-BSNL Broadband-bsnlbroadband@upi-588150114160-DR VIA UPI,779378418192,"2,190.67",,940376.46
16/08/25,POS BHARAT PETROLEUM SURAT,707109112610,"2,050.06",,938326.40
17/08/25,POS PANTALOONS SURAT,641717924390,700.70,,937625.70
17/08/25,UPI-Manish Iyer-manish589@ybl-031653464673-CR VIA UPI,642034345943,,"14,000.02",951625.72
17/08/25,UPI-Manish Kulkarni-6231234345@ptyes-818461053192-DR VIA UPI,213969436908,"19,200.16",,932425.56
19/08/25,POS VISHAL MEGA MART SURAT,072490420491,850.82,,931574.74
21/08/25,UPI-Nykaa-nykaa@razorpay-078021063286-DR VIA UPI,043862543195,"2,050.88",,929523.86
21/08/25,UPI-Flipkart-flipkart@ybl-989471599789-DR VIA UPI,851194673846,"1,860.12",,927663.74
21/08/25,UPI-Rapido-rapido@icici-948563893537-DR VIA UPI,032823113428,900.46,,926763.28
22/08/25,UPI-Rapido-rapido@icici-565660851504-DR VIA UPI,475439074506,130.38,,926632.90
23/08/25,POS BIG BAZAAR SURAT,766895965044,"1,650.46",,924982.44
23/08/25,UPI-Indane Gas-indanegas@upi-691692036671-DR VIA UPI,676068656822,"2,750.17",,922232.27
23/08/25,UPI-Mohan Kulkarni-mohan652@apl-462807234810-DR VIA UPI,709209125805,"1,050.48",,921181.79
24/08/25,UPI-Zepto-zepto@apl-961390916764-DR VIA UPI,923653436892,"2,420.68",,918761.11
25/08/25,UPI-Paytm Mall-paytm@paytm-592894394792-DR VIA UPI,919006178554,"2,460.92",,916300.19
26/08/25,UPI-ACT Fibernet-broadband@paytm-669389384982-DR VIA UPI,116766615848,299.00,,916001.19
26/08/25,UPI-Jio Recharge-jio@paytm-682750160919-DR VIA UPI,166931706664,439.00,,915562.19
26/08/25,UPI-Ramesh Kapoor-rameshkapo84@ybl-673423606617-CR VIA UPI,371575175454,,"18,950.67",934512.86
26/08/25,IMPS-854198639618-Varsha Mishra-PUNB-XXXXXXX8905-IMPSTXN,382728366443,"30,900.39",,903612.47
28/08/25,UPI-Prashant Chatterjee-1694170827@okicici-030841113419-DR VIA UPI,566441210964,"21,700.97",,881911.50
28/08/25,UPI-Uber India-uber@paytm-990448250045-DR VIA UPI,697297278835,220.32,,881691.18
28/08/25,POS INDIAN OIL SURAT,301459333282,"2,500.58",,879190.60
28/08/25,UPI-Dunzo-dunzo@razorpay-687959796768-DR VIA UPI,477613878071,910.15,,878280.45
30/08/25,POS BRAND FACTORY SURAT,787563711753,"6,450.21",,871830.24
30/08/25,UPI-Rohit Patel-rohit.patel@oksbi-422432921017-DR VIA UPI,440901935464,"14,150.44",,857679.80
31/08/25,POS LIFESTYLE STORES SURAT,657407843625,"3,850.47",,853829.33
31/08/25,UPI-Amazon Pay-amazon@apl-668733506779-DR VIA UPI,076287838872,700.66,,853128.67
01/09/25,UPI-Uber India-uber@paytm-760815084393-DR VIA UPI,266262840409,190.03,,852938.64
03/09/25,SALARY-S4263923603445/NEFT/Maruti Suzuki India,610344687123,,"59,556.50",912495.14
03/09/25,UPI-Jio Recharge-jio@paytm-628810032115-DR VIA UPI,900770596564,849.00,,911646.14
04/09/25,UPI-Rapido-rapido@icici-408775600644-DR VIA UPI,296658215143,290.87,,911355.27
06/09/25,ECS-NACH-LN875376599479-Manappuram Finance,683333057927,"14,000.00",,897355.27
06/09/25,UPI-IRCTC-irctc@upi-367947149240-DR VIA UPI,568210856834,799.00,,896556.27
06/09/25,ECS-NACH-RNT9632698-RENT MANDATE,842984862503,"15,500.00",,881056.27
07/09/25,UPI-ICICI Prudential Life-licindia@licindia-641466370297-DR VIA UPI,078699784457,"8,300.00",,872756.27
08/09/25,ATW-XXXXXX1553-SVC52848-SURAT 467201500264,629504786937,"5,000.00",,867756.27
08/09/25,UPI-BigBasket-bigbasket@ybl-184476540841-DR VIA UPI,320513272964,980.91,,866775.36
09/09/25,UPI-Jio Recharge-jio@paytm-133666982603-DR VIA UPI,462698468600,199.00,,866576.36
09/09/25,POS MAX FASHION SURAT,788295492804,"7,900.03",,858676.33
10/09/25,UPI-Zepto-zepto@apl-060260476528-DR VIA UPI,189730479547,"2,300.72",,856375.61
10/09/25,POS INDIAN OIL SURAT,044129440117,"1,650.01",,854725.60
11/09/25,UPI-Jio Recharge-jio@paytm-851546251067-DR VIA UPI,422048883603,449.00,,854276.60
12/09/25,UPI-Archana Patel-archana.patel@kotak-156539969243-CR VIA UPI,473377250226,,"4,450.10",858726.70
12/09/25,UPI-Zomato-zomato@axisbank-254390825459-DR VIA UPI,647752953882,"1,150.04",,857576.66
14/09/25,UPI-Ola Cabs-olamoney@ola-951519513708-DR VIA UPI,395343340130,210.79,,857365.87
15/09/25,ATW-XXXXXX6984-RTV55803-SURAT 727295790118,569989812838,"7,500.00",,849865.87
15/09/25,UPI-Sneha Iyer-snehaiyer56@paytm-740095391583-CR VIA UPI,053155957545,,"15,350.31",865216.18
15/09/25,UPI-Ola Cabs-olamoney@ola-516886717985-DR VIA UPI,935705294009,540.01,,864676.17
16/09/25,UPI-Jio Recharge-jio@paytm-593650067162-DR VIA UPI,195994892561,509.00,,864167.17
16/09/25,ECS-NACH-SIP4807123-Mirae Asset MF,217149721915,"2,500.00",,861667.17
17/09/25,UPI-Sonia Kulkarni-sonia.kulkarni@aubank-367636041975-CR VIA UPI,926076379887,,"8,800.44",870467.61
18/09/25,UPI-Jio Recharge-jio@paytm-723936623014-DR VIA UPI,525187457742,209.00,,870258.61
18/09/25,UPI-Shivam Das-shivam885@okhdfcbank-823918047121-DR VIA UPI,999181607796,"5,150.06",,865108.55
18/09/25,UPI-Amit Desai-amit465@ibl-045342915833-DR VIA UPI,339707722863,"5,300.57",,859807.98
18/09/25,UPI-Mohan Jain-5897027584@ptyes-879220396871-DR VIA UPI,773472854538,"13,650.12",,846157.86
18/09/25,UPI-Yogesh Dutta-0433757236@oksbi-220811868842-DR VIA UPI,352820019487,"16,000.48",,830157.38
19/09/25,UPI-Indane Gas-indanegas@upi-690941303524-DR VIA UPI,295324902725,"2,200.26",,827957.12
19/09/25,UPI-Amazon Pay-amazon@apl-944996000943-DR VIA UPI,876345292924,"1,340.54",,826616.58
19/09/25,ATW-XXXXXX2166-NRI91198-SURAT 420896180461,284650343914,"6,000.00",,820616.58
19/09/25,UPI-Rapido-rapido@icici-935906525550-DR VIA UPI,170343187957,290.32,,820326.26
20/09/25,UPI-Brijesh Das-brijesh.das@ybl-264949078066-CR VIA UPI,906702054319,,"12,050.74",832377.00
20/09/25,UPI-Arun Shah-9839049785@pthdfc-665224458992-DR VIA UPI,916703012540,"9,400.27",,822976.73
21/09/25,UPI-BSNL Broadband-bsnlbroadband@upi-495925905638-DR VIA UPI,739403387105,"1,590.11",,821386.62
21/09/25,UPI-KSEB-ksebpayment@upi-287215420775-DR VIA UPI,489791290215,"2,350.95",,819035.67
24/09/25,UPI-Saurabh Chatterjee-saurabh142@kotak-327573676302-DR VIA UPI,262708674301,"5,350.35",,813685.32
24/09/25,UPI-Paytm Mall-paytm@paytm-339598906449-DR VIA UPI,958797275542,"1,070.20",,812615.12
24/09/25,ATW-XXXXXX2824-QZL13606-SURAT 812060196721,075030489583,"5,000.00",,807615.12
25/09/25,UPI-PhonePe Merchant-phonepe@ybl-898129127171-DR VIA UPI,525722037924,"2,280.79",,805334.33
25/09/25,POS SHELL FUEL STATION SURAT,352200995368,"2,300.92",,803033.41
25/09/25,UPI-Isha Bose-isha.bose@ybl-021386347097-DR VIA UPI,800592628756,"13,350.10",,789683.31
26/09/25,UPI-PhonePe Merchant-phonepe@ybl-238296499442-DR VIA UPI,748861824955,500.46,,789182.85
26/09/25,UPI-Zomato-zomato@axisbank-134745344175-DR VIA UPI,534367464089,400.19,,788782.66
27/09/25,MOBILE BANKING CHARGES,370260062526,90.00,,788692.66
27/09/25,UPI-Blinkit-blinkit@kotak-674184419711-DR VIA UPI,260903068057,"2,250.01",,786442.65
27/09/25,UPI-Uber India-uber@paytm-416567968371-DR VIA UPI,812527675806,170.16,,786272.49
27/09/25,GST ON CHARGES,408334412034,16.20,,786256.29
27/09/25,UPI-Divya Roy-7621753059@okicici-376841605613-CR VIA UPI,247223806071,,"4,650.03",790906.32
28/09/25,UPI-Amazon Pay-amazon@apl-790588979809-DR VIA UPI,769692463656,950.28,,789956.04
28/09/25,INTEREST CREDIT,793011707278,,750.17,790706.21
28/09/25,UPI-ACT Fibernet-broadband@paytm-033442166435-DR VIA UPI,145516777824,349.00,,790357.21
28/09/25,UPI-Vikram Desai-vikram.desai@ybl-803329977902-DR VIA UPI,196063946713,"20,350.66",,770006.55
28/09/25,UPI-Meena Reddy-7233312371@upi-585884405757-CR VIA UPI,409371333281,,"4,200.35",774206.90
28/09/25,UPI-Ola Cabs-olamoney@ola-688164230930-DR VIA UPI,671164401430,"1,880.92",,772325.98
28/09/25,POS VISHAL MEGA MART SURAT,391796650547,"2,000.33",,770325.65
29/09/25,ATW-XXXXXX8271-YCX58309-SURAT 497299755494,010463182907,"3,500.00",,766825.65
29/09/25,UPI-Amazon Pay-amazon@apl-472012743614-DR VIA UPI,324740468484,"4,000.97",,762824.68
30/09/25,POS METRO CASH CARRY SURAT,284094116917,"5,250.46",,757574.22
30/09/25,UPI-Amazon Pay-amazon@apl-736556924299-DR VIA UPI,957245418028,"1,580.25",,755993.97
30/09/25,ATW-XXXXXX3636-IDM15227-SURAT 962876474022,067425602245,"6,000.00",,749993.97
30/09/25,UPI-Arjun Rao-arjunrao20@ibl-579122873775-CR VIA UPI,034390644899,,900.12,750894.09
30/09/25,UPI-BigBasket-bigbasket@ybl-023975550161-DR VIA UPI,311050428013,"1,130.23",,749763.86
01/10/25,POS LIFESTYLE STORES SURAT,659894530729,"8,450.91",,741312.95
01/10/25,UPI-Ajay Desai-ajay108@oksbi-221720369729-DR VIA UPI,004183388945,"2,350.91",,738962.04
02/10/25,UPI-Zepto-zepto@apl-517586509964-DR VIA UPI,847943446564,"2,100.05",,736861.99
02/10/25,POS METRO CASH CARRY SURAT,855983679787,"6,150.85",,730711.14
02/10/25,UPI-Amazon Pay-amazon@apl-008466159959-DR VIA UPI,017496495654,"5,500.34",,725210.80
02/10/25,UPI-Ola Cabs-olamoney@ola-697334115445-DR VIA UPI,761255209950,790.13,,724420.67
02/10/25,ATW-XXXXXX6578-JUE75678-SURAT 887909433110,331421987168,"4,000.00",,720420.67
04/10/25,UPI-Sunil Roy-9622724041@ptaxis-910818269353-DR VIA UPI,646713352205,"6,750.23",,713670.44
04/10/25,UPI-Rajesh Bose-rajesh.bose@ptyes-288944663818-CR VIA UPI,013868470331,,"6,450.86",720121.30
04/10/25,UPI-Blinkit-blinkit@kotak-483717465174-DR VIA UPI,416785096848,"2,040.11",,718081.19
04/10/25,SALARY-S8922331522068/NEFT/Maruti Suzuki India,163018092469,,"57,165.50",775246.69
05/10/25,UPI-Ola Cabs-olamoney@ola-298784834760-DR VIA UPI,871221871263,480.37,,774766.32
06/10/25,ECS-NACH-LN875376599479-Manappuram Finance,017096942652,"14,000.00",,760766.32
06/10/25,UPI-Meesho-meesho@ybl-786466048379-DR VIA UPI,186820592904,"2,850.19",,757916.13
06/10/25,ECS-NACH-RNT5623000-RENT MANDATE,404492805181,"15,500.00",,742416.13
07/10/25,UPI-Dinesh Pandey-2897645927@ptyes-097440259021-DR VIA UPI,481743714043,"14,450.48",,727965.65
08/10/25,UPI-Jio Recharge-jio@paytm-563383896477-DR VIA UPI,495585661966,779.00,,727186.65
08/10/25,UPI-Hotstar-hotstar@hdfcbank-294716934042-DR VIA UPI,217517631875,799.00,,726387.65
08/10/25,UPI-Swiggy-swiggy@icici-908828712874-DR VIA UPI,776445045961,"1,100.15",,725287.50
09/10/25,POS MAX FASHION SURAT,791643813882,750.05,,724537.45
09/10/25,UPI-BigBasket-bigbasket@ybl-958850857622-DR VIA UPI,957666907007,"2,110.29",,722427.16
09/10/25,UPI-Rapido-rapido@icici-851631441527-DR VIA UPI,233190805821,580.47,,721846.69
10/10/25,UPI-Swati Naik-swati.naik@ybl-207813756914-DR VIA UPI,291479951105,"9,600.62",,712246.07
12/10/25,ECS-NACH-SIP4730056-Mirae Asset MF,272368463391,"2,500.00",,709746.07
12/10/25,POS RELIANCE PETROLEUM SURAT,988410615260,"1,650.22",,708095.85
12/10/25,UPI-PhonePe Merchant-phonepe@ybl-125676670326-DR VIA UPI,516853334497,470.08,,707625.77
12/10/25,POS SHELL FUEL STATION SURAT,147809653462,"3,650.11",,703975.66
15/10/25,POS CENTRAL MALL SURAT,604536353876,"8,200.86",,695774.80
15/10/25,UPI-BSNL Broadband-bsnlbroadband@upi-167535987291-DR VIA UPI,712137339889,680.30,,695094.50
16/10/25,POS BHARAT PETROLEUM SURAT,290717899542,"2,550.41",,692544.09
16/10/25,UPI-MedPlus Health-medplus@icici-509027608591-DR VIA UPI,257925624958,170.10,,692373.99
17/10/25,ATW-XXXXXX9953-YPV79364-SURAT 156436225058,312191976904,"7,000.00",,685373.99
17/10/25,POS BIG BAZAAR SURAT,721911951114,"6,400.55",,678973.44
17/10/25,UPI-ACT Fibernet-broadband@paytm-136076022357-DR VIA UPI,504282311971,399.00,,678574.44
19/10/25,UPI-Maya Pandey-maya472@ibl-485318098004-CR VIA UPI,670803749299,,"20,750.80",699325.24
19/10/25,UPI-Flipkart-flipkart@ybl-114305760713-DR VIA UPI,403563421604,"2,000.60",,697324.64
19/10/25,ATW-XXXXXX3470-RZK21911-SURAT 946083683652,998375406002,"3,000.00",,694324.64
20/10/25,UPI-Uber India-uber@paytm-727862749078-DR VIA UPI,522955497251,410.79,,693913.85
20/10/25,UPI-KSEB-ksebpayment@upi-083769753426-DR VIA UPI,528832623392,"4,200.31",,689713.54
21/10/25,NEFT*N9603715292069/Mahindra Logistics L/CR,329538297677,,"18,000.10",707713.64
23/10/25,UPI-Indane Gas-indanegas@upi-200303656384-DR VIA UPI,754764434626,"1,650.21",,706063.43
23/10/25,UPI-Sarita Naik-1182079012@apl-928372580832-CR VIA UPI,548074826457,,"8,500.05",714563.48
24/10/25,UPI-BigBasket-bigbasket@ybl-247356448589-DR VIA UPI,079983904821,"1,040.67",,713522.81
24/10/25,UPI-BigBasket-bigbasket@ybl-845330918009-DR VIA UPI,646126044396,660.85,,712861.96
24/10/25,POS CENTRAL MALL SURAT,728479131348,300.22,,712561.74
25/10/25,UPI-Jio Recharge-jio@paytm-300625290671-DR VIA UPI,116042991543,829.00,,711732.74
25/10/25,POS RELIANCE MART SURAT,455607390702,"7,200.12",,704532.62
25/10/25,UPI-Kiran Chaudhary-9536480419@okicici-438834315826-CR VIA UPI,086222464672,,"21,000.78",725533.40
25/10/25,UPI-Kamal Roy-kamal.roy@ybl-448921958056-DR VIA UPI,386830765630,"4,250.08",,721283.32
26/10/25,UPI-Paytm Mall-paytm@paytm-508944343623-DR VIA UPI,993005823899,"2,410.97",,718872.35
27/10/25,UPI-Gopal Mishra-9243126271@ptyes-535551216709-DR VIA UPI,203090389153,"15,000.54",,703871.81
27/10/25,UPI-Siddharth Mehta-siddharth847@aubank-807562307121-CR VIA UPI,133349608348,,700.54,704572.35
29/10/25,UPI-Sachin Mehta-sachin396@axl-274821364218-CR VIA UPI,889577139399,,"7,850.55",712422.90
29/10/25,POS HP PETROL PUMP SURAT,740313306611,"1,050.38",,711372.52
30/10/25,POS D MART SURAT,424849708814,"6,100.52",,705272.00
30/10/25,UPI-Zepto-zepto@apl-538759094158-DR VIA UPI,273207982335,"2,150.81",,703121.19
31/10/25,UPI-Sunil Mehta-sunil596@axl-805703926450-DR VIA UPI,604662937623,"10,100.37",,693020.82
01/11/25,UPI-Rapido-rapido@icici-112499042134-DR VIA UPI,517799768118,250.20,,692770.62
01/11/25,POS LIFESTYLE STORES SURAT,409979242896,"5,450.72",,687319.90
02/11/25,UPI-Varun Sharma-9573053042@ptyes-858786855761-DR VIA UPI,186294600891,700.27,,686619.63
02/11/25,UPI-Vishal Tiwari-vishal.tiwari@upi-106218646182-DR VIA UPI,860975348064,"14,450.56",,672169.07
02/11/25,UPI-Rapido-rapido@icici-995590733725-DR VIA UPI,032804953820,410.19,,671758.88
03/11/25,UPI-Ashish Desai-4528827734@ptaxis-402889390214-DR VIA UPI,157537760456,"14,950.41",,656808.47
04/11/25,SALARY-S1914820184003/NEFT/Maruti Suzuki India,855783105934,,"60,435.50",717243.97
04/11/25,UPI-Jio Recharge-jio@paytm-640346633756-DR VIA UPI,452074657191,489.00,,716754.97
05/11/25,UPI-Paytm Mall-paytm@paytm-241510463954-DR VIA UPI,053683972262,"1,180.24",,715574.73
05/11/25,UPI-Zepto-zepto@apl-181437698182-DR VIA UPI,703537063057,770.85,,714803.88
05/11/25,UPI-ACT Fibernet-broadband@paytm-861493751059-DR VIA UPI,389845964714,949.00,,713854.88
06/11/25,UPI-Uber India-uber@paytm-483089375105-DR VIA UPI,496933361748,"1,250.39",,712604.49
07/11/25,UPI-Meena Nair-meena.nair@paytm-691620458586-DR VIA UPI,699941247636,"9,200.65",,703403.84
08/11/25,ECS-NACH-RNT7776273-RENT MANDATE,188219079637,"15,500.00",,687903.84
08/11/25,UPI-Flipkart-flipkart@ybl-670985619403-DR VIA UPI,271806124514,"4,500.30",,683403.54
09/11/25,ATW-XXXXXX5004-CHM74208-SURAT 730475210912,635276290730,"8,500.00",,674903.54
09/11/25,ATW-XXXXXX1046-CVA31524-SURAT 730472202349,201963385218,"5,000.00",,669903.54
09/11/25,POS HP PETROL PUMP SURAT,341906997216,"3,450.66",,666452.88
09/11/25,ECS-NACH-LN875376599479-Manappuram Finance,165133061599,"14,000.00",,652452.88
10/11/25,UPI-Uber India-uber@paytm-742844989945-DR VIA UPI,533327261720,510.18,,651942.70
11/11/25,UPI-Divya Patel-divyapate42@ptsbi-943145245720-DR VIA UPI,547471428198,"13,450.38",,638492.32
11/11/25,UPI-Jio Recharge-jio@paytm-469172192075-DR VIA UPI,696786077909,609.00,,637883.32
11/11/25,UPI-Zomato-zomato@axisbank-341896203307-DR VIA UPI,551351944934,720.45,,637162.87
11/11/25,UPI-Ashish Singh-ashish.singh@paytm-697981604111-DR VIA UPI,068641616786,"18,750.15",,618412.72
12/11/25,IMPS-434186032865-Ramesh Kulkarni-FDRL-XXXXXXX2507-IMPSTXN,836317088819,"43,300.18",,575112.54
13/11/25,ECS-NACH-SIP9216122-Mirae Asset MF,634830420090,"2,500.00",,572612.54
14/11/25,UPI-KSEB-ksebpayment@upi-037128914117-DR VIA UPI,646228864694,"3,250.96",,569361.58
15/11/25,UPI-Flipkart-flipkart@ybl-182905634496-DR VIA UPI,960772126998,320.85,,569040.73
18/11/25,UPI-Ola Cabs-olamoney@ola-662459340752-DR VIA UPI,579165953473,700.52,,568340.21
18/11/25,UPI-Indane Gas-indanegas@upi-811850080388-DR VIA UPI,814917365767,"2,550.76",,565789.45
18/11/25,POS LIFESTYLE STORES SURAT,086786791560,"7,950.90",,557838.55
20/11/25,ATW-XXXXXX8420-RWH63168-SURAT 481797578549,532681999301,"7,000.00",,550838.55
20/11/25,UPI-Amazon Pay-amazon@apl-163496743637-DR VIA UPI,457309116214,400.43,,550438.12
21/11/25,UPI-Dunzo-dunzo@razorpay-410733548692-DR VIA UPI,920320702636,"1,730.08",,548708.04
21/11/25,UPI-Ola Cabs-olamoney@ola-555713911240-DR VIA UPI,498771560716,640.24,,548067.80
21/11/25,UPI-Rakesh Desai-rakesh.desai@paytm-750035601081-CR VIA UPI,783243139034,,"4,350.34",552418.14
22/11/25,UPI-Nykaa-nykaa@razorpay-017732011123-DR VIA UPI,347424051457,"2,750.58",,549667.56
23/11/25,UPI-Apollo Pharmacy-apollopharmacy@ybl-190470319219-DR VIA UPI,558907147529,899.00,,548768.56
24/11/25,UPI-Himanshu Chaudhary-9343577016@ibl-867421190262-DR VIA UPI,177240915383,"11,200.04",,537568.52
24/11/25,ATW-XXXXXX1118-CDU58320-SURAT 763166950944,900097276323,"1,500.00",,536068.52
24/11/25,UPI-Abhishek Reddy-abhishekredd82@upi-529349007865-CR VIA UPI,466054573819,,"19,550.19",555618.71
25/11/25,UPI-BigBasket-bigbasket@ybl-389884898962-DR VIA UPI,557097929153,"1,530.48",,554088.23
26/11/25,UPI-Sanjay Jain-sanjay368@kotak-517353414504-DR VIA UPI,916500541750,"2,850.79",,551237.44
26/11/25,IMPS-457554614307-Rahul Srivastava-HDFC-XXXXXXX4319-IMPSTXN,917742504507,"25,000.62",,526236.82
26/11/25,MOBILE BANKING CHARGES,395926161841,130.00,,526106.82
26/11/25,GST ON CHARGES,424767256652,23.40,,526083.42
26/11/25,UPI-BigBasket-bigbasket@ybl-894014648207-DR VIA UPI,640292484282,"2,230.18",,523853.24
28/11/25,POS SHELL FUEL STATION SURAT,247700425059,"2,850.58",,521002.66
28/11/25,UPI-Jio Recharge-jio@paytm-793012316466-DR VIA UPI,319497580136,229.00,,520773.66
29/11/25,POS SHOPPERS STOP SURAT,392845280595,"7,000.56",,513773.10
29/11/25,UPI-Mohit Reddy-mohit.reddy@apl-463905008175-CR VIA UPI,846753515343,,"10,600.33",524373.43
01/12/25,UPI-Meesho-meesho@ybl-079490614764-DR VIA UPI,733498263806,"1,650.75",,522722.68
01/12/25,UPI-Babita Bajaj-babitabaja52@pthdfc-198837583023-CR VIA UPI,512441688908,,"8,750.20",531472.88
01/12/25,POS BHARAT PETROLEUM SURAT,097285110507,"3,900.58",,527572.30
01/12/25,ATW-XXXXXX5054-RCD05221-SURAT 169134996832,491351663590,"9,500.00",,518072.30
01/12/25,UPI-Zomato-zomato@axisbank-703857315513-DR VIA UPI,962845446161,"2,380.88",,515691.42
01/12/25,UPI-PhonePe Merchant-phonepe@ybl-881993576643-DR VIA UPI,092549449616,"1,460.89",,514230.53
02/12/25,UPI-PhonePe Merchant-phonepe@ybl-108817097683-DR VIA UPI,610829294861,"1,020.99",,513209.54
03/12/25,UPI-Flipkart-flipkart@ybl-786900118405-DR VIA UPI,131408122504,"5,800.35",,507409.19
03/12/25,UPI-Rapido-rapido@icici-377088704024-DR VIA UPI,622608968651,670.22,,506738.97
03/12/25,UPI-Neha Dubey-nehadube91@upi-178237274903-DR VIA UPI,753731904030,"17,100.97",,489638.00
04/12/25,SALARY-S3642923351858/NEFT/Maruti Suzuki India,514147826545,,"59,004.50",548642.50
05/12/25,UPI-1mg-tatahealth@icici-237170911344-DR VIA UPI,956895330238,"2,630.49",,546012.01
05/12/25,UPI-BigBasket-bigbasket@ybl-836811144498-DR VIA UPI,700883559308,500.71,,545511.30
05/12/25,POS PANTALOONS SURAT,385330567622,"4,800.64",,540710.66
07/12/25,UPI-Ola Cabs-olamoney@ola-177652460311-DR VIA UPI,786616127835,690.47,,540020.19
07/12/25,ECS-NACH-LN875376599479-Manappuram Finance,021177512682,"14,000.00",,526020.19
07/12/25,UPI-Ajay Nambiar-ajay.nambiar@apl-113881382355-CR VIA UPI,629685544986,,"4,500.41",530520.60
07/12/25,POS RELIANCE MART SURAT,713269959681,"1,750.91",,528769.69
08/12/25,ATW-XXXXXX5092-EWV35330-SURAT 277505314722,794323682312,"2,500.00",,526269.69
08/12/25,UPI-Ola Cabs-olamoney@ola-760777115836-DR VIA UPI,993038962184,550.01,,525719.68
08/12/25,ECS-NACH-RNT2255475-RENT MANDATE,790916848404,"15,500.00",,510219.68
09/12/25,UPI-Blinkit-blinkit@kotak-765307710153-DR VIA UPI,961473781592,160.94,,510058.74
10/12/25,UPI-Shweta Saxena-shweta642@oksbi-116647996648-CR VIA UPI,939526224170,,"11,500.47",521559.21
10/12/25,UPI-ACT Fibernet-broadband@paytm-714652238464-DR VIA UPI,151281141902,749.00,,520810.21
10/12/25,UPI-Jyoti Bajaj-jyotibaja19@ybl-211372068429-DR VIA UPI,109034495044,"15,300.85",,505509.36
11/12/25,UPI-Babita Jain-babita.jain@apl-085509479640-DR VIA UPI,924504200214,"19,600.48",,485908.88
12/12/25,UPI-Rapido-rapido@icici-324295699193-DR VIA UPI,879111897498,360.63,,485548.25
12/12/25,UPI-PhonePe Merchant-phonepe@ybl-472967867768-DR VIA UPI,101319647747,"1,480.09",,484068.16
12/12/25,UPI-ICICI Prudential Life-licindia@licindia-433854806000-DR VIA UPI,288333697775,"8,300.00",,475768.16
12/12/25,UPI-Kunal Dubey-kunaldube53@apl-720539631215-CR VIA UPI,768005584964,,"6,800.03",482568.19
12/12/25,UPI-Sonia Banerjee-sonia296@paytm-844986002168-CR VIA UPI,319021422269,,"13,250.74",495818.93
13/12/25,UPI-Radha Jain-radhajain65@axl-668535116145-DR VIA UPI,739309110184,"5,450.06",,490368.87
14/12/25,UPI-Amazon Pay-amazon@apl-412346347803-DR VIA UPI,272963182652,350.24,,490018.63
14/12/25,ATW-XXXXXX6533-VUP77495-SURAT 805922157867,820059395283,"1,000.00",,489018.63
14/12/25,ECS-NACH-SIP8299809-Mirae Asset MF,065722055179,"2,500.00",,486518.63
14/12/25,UPI-Vikram Mehta-vikram.mehta@upi-466108701287-DR VIA UPI,014235750381,"6,800.43",,479718.20
14/12/25,UPI-Blinkit-blinkit@kotak-995960811862-DR VIA UPI,513316803339,"1,260.85",,478457.35
15/12/25,UPI-Ola Cabs-olamoney@ola-644831549553-DR VIA UPI,401093321112,760.56,,477696.79
15/12/25,UPI-Dunzo-dunzo@razorpay-565397356934-DR VIA UPI,450744928855,"2,280.52",,475416.27
16/12/25,UPI-Flipkart-flipkart@ybl-135755270202-DR VIA UPI,088322938109,"2,750.70",,472665.57
16/12/25,UPI-Jio Recharge-jio@paytm-041970377616-DR VIA UPI,742875907517,189.00,,472476.57
16/12/25,UPI-Amazon Pay-amazon@apl-089595723660-DR VIA UPI,969415871036,"1,450.69",,471025.88
17/12/25,POS METRO CASH CARRY SURAT,424839319863,"7,850.61",,463175.27
17/12/25,POS SHELL FUEL STATION SURAT,242496352767,"1,200.09",,461975.18
17/12/25,UPI-Jio Recharge-jio@paytm-882744832376-DR VIA UPI,593614088204,809.00,,461166.18
18/12/25,NEFT*N3005962398312/Patni Computer Syste/CR,783338315729,,"17,500.87",478667.05
18/12/25,UPI-Uber India-uber@paytm-640175159670-DR VIA UPI,839143604922,850.56,,477816.49
18/12/25,UPI-Sushma Ahuja-sushma841@axl-089484353058-DR VIA UPI,440180883476,"17,400.98",,460415.51
19/12/25,UPI-Jio Recharge-jio@paytm-573265064952-DR VIA UPI,250959110698,"1,790.75",,458624.76
19/12/25,UPI-Saurabh Shah-saurabh.shah@ibl-913182196869-DR VIA UPI,823650777840,"12,000.09",,446624.67
20/12/25,POS PANTALOONS SURAT,311394580802,"8,400.74",,438223.93
22/12/25,UPI-Mohan Sharma-mohanshar58@ibl-870815871912-CR VIA UPI,771369741025,,"12,250.80",450474.73
22/12/25,ATW-XXXXXX2386-QBU86096-SURAT 812196480352,899733551866,"4,500.00",,445974.73
23/12/25,IMPS-769533763189-Mina Pillai-BDBL-XXXXXXX8979-IMPSTXN,340635855389,"43,000.51",,402974.22
23/12/25,UPI-KSEB-ksebpayment@upi-931496558425-DR VIA UPI,624567099753,"1,100.85",,401873.37
23/12/25,UPI-Sachin Bajaj-sachin.bajaj@aubank-369833156796-CR VIA UPI,127042474407,,"13,900.98",415774.35
23/12/25,UPI-Jio Recharge-jio@paytm-379145319248-DR VIA UPI,262198499234,529.00,,415245.35
23/12/25,UPI-Abhishek Saxena-abhishek.saxena@pthdfc-223079207913-DR VIA UPI,097432304372,"19,750.00",,395495.35
25/12/25,UPI-Indane Gas-indanegas@upi-998754346494-DR VIA UPI,107869472454,"1,750.75",,393744.60
26/12/25,MOBILE BANKING CHARGES,912634409732,80.00,,393664.60
26/12/25,UPI-Jio Recharge-jio@paytm-326643643991-DR VIA UPI,277401105574,769.00,,392895.60
26/12/25,GST ON CHARGES,994720324081,14.40,,392881.20
27/12/25,UPI-BSNL Broadband-bsnlbroadband@upi-066499267148-DR VIA UPI,112700442572,"1,160.86",,391720.34
28/12/25,UPI-Flipkart-flipkart@ybl-707584567138-DR VIA UPI,540095717469,"2,000.48",,389719.86
28/12/25,INTEREST CREDIT,411975192208,,760.91,390480.77
28/12/25,POS PANTALOONS SURAT,712643784054,"5,600.06",,384880.71
28/12/25,UPI-Sonia Tiwari-7086181046@pthdfc-327022892323-DR VIA UPI,347133403346,"1,250.39",,383630.32
28/12/25,POS RELIANCE PETROLEUM SURAT,654409694721,"2,200.94",,381429.38
29/12/25,UPI-Gaurav Singh-gaurav726@apl-828936581437-DR VIA UPI,822345446293,"18,150.28",,363279.10
29/12/25,UPI-Jio Recharge-jio@paytm-286164893221-DR VIA UPI,852010151986,"1,300.44",,361978.66
30/12/25,UPI-Suresh Dutta-suresh.dutta@paytm-336771647756-DR VIA UPI,270016787995,"9,100.78",,352877.88
30/12/25,UPI-Mahesh Thapar-mahesh.thapar@upi-649474641099-DR VIA UPI,433705648569,"2,550.01",,350327.87
30/12/25,UPI-Girish Verma-3891471454@pthdfc-853303024243-CR VIA UPI,730669224122,,"5,050.70",355378.57
30/12/25,UPI-Rajesh Singh-rajesh916@axl-680220341281-DR VIA UPI,150740267320,"10,800.20",,344578.37
30/12/25,UPI-Vivek Reddy-vivek.reddy@upi-696456084890-CR VIA UPI,993389665062,,"8,700.25",353278.62
01/01/26,UPI-Zomato-zomato@axisbank-620324198668-DR VIA UPI,122855868438,"1,460.36",,351818.26
01/01/26,UPI-Ola Cabs-olamoney@ola-304254256618-DR VIA UPI,732065057304,420.33,,351397.93
02/01/26,POS SHELL FUEL STATION SURAT,422822239894,"2,200.38",,349197.55
02/01/26,UPI-PhonePe Merchant-phonepe@ybl-911058490250-DR VIA UPI,849810410443,"1,690.00",,347507.55
02/01/26,POS BRAND FACTORY SURAT,210686749114,"5,900.78",,341606.77
03/01/26,SALARY-S0099947075625/NEFT/Maruti Suzuki India,200803815646,,"60,810.50",402417.27
03/01/26,UPI-Blinkit-blinkit@kotak-181666018348-DR VIA UPI,265517608238,190.50,,402226.77
03/01/26,UPI-Myntra-myntra@ybl-075029276044-DR VIA UPI,874839789885,"4,350.94",,397875.83
05/01/26,POS VISHAL MEGA MART SURAT,696651387336,"5,000.86",,392874.97
06/01/26,UPI-Deepa Mehta-6672809819@apl-171099963112-CR VIA UPI,253542008476,,"13,050.36",405925.33
06/01/26,UPI-Vivek Bajaj-vivekbaja44@okaxis-376758049447-DR VIA UPI,518116659935,"3,800.54",,402124.79
06/01/26,UPI-Deepa Mishra-deepamish11@aubank-640495012051-DR VIA UPI,146434050962,"17,400.48",,384724.31
06/01/26,UPI-Jio Recharge-jio@paytm-778284019575-DR VIA UPI,836646747982,889.00,,383835.31
07/01/26,UPI-Ola Cabs-olamoney@ola-304510670636-DR VIA UPI,033216790160,960.57,,382874.74
07/01/26,UPI-MedPlus Health-medplus@icici-580401917365-DR VIA UPI,935556109670,"2,460.29",,380414.45
07/01/26,UPI-Isha Joshi-isha.joshi@ptaxis-572135435543-DR VIA UPI,529097484453,"17,500.58",,362913.87
08/01/26,UPI-Jio Recharge-jio@paytm-880588990974-DR VIA UPI,603820712101,279.00,,362634.87
08/01/26,ECS-NACH-RNT7074861-RENT MANDATE,976273719769,"15,500.00",,347134.87
08/01/26,UPI-Meena Dutta-meena603@oksbi-632457136943-DR VIA UPI,166499222613,"12,700.29",,334434.58
08/01/26,UPI-Meesho-meesho@ybl-475941242176-DR VIA UPI,793910205632,"3,050.31",,331384.27
09/01/26,ECS-NACH-LN875376599479-Manappuram Finance,474386142154,"14,000.00",,317384.27
10/01/26,UPI-Uber India-uber@paytm-613553935371-DR VIA UPI,067092273855,280.61,,317103.66
10/01/26,UPI-Uber India-uber@paytm-634268317946-DR VIA UPI,933659161804,"2,320.41",,314783.25
10/01/26,UPI-Uber India-uber@paytm-200105820991-DR VIA UPI,386200577012,460.98,,314322.27
10/01/26,UPI-Ola Cabs-olamoney@ola-275561278218-DR VIA UPI,212212999143,810.95,,313511.32
11/01/26,POS HP PETROL PUMP SURAT,823330215178,"3,300.81",,310210.51
12/01/26,UPI-Seema Naik-3762779989@ybl-969592200202-DR VIA UPI,252847846452,"13,000.79",,297209.72
12/01/26,ATW-XXXXXX3359-WJR10578-SURAT 971606770860,834413485773,"1,500.00",,295709.72
13/01/26,UPI-Paytm Mall-paytm@paytm-069108124998-DR VIA UPI,266696430576,"2,140.42",,293569.30
13/01/26,POS CENTRAL MALL SURAT,585172018598,"7,350.58",,286218.72
14/01/26,POS METRO CASH CARRY SURAT,149320236158,"3,600.60",,282618.12
14/01/26,ECS-NACH-SIP5231484-Mirae Asset MF,948674578965,"2,500.00",,280118.12
15/01/26,UPI-Ola Cabs-olamoney@ola-408579999812-DR VIA UPI,904042086020,"1,830.92",,278287.20
15/01/26,UPI-Sarita Pillai-sarita239@okaxis-923954346097-DR VIA UPI,406860659463,"20,550.49",,257736.71
17/01/26,UPI-Ola Cabs-olamoney@ola-346368690782-DR VIA UPI,070016294495,"1,680.67",,256056.04
17/01/26,UPI-Dunzo-dunzo@razorpay-707800450605-DR VIA UPI,266774978514,130.86,,255925.18
18/01/26,ATW-XXXXXX6543-JLB83123-SURAT 273515373920,265002762651,"8,500.00",,247425.18
18/01/26,UPI-Swiggy-swiggy@icici-887748455249-DR VIA UPI,951095073244,"1,820.23",,245604.95
19/01/26,NEFT*N5136511282993/ICICI Lombard GIC/CR,439514614541,,"12,500.66",258105.61
19/01/26,POS METRO CASH CARRY SURAT,148797403449,"3,400.52",,254705.09
20/01/26,UPI-Indane Gas-indanegas@upi-525696787270-DR VIA UPI,173529758443,850.94,,253854.15
20/01/26,UPI-Sunita Menon-sunita988@okicici-921221417616-DR VIA UPI,275306799260,"18,650.10",,235204.05
20/01/26,UPI-KSEB-ksebpayment@upi-433807840944-DR VIA UPI,004230044744,"1,450.91",,233753.14
20/01/26,IMPS-025232368722-Siddharth Jain-KKBK-XXXXXXX3315-IMPSTXN,759791762115,"41,800.86",,191952.28
20/01/26,UPI-Pallavi Sharma-pallavi813@okaxis-949111019865-CR VIA UPI,407143541383,,"21,600.85",213553.13
20/01/26,UPI-Jio Recharge-jio@paytm-561795873153-DR VIA UPI,913321133894,539.00,,213014.13
21/01/26,UPI-Rohit Chatterjee-4376802014@axl-970574843995-CR VIA UPI,514419360093,,"1,200.92",214215.05
21/01/26,UPI-Swiggy-swiggy@icici-230449397381-DR VIA UPI,207022610028,"2,310.84",,211904.21
22/01/26,UPI-Zepto-zepto@apl-583192352160-DR VIA UPI,645875099085,"2,690.04",,209214.17
23/01/26,UPI-Anjali Patil-anjali.patil@kotak-605691806252-CR VIA UPI,806743023091,,"6,700.87",215915.04
24/01/26,ATW-XXXXXX3157-QRA56638-SURAT 847725615255,547066518468,"8,000.00",,207915.04
24/01/26,UPI-Kavita Das-kavitadas42@okaxis-192538424486-CR VIA UPI,749907364323,,"6,000.10",213915.14
24/01/26,UPI-Ola Cabs-olamoney@ola-460938256730-DR VIA UPI,073380903513,"2,560.53",,211354.61
25/01/26,ATW-XXXXXX6647-NLS05817-SURAT 330416621323,747265881512,"8,500.00",,202854.61
26/01/26,UPI-Brijesh Singh-brijeshsing25@ptaxis-046086098642-CR VIA UPI,464376861962,,"17,150.91",220005.52
28/01/26,MOBILE BANKING CHARGES,760832735266,440.00,,219565.52
28/01/26,UPI-Amazon Pay-amazon@apl-690466320055-DR VIA UPI,642680551630,"2,180.54",,217384.98
28/01/26,UPI-Jio Recharge-jio@paytm-425546102034-DR VIA UPI,459642661526,749.00,,216635.98
28/01/26,GST ON CHARGES,338530983521,79.20,,216556.78
28/01/26,POS RELIANCE MART SURAT,425659049972,"3,650.62",,212906.16
29/01/26,ATW-XXXXXX8569-QNT85858-SURAT 690356915641,551349120234,"7,000.00",,205906.16
29/01/26,UPI-Yogesh Ahuja-2399643296@apl-889317196591-DR VIA UPI,157088601761,"10,750.85",,195155.31
30/01/26,UPI-Brijesh Mukherjee-brijeshmukh82@ptaxis-897994512785-CR VIA UPI,193425064871,,"9,950.26",205105.57
30/01/26,POS SHOPPERS STOP SURAT,495692450669,850.00,,204255.57
31/01/26,ATW-XXXXXX1436-UTY08102-SURAT 553066336347,939252190548,"6,000.00",,198255.57
01/02/26,UPI-Amazon Pay-amazon@apl-729346873261-DR VIA UPI,625552952074,"2,310.90",,195944.67
01/02/26,UPI-Shreya Patil-1106981552@pthdfc-939757106029-DR VIA UPI,280040202706,"20,750.73",,175193.94
03/02/26,UPI-Hotstar-hotstar@hdfcbank-260418863958-DR VIA UPI,314260037833,449.00,,174744.94
03/02/26,UPI-Ola Cabs-olamoney@ola-139724715170-DR VIA UPI,594454172714,520.48,,174224.46
04/02/26,SALARY-S7462885356927/NEFT/Maruti Suzuki India,348759824213,,"58,929.50",233153.96
04/02/26,ATW-XXXXXX8925-NDE04406-SURAT 004828901762,288333638051,"3,500.00",,229653.96
04/02/26,ATW-XXXXXX1725-NGD09048-SURAT 245891389533,660864211753,"7,500.00",,222153.96
04/02/26,UPI-Kavya Dutta-kavya624@ptsbi-346154823733-CR VIA UPI,640277447696,,"9,100.70",231254.66
06/02/26,UPI-Ritu Ghosh-ritu261@apl-541032048658-CR VIA UPI,283661284881,,"2,300.57",233555.23
06/02/26,UPI-Ola Cabs-olamoney@ola-513343897700-DR VIA UPI,736067627311,170.28,,233384.95
07/02/26,ECS-NACH-RNT5190606-RENT MANDATE,039502956744,"15,500.00",,217884.95
07/02/26,UPI-Kavya Mehta-kavyameht60@oksbi-071375083061-DR VIA UPI,798615919437,"18,600.41",,199284.54
07/02/26,UPI-Zepto-zepto@apl-043551131188-DR VIA UPI,986883854109,"1,710.12",,197574.42
07/02/26,UPI-Sapna Agarwal-sapna579@pthdfc-437119986997-CR VIA UPI,502176272258,,"11,900.85",209475.27
07/02/26,UPI-Uber India-uber@paytm-136190199282-DR VIA UPI,216849875328,640.25,,208835.02
07/02/26,UPI-Vikram Joshi-vikram.joshi@paytm-884611303313-CR VIA UPI,461856752297,,"13,500.10",222335.12
07/02/26,UPI-Lalit Agarwal-lalit.agarwal@okaxis-136399907583-CR VIA UPI,318635750831,,"6,800.82",229135.94
08/02/26,POS RELIANCE PETROLEUM SURAT,644856088804,"2,650.56",,226485.38
08/02/26,UPI-Amazon Pay-amazon@apl-312892757553-DR VIA UPI,013606633827,410.08,,226075.30
09/02/26,UPI-KSEB-ksebpayment@upi-037070852917-DR VIA UPI,987471677443,"1,600.59",,224474.71
09/02/26,UPI-Zepto-zepto@apl-216808719057-DR VIA UPI,073730293804,"2,790.22",,221684.49
10/02/26,POS BHARAT PETROLEUM SURAT,275111958328,"4,200.49",,217484.00
10/02/26,UPI-Rapido-rapido@icici-722925133955-DR VIA UPI,306293293569,330.40,,217153.60
10/02/26,ATW-XXXXXX7957-TEO43272-SURAT 471431660377,274664306364,"3,500.00",,213653.60
10/02/26,ECS-NACH-LN875376599479-Manappuram Finance,715062180478,"14,000.00",,199653.60
11/02/26,POS INDIAN OIL SURAT,011136827951,"1,500.22",,198153.38
11/02/26,UPI-Jio Recharge-jio@paytm-304509091625-DR VIA UPI,864295566208,659.00,,197494.38
12/02/26,UPI-Varun Mehta-varunmeht84@ptaxis-355907708718-DR VIA UPI,246967212297,"3,300.46",,194193.92
12/02/26,UPI-Rapido-rapido@icici-087271879914-DR VIA UPI,959486242080,480.20,,193713.72
13/02/26,UPI-Kunal Kulkarni-kunalkulk34@ptyes-790983434166-DR VIA UPI,180515272114,"6,150.34",,187563.38
14/02/26,UPI-Harish Khanna-harish420@upi-239285958372-CR VIA UPI,394329822940,,"3,550.33",191113.71
16/02/26,UPI-Indane Gas-indanegas@upi-464167172169-DR VIA UPI,319323239625,"2,450.09",,188663.62
16/02/26,POS CENTRAL MALL SURAT,789613989668,"3,500.93",,185162.69
18/02/26,UPI-Nisha Malhotra-2105696412@oksbi-172155133009-CR VIA UPI,398312712834,,"2,800.18",187962.87
19/02/26,UPI-Dinesh Sen-0635535756@kotak-013328414158-DR VIA UPI,154582025371,900.80,,187062.07
19/02/26,ECS-NACH-SIP4865726-Mirae Asset MF,317522837244,"2,500.00",,184562.07
19/02/26,UPI-Amazon Pay-amazon@apl-860999802680-DR VIA UPI,602784570657,"1,950.49",,182611.58
20/02/26,UPI-Kapil Verma-8060693082@okhdfcbank-286909562403-DR VIA UPI,239688503315,"1,800.38",,180811.20
20/02/26,UPI-Mohit Mukherjee-mohitmukh31@ptsbi-192021953104-DR VIA UPI,613587050103,"19,250.97",,161560.23
21/02/26,UPI-Neha Tiwari-neha594@oksbi-654513538236-CR VIA UPI,231305219408,,"11,800.68",173360.91
21/02/26,UPI-Jio Recharge-jio@paytm-702742445601-DR VIA UPI,828035815648,639.00,,172721.91
21/02/26,UPI-Amazon Pay-amazon@apl-184673311547-DR VIA UPI,454804637495,"4,550.99",,168170.92
21/02/26,UPI-Ola Cabs-olamoney@ola-351024044663-DR VIA UPI,745598467837,780.95,,167389.97
22/02/26,ATW-XXXXXX7184-TQE46784-SURAT 179853935964,712846249827,"1,500.00",,165889.97
22/02/26,POS D MART SURAT,917112649101,"1,550.05",,164339.92
22/02/26,ATW-XXXXXX6250-HMP76563-SURAT 517329210033,270273398223,"2,500.00",,161839.92
22/02/26,UPI-Sapna Khanna-sapna204@ibl-828114576816-DR VIA UPI,822052973435,"9,550.86",,152289.06
23/02/26,UPI-Harish Agarwal-3501175700@apl-585866977203-CR VIA UPI,054196276655,,"19,000.43",171289.49
24/02/26,UPI-Naresh Bajaj-naresh.bajaj@okicici-953601545842-DR VIA UPI,522174609613,"1,000.89",,170288.60
24/02/26,UPI-Jio Recharge-jio@paytm-359080554384-DR VIA UPI,884133405783,639.00,,169649.60
24/02/26,UPI-Rapido-rapido@icici-370798046385-DR VIA UPI,767757973293,760.26,,168889.34
24/02/26,UPI-Amazon Pay-amazon@apl-044270535598-DR VIA UPI,596417901126,600.09,,168289.25
28/02/26,UPI-Jio Recharge-jio@paytm-239234612709-DR VIA UPI,194655147221,120.12,,168169.13
28/02/26,GST ON CHARGES,073359782024,48.60,,168120.53
28/02/26,MOBILE BANKING CHARGES,731092549149,270.00,,167850.53
28/02/26,UPI-Apollo Pharmacy-apollopharmacy@ybl-519194994916-DR VIA UPI,249422139303,"1,370.02",,166480.51
01/03/26,UPI-Anjali Banerjee-anjali723@okhdfcbank-556755514879-DR VIA UPI,213174698415,"19,950.05",,146530.46
01/03/26,UPI-BigBasket-bigbasket@ybl-994762426019-DR VIA UPI,403618678906,"1,660.81",,144869.65
01/03/26,UPI-Pallavi Das-pallavi.das@axl-631126689231-DR VIA UPI,254120678394,"13,700.11",,131169.54
01/03/26,ATW-XXXXXX0026-YUN86411-SURAT 509887889213,551167349776,"1,500.00",,129669.54
02/03/26,SALARY-S3543106888930/NEFT/Maruti Suzuki India,073752281698,,"60,859.50",190529.04
02/03/26,UPI-Flipkart-flipkart@ybl-912943498043-DR VIA UPI,900992607639,"3,100.69",,187428.35
02/03/26,UPI-BSNL Broadband-bsnlbroadband@upi-871527465271-DR VIA UPI,585141383406,"2,690.16",,184738.19
02/03/26,ATW-XXXXXX4366-KLF20996-SURAT 204246465456,305969726367,"7,500.00",,177238.19
02/03/26,UPI-Ankit Chopra-ankitchop97@ptaxis-245352279481-CR VIA UPI,754138488977,,"16,050.76",193288.95
03/03/26,UPI-Renu Bose-renubose36@okhdfcbank-338389289443-DR VIA UPI,098816661124,"1,400.46",,191888.49
03/03/26,POS STAR BAZAAR SURAT,527235402980,400.31,,191488.18
03/03/26,UPI-Paytm Mall-paytm@paytm-670646347180-DR VIA UPI,519915251145,"1,460.72",,190027.46
03/03/26,UPI-PhonePe Merchant-phonepe@ybl-496292910244-DR VIA UPI,181616168299,"1,070.44",,188957.02
03/03/26,POS RELIANCE MART SURAT,486466562356,"2,600.63",,186356.39
03/03/26,ATW-XXXXXX4738-HGU30539-SURAT 573933030471,584834958715,"9,000.00",,177356.39
04/03/26,UPI-Rapido-rapido@icici-109642801506-DR VIA UPI,077148698250,300.48,,177055.91
06/03/26,UPI-ICICI Prudential Life-licindia@licindia-858700344001-DR VIA UPI,455596957839,"8,300.00",,168755.91
06/03/26,UPI-Flipkart-flipkart@ybl-245724139013-DR VIA UPI,897991893527,870.06,,167885.85
06/03/26,ECS-NACH-RNT1152175-RENT MANDATE,821736806502,"15,500.00",,152385.85
07/03/26,UPI-Paytm Mall-paytm@paytm-268540944292-DR VIA UPI,321738631561,460.16,,151925.69
08/03/26,UPI-BSNL Broadband-bsnlbroadband@upi-803608904119-DR VIA UPI,124358149937,450.37,,151475.32
08/03/26,ECS-NACH-LN875376599479-Manappuram Finance,506194004873,"14,000.00",,137475.32
08/03/26,UPI-Harish Sharma-5950059400@axl-292939131309-DR VIA UPI,756398615261,"4,850.88",,132624.44
10/03/26,UPI-Uber India-uber@paytm-014716348589-DR VIA UPI,883488279895,190.31,,132434.13
12/03/26,UPI-Preeti Shukla-preeti716@axl-084813538726-DR VIA UPI,251524801560,"19,450.30",,112983.83
12/03/26,UPI-Paytm Mall-paytm@paytm-371034139550-DR VIA UPI,121729841662,"1,010.14",,111973.69
13/03/26,UPI-Sunita Pillai-sunita.pillai@okicici-066066309674-CR VIA UPI,784571758826,,"11,000.81",122974.50
13/03/26,POS VISHAL MEGA MART SURAT,777550789712,"7,550.14",,115424.36
14/03/26,POS RELIANCE MART SURAT,192932951028,"8,350.92",,107073.44
14/03/26,UPI-Arjun Sen-arjun.sen@okicici-957735262274-DR VIA UPI,800544880113,"10,250.97",,96822.47
14/03/26,UPI-KSEB-ksebpayment@upi-236503557735-DR VIA UPI,269686114664,"2,650.76",,94171.71
15/03/26,UPI-Jio Recharge-jio@paytm-143546351407-DR VIA UPI,574223353401,829.00,,93342.71
15/03/26,UPI-Jio Recharge-jio@paytm-659372677057-DR VIA UPI,841576769718,629.00,,92713.71
15/03/26,UPI-Mamta Sen-4393215636@ptsbi-126221799007-CR VIA UPI,818968220459,,"10,800.75",103514.46
16/03/26,ECS-NACH-SIP9329581-Mirae Asset MF,524334842353,"2,500.00",,101014.46
16/03/26,UPI-Tarun Pillai-tarun.pillai@okaxis-220446182580-DR VIA UPI,139097520349,"7,050.89",,93963.57
16/03/26,POS V MART SURAT,800916397596,"2,200.76",,91762.81
17/03/26,UPI-Vikas Dubey-vikas.dubey@aubank-855253877572-CR VIA UPI,719794974630,,"10,050.35",101813.16
17/03/26,UPI-Dunzo-dunzo@razorpay-849607630917-DR VIA UPI,983307837940,"1,750.32",,100062.84
17/03/26,UPI-BigBasket-bigbasket@ybl-328738020448-DR VIA UPI,094807944843,"2,760.07",,97302.77
17/03/26,UPI-Zepto-zepto@apl-917939077835-DR VIA UPI,837171415951,"2,430.49",,94872.28
17/03/26,UPI-Nisha Kulkarni-5664412499@aubank-772510254402-CR VIA UPI,690388528632,,"4,750.80",99623.08
17/03/26,POS HP PETROL PUMP SURAT,252075394189,"1,550.80",,98072.28
18/03/26,UPI-Uber India-uber@paytm-571362747124-DR VIA UPI,495436190832,"1,000.92",,97071.36
18/03/26,UPI-Vijay Mishra-vijay455@paytm-745921833433-CR VIA UPI,788596970563,,"17,150.05",114221.41
18/03/26,POS BHARAT PETROLEUM SURAT,249556709103,"4,050.94",,110170.47
19/03/26,ATW-XXXXXX5261-UNL62568-SURAT 222731468396,104443727697,"9,500.00",,100670.47
19/03/26,UPI-Amazon Pay-amazon@apl-881236637702-DR VIA UPI,326660417954,"3,850.64",,96819.83
20/03/26,UPI-Jio Recharge-jio@paytm-346726191071-DR VIA UPI,035552545102,889.00,,95930.83
20/03/26,UPI-Amazon Pay-amazon@apl-783621692720-DR VIA UPI,000199742470,"1,240.33",,94690.50
21/03/26,UPI-ACT Fibernet-broadband@paytm-138250646770-DR VIA UPI,189469542851,499.00,,94191.50
21/03/26,UPI-Geeta Shah-geeta.shah@okaxis-437408489657-CR VIA UPI,587392648688,,800.88,94992.38
22/03/26,UPI-Lalit Singh-lalit.singh@upi-457376519487-CR VIA UPI,234183437395,,"20,350.68",115343.06
24/03/26,UPI-Blinkit-blinkit@kotak-032866473164-DR VIA UPI,041965260702,"2,480.72",,112862.34
24/03/26,UPI-Indane Gas-indanegas@upi-980354639826-DR VIA UPI,342192863816,"2,350.47",,110511.87
24/03/26,UPI-Abhishek Mishra-abhishek753@ptaxis-340703246468-CR VIA UPI,161479749087,,"19,150.47",129662.34
25/03/26,ATW-XXXXXX9897-XNC33831-SURAT 037624932544,945419531864,"5,000.00",,124662.34
25/03/26,UPI-Ola Cabs-olamoney@ola-591851911647-DR VIA UPI,174929682800,80.18,,124582.16
25/03/26,UPI-Sumit Rao-sumitrao84@kotak-859499381429-DR VIA UPI,859056795665,"8,850.47",,115731.69
25/03/26,ATW-XXXXXX4999-HFT03846-SURAT 073837892778,557297471338,"5,000.00",,110731.69
26/03/26,UPI-Sushma Khanna-sushma.khanna@okicici-735217454265-CR VIA UPI,510664189609,,"7,100.18",117831.87
26/03/26,POS HP PETROL PUMP SURAT,361502133212,"1,200.02",,116631.85
27/03/26,UPI-BSNL Broadband-bsnlbroadband@upi-625997949185-DR VIA UPI,456865382134,490.39,,116141.46
27/03/26,INTEREST CREDIT,198850672654,,"1,140.73",117282.19
27/03/26,UPI-Jyoti Malhotra-jyotimalh83@upi-268062376658-CR VIA UPI,320807753465,,"18,250.43",135532.62
28/03/26,UPI-Jio Recharge-jio@paytm-432712622084-DR VIA UPI,518444260152,"1,820.35",,133712.27
28/03/26,POS INDIAN OIL SURAT,935745373482,"2,800.43",,130911.84
28/03/26,UPI-Girish Patil-girish786@okaxis-171454121994-CR VIA UPI,301625002385,,"1,000.30",131912.14
28/03/26,UPI-Uber India-uber@paytm-037618980075-DR VIA UPI,563101522852,"1,890.00",,130022.14
28/03/26,UPI-Ola Cabs-olamoney@ola-944963260757-DR VIA UPI,173009444035,860.46,,129161.68
28/03/26,UPI-Sanjay Gupta-5246305323@okicici-024649130338-DR VIA UPI,832902470158,"4,550.41",,124611.27
29/03/26,UPI-Ola Cabs-olamoney@ola-820371254518-DR VIA UPI,415811182867,720.77,,123890.50
29/03/26,ATW-XXXXXX2096-XCV76005-SURAT 598681483970,606937169487,"5,500.00",,118390.50
30/03/26,UPI-Shweta Mukherjee-2157903716@okaxis-907337705512-DR VIA UPI,949366510004,"19,900.98",,98489.52
30/03/26,UPI-Ashish Rao-ashish.rao@ptsbi-920503637359-CR VIA UPI,163935516624,,"10,500.83",108990.35
30/03/26,POS CENTRAL MALL SURAT,708868150988,"8,400.29",,100590.06
31/03/26,MOBILE BANKING CHARGES,949072356548,120.00,,100470.06
31/03/26,GST ON CHARGES,110740967449,21.60,,100448.46
01/04/26,POS HP PETROL PUMP SURAT,809309498397,"3,150.48",,97297.98
02/04/26,UPI-Jio Recharge-jio@paytm-490981126607-DR VIA UPI,333023432427,719.00,,96578.98
02/04/26,UPI-Ajay Ahuja-ajayahuj43@ybl-328312703302-CR VIA UPI,487135260146,,"12,800.83",109379.81
02/04/26,UPI-Myntra-myntra@ybl-129207664127-DR VIA UPI,520579266644,"5,750.71",,103629.10
03/04/26,UPI-Swiggy-swiggy@icici-201738413321-DR VIA UPI,799933003316,"2,520.85",,101108.25
03/04/26,SALARY-S2139592979576/NEFT/Maruti Suzuki India,675632616440,,"59,954.50",161062.75
03/04/26,UPI-Dunzo-dunzo@razorpay-051626914699-DR VIA UPI,312607540621,180.39,,160882.36
04/04/26,ECS-NACH-RNT9565723-RENT MANDATE,128857687919,"15,500.00",,145382.36
04/04/26,UPI-Uber India-uber@paytm-249662104145-DR VIA UPI,579859012688,280.30,,145102.06
04/04/26,UPI-Mohan Pillai-mohan.pillai@oksbi-699573950185-DR VIA UPI,852167497786,"7,150.86",,137951.20
05/04/26,ATW-XXXXXX1227-VZJ84628-SURAT 012384043132,929618690252,"9,000.00",,128951.20
05/04/26,UPI-Rapido-rapido@icici-699494155124-DR VIA UPI,350530546891,610.00,,128341.20
06/04/26,UPI-Vikas Kumar-vikas.kumar@aubank-749721316663-CR VIA UPI,975136781617,,"17,700.20",146041.40
07/04/26,UPI-Asha Roy-6016294166@okicici-355886155915-CR VIA UPI,171032866486,,"10,200.57",156241.97
07/04/26,UPI-Maya Shukla-7819598995@ptyes-724817155012-DR VIA UPI,452701202839,"11,650.12",,144591.85
07/04/26,UPI-Dunzo-dunzo@razorpay-266988456212-DR VIA UPI,728124423033,"2,540.72",,142051.13
08/04/26,UPI-Ola Cabs-olamoney@ola-996248392283-DR VIA UPI,982448009552,700.86,,141350.27
08/04/26,ECS-NACH-LN875376599479-Manappuram Finance,927070966714,"14,000.00",,127350.27
10/04/26,UPI-Krishna Joshi-krishna326@ptaxis-031637329232-CR VIA UPI,567092372858,,"5,850.05",133200.32
10/04/26,UPI-Flipkart-flipkart@ybl-247916823908-DR VIA UPI,479570488897,"3,100.98",,130099.34
10/04/26,UPI-Uber India-uber@paytm-214973364492-DR VIA UPI,765912632704,"1,730.97",,128368.37
10/04/26,UPI-Uber India-uber@paytm-456538461968-DR VIA UPI,802486115061,900.36,,127468.01
11/04/26,UPI-Amazon Pay-amazon@apl-895648028689-DR VIA UPI,007454664611,"1,900.16",,125567.85
12/04/26,UPI-Blinkit-blinkit@kotak-520443309354-DR VIA UPI,762534444193,160.57,,125407.28
12/04/26,UPI-Flipkart-flipkart@ybl-587367886777-DR VIA UPI,325693133083,550.21,,124857.07
13/04/26,UPI-Renu Verma-renu.verma@paytm-754382455469-DR VIA UPI,128793320175,"2,950.27",,121906.80
13/04/26,UPI-Indane Gas-indanegas@upi-576720024487-DR VIA UPI,405339520596,"1,100.82",,120805.98
14/04/26,ECS-NACH-SIP8375996-Mirae Asset MF,648951253176,"2,500.00",,118305.98
14/04/26,UPI-Mohit Naik-mohitnaik16@apl-778710008446-DR VIA UPI,106871446915,"12,650.61",,105655.37
14/04/26,UPI-Sonia Kapoor-sonia122@okaxis-545995621775-CR VIA UPI,451344023961,,"8,750.09",114405.46
15/04/26,UPI-Meesho-meesho@ybl-100971084504-DR VIA UPI,293837029333,"3,100.64",,111304.82
15/04/26,UPI-Jio Recharge-jio@paytm-265648730898-DR VIA UPI,048288330920,759.00,,110545.82
15/04/26,UPI-Paytm Mall-paytm@paytm-499188964621-DR VIA UPI,275031453289,420.32,,110125.50
16/04/26,NEFT*N4497501237391/Bharti Airtel Ltd/CR,282701853896,,"9,500.44",119625.94
16/04/26,POS BRAND FACTORY SURAT,375633773664,"1,950.51",,117675.43
16/04/26,UPI-BigBasket-bigbasket@ybl-972129175301-DR VIA UPI,033588475879,"1,180.91",,116494.52
19/04/26,POS HP PETROL PUMP SURAT,168187404997,"3,200.99",,113293.53
19/04/26,UPI-Jio Recharge-jio@paytm-986583132795-DR VIA UPI,549179461591,"1,450.63",,111842.90
19/04/26,UPI-Ola Cabs-olamoney@ola-468305109280-DR VIA UPI,327975676527,190.14,,111652.76
20/04/26,POS HP PETROL PUMP SURAT,734929124926,"1,200.69",,110452.07
21/04/26,UPI-Jio Recharge-jio@paytm-191176641101-DR VIA UPI,316424674261,399.00,,110053.07
21/04/26,IMPS-503998719946-Sonia Menon-KKBK-XXXXXXX7546-IMPSTXN,603832217692,"8,600.40",,101452.67
22/04/26,UPI-KSEB-ksebpayment@upi-617958484215-DR VIA UPI,471028232269,"2,550.18",,98902.49
23/04/26,POS RELIANCE MART SURAT,361771035367,"6,450.63",,92451.86
23/04/26,UPI-Mina Ghosh-mina.ghosh@pthdfc-943989558906-DR VIA UPI,041972231432,"8,350.49",,84101.37
23/04/26,UPI-ACT Fibernet-broadband@paytm-798731963898-DR VIA UPI,309138940621,"1,099.00",,83002.37
23/04/26,UPI-BSNL Broadband-bsnlbroadband@upi-459736964016-DR VIA UPI,189384488578,"1,380.15",,81622.22
24/04/26,UPI-BigBasket-bigbasket@ybl-570665649359-DR VIA UPI,062722332868,910.33,,80711.89
24/04/26,UPI-Flipkart-flipkart@ybl-521194689098-DR VIA UPI,265902638467,770.44,,79941.45
26/04/26,ATW-XXXXXX8317-CZO42790-SURAT 549642533565,712544947128,"2,500.00",,77441.45
27/04/26,UPI-Ankit Desai-ankit.desai@ptyes-937550698838-CR VIA UPI,364008516065,,"1,000.05",78441.50
27/04/26,ATW-XXXXXX2879-CSG37131-SURAT 777037148198,059922816562,"9,000.00",,69441.50
27/04/26,GST ON CHARGES,934337840829,34.20,,69407.30
27/04/26,MOBILE BANKING CHARGES,723528245366,190.00,,69217.30
28/04/26,UPI-Dunzo-dunzo@razorpay-302069458839-DR VIA UPI,232073732201,"2,160.88",,67056.42
28/04/26,POS STAR BAZAAR SURAT,238906974228,"6,100.60",,60955.82
29/04/26,UPI-Maya Mishra-mayamish76@okaxis-931234750107-CR VIA UPI,314839620178,,"12,950.11",73905.93
30/04/26,ATW-XXXXXX1239-UVH48798-SURAT 419520716658,236220050016,"3,000.00",,70905.93
01/05/26,UPI-Uber India-uber@paytm-315629199148-DR VIA UPI,708749972276,760.35,,70145.58
02/05/26,UPI-Zepto-zepto@apl-470935252728-DR VIA UPI,555435503646,"2,130.41",,68015.17
02/05/26,UPI-Vivek Sharma-vivek515@ibl-306557182232-DR VIA UPI,638500054607,"2,850.81",,65164.36
02/05/26,UPI-Isha Naik-ishanaik18@oksbi-780988683824-CR VIA UPI,025649169110,,"8,700.99",73865.35
03/05/26,UPI-Nykaa-nykaa@razorpay-125736329545-DR VIA UPI,762222168528,"4,900.35",,68965.00
03/05/26,ATW-XXXXXX5181-BNI76258-SURAT 932285930331,583903589213,"9,500.00",,59465.00
03/05/26,UPI-Flipkart-flipkart@ybl-843657796954-DR VIA UPI,917114937974,"1,550.51",,57914.49
03/05/26,SALARY-S6635255456703/NEFT/Maruti Suzuki India,200001476285,,"58,831.50",116745.99
04/05/26,ATW-XXXXXX8947-SAW75372-SURAT 359882964748,010199200024,"6,000.00",,110745.99
05/05/26,UPI-Jio Recharge-jio@paytm-077908612591-DR VIA UPI,602643425791,"2,260.96",,108485.03
05/05/26,UPI-Swiggy-swiggy@icici-206715228679-DR VIA UPI,354009735928,"1,390.24",,107094.79
05/05/26,UPI-Zomato-zomato@axisbank-862266666259-DR VIA UPI,094829666638,"1,010.46",,106084.33
06/05/26,ECS-NACH-RNT7788433-RENT MANDATE,429450975319,"15,500.00",,90584.33
06/05/26,ECS-NACH-LN875376599479-Manappuram Finance,822222164636,"14,000.00",,76584.33
06/05/26,POS BRAND FACTORY SURAT,547874248869,"3,750.73",,72833.60
07/05/26,UPI-Uber India-uber@paytm-523044459705-DR VIA UPI,457873050647,"2,620.00",,70213.60
07/05/26,UPI-Paytm Mall-paytm@paytm-616883965123-DR VIA UPI,064919926642,"1,540.21",,68673.39
08/05/26,UPI-Shivam Menon-9317958408@oksbi-067144427219-DR VIA UPI,093766015944,"20,150.56",,48522.83
08/05/26,POS SHELL FUEL STATION SURAT,688638977410,"4,150.94",,44371.89
08/05/26,ATW-XXXXXX5245-MHN49150-SURAT 663800797213,336084105786,"9,500.00",,34871.89
08/05/26,UPI-BigBasket-bigbasket@ybl-652295777864-DR VIA UPI,163201533429,"2,130.89",,32741.00
09/05/26,UPI-Apollo Pharmacy-apollopharmacy@ybl-150247722871-DR VIA UPI,217622827595,"2,740.03",,30000.97
