Bank Name,BANK OF BARODA
Account Number,0678492539681463
Account Holder Name,SNEHA PATEL
Branch,NAVRANGPURA
IFSC Code,BARB0348042
Statement Period,02-12-2024 To 09-05-2026

Date,Description,Ref/ChequeNo,Debit,Credit,Balance
02/12/2024,UPI/DR/259613152558/Uber/PAYTM/uber@paytm/UPI,058614696709,140.68,,1618435.89
04/12/2024,SALARY CREDIT/S6607324935261/Lupin Limited,544714129782,,"59,414.40",1677850.29
05/12/2024,UPI/CR/230203299407/Isha/HDFC/ishatiwa70@pthdfc/UPI,108868932384,,"11,850.41",1689700.70
05/12/2024,UPI/DR/404661125236/Airtel/PAYTM/jio@paytm/UPI,306405904319,959.00,,1688741.70
06/12/2024,UPI/DR/359073225202/Rekha/SBIN/1444668993@ptsbi/UPI,954112922154,"19,300.34",,1669441.36
06/12/2024,UPI/DR/594747990737/Zomato/ICICI/zomato@axisbank/UPI,665864751487,"1,040.68",,1668400.68
06/12/2024,UPI/DR/826017225058/Uber/PAYTM/uber@paytm/UPI,874234404868,770.46,,1667630.22
07/12/2024,UPI/DR/939187697156/Amazon/ICICI/amazon@apl/UPI,618129918779,600.58,,1667029.64
07/12/2024,NACH/MANDATE/RNT8139612/RENT MANDATE,150718084258,"14,500.00",,1652529.64
08/12/2024,UPI/DR/250037341635/1mg/ICICI/tatahealth@icici/UPI,050449438301,910.84,,1651618.80
09/12/2024,UPI/CR/015621227169/Prashant/SBIN/prashant.menon@ptyes/UPI,582379192920,,"17,000.62",1668619.42
09/12/2024,POS BIG BAZAAR GURGAON,688576930407,"3,850.53",,1664768.89
09/12/2024,UPI/DR/134586447080/Ola/PAYTM/olamoney@ola/UPI,773842136170,320.42,,1664448.47
10/12/2024,UPI/DR/795311916778/Ola/ICICI/olamoney@ola/UPI,999371420853,540.20,,1663908.27
10/12/2024,POS PANTALOONS GURGAON,203895391730,"7,450.41",,1656457.86
11/12/2024,UPI/DR/372544476166/PhonePe/ICICI/phonepe@ybl/UPI,395224383535,740.36,,1655717.50
11/12/2024,UPI/DR/216578776298/Aditya/LICI/licindia@licindia/UPI,292914950961,"2,400.00",,1653317.50
12/12/2024,UPI/DR/378934822518/BSNL/ICICI/bsnlbroadband@upi/UPI,860404154779,"1,630.69",,1651686.81
12/12/2024,UPI/DR/528761549884/Jio/ICICI/jio@paytm/UPI,734454019478,840.54,,1650846.27
13/12/2024,NACH/MANDATE/SIP3926850/Mirae Asset MF,655821853958,"15,000.00",,1635846.27
13/12/2024,ATM CASH WITHDRAWAL/97282/GURGAON,978006574968,"2,000.00",,1633846.27
13/12/2024,UPI/CR/789132929129/Shreya/HDFC/shreya826@ptaxis/UPI,669688714760,,"21,500.61",1655346.88
13/12/2024,UPI/DR/494488283911/Swiggy/ICICI/swiggy@icici/UPI,796828295241,"1,040.47",,1654306.41
14/12/2024,UPI/DR/674755980661/Blinkit/ICICI/blinkit@kotak/UPI,608556855837,"1,200.61",,1653105.80
16/12/2024,POS RELIANCE PETROLEUM GURGAON,038527020262,"3,500.90",,1649604.90
16/12/2024,POS VISHAL MEGA MART GURGAON,520612942182,900.55,,1648704.35
16/12/2024,UPI/DR/648709304372/Dunzo/ICICI/dunzo@razorpay/UPI,001179270638,560.87,,1648143.48
17/12/2024,UPI/CR/956484678408/Lata/SBIN/4136877848@ibl/UPI,144684691119,,"18,950.11",1667093.59
17/12/2024,UPI/DR/131432375815/Sanjay/FDRL/sanjay683@upi/UPI,356683373837,"17,550.17",,1649543.42
18/12/2024,UPI/DR/172264263093/BigBasket/ICICI/bigbasket@ybl/UPI,771133237076,"2,150.36",,1647393.06
19/12/2024,UPI/DR/021870085543/Harish/FDRL/harish193@okicici/UPI,594927772651,"10,350.38",,1637042.68
20/12/2024,UPI/DR/630318060123/Dunzo/ICICI/dunzo@razorpay/UPI,257359903299,"2,760.19",,1634282.49
20/12/2024,UPI/DR/733768586825/Airtel/PAYTM/jio@paytm/UPI,955634520328,179.00,,1634103.49
20/12/2024,UPI/DR/825902925962/Airtel/PAYTM/jio@paytm/UPI,136073079604,189.00,,1633914.49
20/12/2024,UPI/CR/647275861501/Mukesh/SBIN/mukeshdas92@oksbi/UPI,979656278055,,"2,150.89",1636065.38
21/12/2024,UPI/DR/164323183202/Indane/ICICI/indanegas@upi/UPI,581526704360,"2,400.55",,1633664.83
22/12/2024,UPI/CR/554703344294/Ashish/SBIN/ashish.tiwari@kotak/UPI,707934981574,,"21,100.03",1654764.86
22/12/2024,UPI/DR/059810175216/Rapido/PAYTM/rapido@icici/UPI,144867993805,490.64,,1654274.22
22/12/2024,UPI/DR/112836912916/Zomato/ICICI/zomato@axisbank/UPI,458156119092,"1,540.39",,1652733.83
23/12/2024,ATM CASH WITHDRAWAL/59885/GURGAON,137611042962,"9,500.00",,1643233.83
23/12/2024,UPI/DR/260793412445/KSEB/UPIN/ksebpayment@upi/UPI,568099068291,"1,700.93",,1641532.90
24/12/2024,UPI/DR/192676366159/Dunzo/ICICI/dunzo@razorpay/UPI,590489741639,"1,520.81",,1640012.09
24/12/2024,UPI/DR/798360024475/Meesho/PAYTM/meesho@ybl/UPI,036722756814,"4,800.70",,1635211.39
24/12/2024,POS LIFESTYLE STORES GURGAON,794756718000,"2,750.36",,1632461.03
25/12/2024,UPI/DR/088623646413/BSNL/RAZORPAY/broadband@paytm/UPI,657024816993,899.00,,1631562.03
25/12/2024,UPI/DR/409454158921/BSNL/ICICI/bsnlbroadband@upi/UPI,932175540874,470.15,,1631091.88
26/12/2024,GST ON CHARGES,664308928671,66.60,,1631025.28
26/12/2024,NEFT/N8138972604213/Cognizant Technology,536830767828,,"8,000.87",1639026.15
26/12/2024,SMS CHARGES,682174421930,370.00,,1638656.15
28/12/2024,INTEREST CREDIT,538462314311,,625.34,1639281.49
28/12/2024,UPI/DR/937897509295/Uber/PAYTM/uber@paytm/UPI,354493188308,220.55,,1639060.94
28/12/2024,POS BHARAT PETROLEUM GURGAON,595223155013,"3,150.38",,1635910.56
29/12/2024,UPI/DR/422227881171/Dunzo/ICICI/dunzo@razorpay/UPI,429443886667,"1,190.07",,1634720.49
30/12/2024,UPI/DR/131770268820/Kavya/UTIB/kavyakulk27@okicici/UPI,562081399355,"13,050.38",,1621670.11
31/12/2024,UPI/CR/951316176532/Seema/HDFC/seema.kulkarni@ybl/UPI,945986162876,,"2,850.73",1624520.84
31/12/2024,UPI/CR/752709031129/Rajan/FDRL/rajan.roy@apl/UPI,495597076042,,"4,900.24",1629421.08
31/12/2024,UPI/CR/230912436645/Shivam/BARB/5854562817@okicici/UPI,345215017075,,"20,500.73",1649921.81
01/01/2025,UPI/DR/951177163179/Rapido/PAYTM/rapido@icici/UPI,265317098683,650.67,,1649271.14
02/01/2025,UPI/DR/389905208864/Nykaa/ICICI/nykaa@razorpay/UPI,082747513151,249.00,,1649022.14
02/01/2025,SALARY CREDIT/S6292292396180/Lupin Limited,151787767167,,"60,838.40",1709860.54
02/01/2025,UPI/CR/699514302839/Pooja/BDBL/4476402214@apl/UPI,272427510555,,"8,950.21",1718810.75
02/01/2025,ATM CASH WITHDRAWAL/57744/GURGAON,030212671332,"7,000.00",,1711810.75
03/01/2025,UPI/DR/931937379897/BSNL/RAZORPAY/broadband@paytm/UPI,333604558435,"1,249.00",,1710561.75
04/01/2025,UPI/DR/275006142146/Ola/PAYTM/olamoney@ola/UPI,906414557753,760.92,,1709800.83
04/01/2025,UPI/DR/031494920034/Uber/PAYTM/uber@paytm/UPI,631046905173,810.50,,1708990.33
05/01/2025,IMPS-831095771315-Babita Mehta,094557633827,"35,600.12",,1673390.21
06/01/2025,NACH/MANDATE/RNT6070731/RENT MANDATE,259042760569,"14,500.00",,1658890.21
06/01/2025,UPI/DR/151770369212/Airtel/PAYTM/jio@paytm/UPI,825772331459,599.00,,1658291.21
07/01/2025,POS MORE SUPER MARKET GURGAON,013863276743,750.71,,1657540.50
07/01/2025,UPI/DR/920708328451/Prashant/UTIB/7085284861@okaxis/UPI,201804485342,"9,450.76",,1648089.74
08/01/2025,POS MORE SUPER MARKET GURGAON,925212484384,"1,450.86",,1646638.88
08/01/2025,UPI/CR/922098144860/Varun/BKID/varunshar53@okhdfcbank/UPI,523569540714,,"6,800.74",1653439.62
08/01/2025,UPI/DR/697626085267/Nykaa/PAYTM/nykaa@razorpay/UPI,957991560901,"3,650.63",,1649788.99
09/01/2025,UPI/DR/371421749515/Nykaa/ICICI/nykaa@razorpay/UPI,212385907256,199.00,,1649589.99
10/01/2025,ATM CASH WITHDRAWAL/62316/GURGAON,017220660672,"1,500.00",,1648089.99
10/01/2025,UPI/DR/003829894300/BSNL/ICICI/bsnlbroadband@upi/UPI,459524274266,"2,010.05",,1646079.94
11/01/2025,NACH/MANDATE/SIP8983141/Mirae Asset MF,447731305379,"15,000.00",,1631079.94
11/01/2025,UPI/DR/823060245889/KSEB/UPIN/ksebpayment@upi/UPI,298416225314,"2,100.79",,1628979.15
11/01/2025,UPI/DR/112674856644/Paytm/ICICI/paytm@paytm/UPI,778490435771,"1,870.97",,1627108.18
12/01/2025,UPI/DR/202016614527/Uber/PAYTM/uber@paytm/UPI,510250067616,570.57,,1626537.61
12/01/2025,ATM CASH WITHDRAWAL/14141/GURGAON,669626222290,"6,000.00",,1620537.61
12/01/2025,POS VISHAL MEGA MART GURGAON,075802437661,900.18,,1619637.43
13/01/2025,ATM CASH WITHDRAWAL/06906/GURGAON,238665658046,"3,000.00",,1616637.43
14/01/2025,UPI/DR/670633137620/Rapido/PAYTM/rapido@icici/UPI,899950054994,700.35,,1615937.08
15/01/2025,UPI/CR/702907742217/Mukesh/UTIB/mukeshyada33@okicici/UPI,326197396994,,"2,950.68",1618887.76
15/01/2025,UPI/DR/336462471180/Mahesh/HDFC/maheshsaxe39@okaxis/UPI,814252567354,"14,400.40",,1604487.36
16/01/2025,UPI/CR/397148634996/Amit/PUNB/amitbaja24@apl/UPI,948793346149,,"8,350.25",1612837.61
16/01/2025,UPI/CR/711855288436/Vikram/UCBA/1292737765@okhdfcbank/UPI,089394065924,,"2,000.67",1614838.28
18/01/2025,UPI/DR/049807345251/BigBasket/ICICI/bigbasket@ybl/UPI,650608351199,200.19,,1614638.09
19/01/2025,UPI/DR/866807644152/Airtel/PAYTM/jio@paytm/UPI,725680821582,419.00,,1614219.09
19/01/2025,POS BIG BAZAAR GURGAON,543591756869,"1,850.67",,1612368.42
20/01/2025,UPI/DR/977236729894/Ola/ICICI/olamoney@ola/UPI,604090451104,610.59,,1611757.83
21/01/2025,UPI/DR/889758139262/Airtel/PAYTM/jio@paytm/UPI,002274659731,299.00,,1611458.83
21/01/2025,UPI/DR/991957729318/Indane/ICICI/indanegas@upi/UPI,367267554645,"2,400.27",,1609058.56
21/01/2025,UPI/DR/703388540125/Dunzo/ICICI/dunzo@razorpay/UPI,889794312260,440.10,,1608618.46
23/01/2025,UPI/DR/930271242862/Amazon/ICICI/amazon@apl/UPI,722008575083,"1,490.63",,1607127.83
25/01/2025,UPI/DR/428013254960/Usha/PUNB/usha921@upi/UPI,406866460046,"16,700.67",,1590427.16
25/01/2025,UPI/DR/674523347776/Paytm/ICICI/paytm@paytm/UPI,289861199978,"1,960.94",,1588466.22
25/01/2025,UPI/DR/306730329752/PhonePe/ICICI/phonepe@ybl/UPI,613188850531,220.82,,1588245.40
25/01/2025,POS RELIANCE PETROLEUM GURGAON,017494438266,"2,550.30",,1585695.10
26/01/2025,UPI/DR/421694571621/Netmeds/ICICI/netmeds@paytm/UPI,994893077088,520.54,,1585174.56
26/01/2025,POS BHARAT PETROLEUM GURGAON,682219859996,"2,300.79",,1582873.77
27/01/2025,UPI/DR/416392248301/Abhishek/BKID/abhishek673@okaxis/UPI,923842419604,"2,850.02",,1580023.75
27/01/2025,UPI/DR/848419629095/Mohit/HDFC/mohit.iyer@ybl/UPI,670074555354,"21,350.78",,1558672.97
28/01/2025,POS CENTRAL MALL GURGAON,573331892940,"4,700.95",,1553972.02
28/01/2025,POS D MART GURGAON,010867228994,"5,600.88",,1548371.14
31/01/2025,UPI/DR/710782029488/Dunzo/ICICI/dunzo@razorpay/UPI,528388747255,"2,170.71",,1546200.43
01/02/2025,UPI/DR/898660475373/Anjali/BKID/6722740082@aubank/UPI,014408831715,"21,500.60",,1524699.83
01/02/2025,UPI/DR/786712082837/Dunzo/ICICI/dunzo@razorpay/UPI,185909076508,"1,260.17",,1523439.66
01/02/2025,POS INDIAN OIL GURGAON,192327966114,"3,550.38",,1519889.28
01/02/2025,UPI/DR/764134303947/Blinkit/ICICI/blinkit@kotak/UPI,005835840156,"2,800.40",,1517088.88
02/02/2025,SALARY CREDIT/S3934170819207/Lupin Limited,392050722606,,"56,117.40",1573206.28
03/02/2025,UPI/DR/863141052373/Airtel/PAYTM/jio@paytm/UPI,975688036781,469.00,,1572737.28
03/02/2025,UPI/DR/633045605837/Ola/PAYTM/olamoney@ola/UPI,911198963158,820.32,,1571916.96
04/02/2025,UPI/DR/057445614718/Airtel/PAYTM/jio@paytm/UPI,095717589563,339.00,,1571577.96
06/02/2025,UPI/DR/645206087189/Rani/KKBK/rani366@okaxis/UPI,387158172888,"13,750.04",,1557827.92
06/02/2025,ATM CASH WITHDRAWAL/75219/GURGAON,757587492704,"9,500.00",,1548327.92
06/02/2025,UPI/DR/013943851068/Sachin/SBIN/sachindube17@okaxis/UPI,836997724159,"18,000.29",,1530327.63
06/02/2025,NACH/MANDATE/RNT9092167/RENT MANDATE,618120474807,"14,500.00",,1515827.63
06/02/2025,UPI/CR/887887052486/Divya/KKBK/divyabaja38@oksbi/UPI,923673333356,,"13,800.84",1529628.47
07/02/2025,ATM CASH WITHDRAWAL/33980/GURGAON,107272477296,"6,500.00",,1523128.47
07/02/2025,UPI/DR/467186439963/Uber/PAYTM/uber@paytm/UPI,389787412288,330.22,,1522798.25
08/02/2025,UPI/DR/961212684971/Deepa/PUNB/deepa441@oksbi/UPI,499456657374,"9,950.58",,1512847.67
09/02/2025,UPI/DR/371234290929/Isha/BKID/0662711474@okaxis/UPI,878321246723,"1,300.90",,1511546.77
09/02/2025,UPI/CR/168713842155/Maya/BDBL/maya373@ptsbi/UPI,573059648381,,"16,600.66",1528147.43
09/02/2025,UPI/CR/234072541875/Isha/SBIN/ishapand92@ptsbi/UPI,095896303401,,"17,800.61",1545948.04
09/02/2025,UPI/DR/333234353465/Dunzo/ICICI/dunzo@razorpay/UPI,397779708347,"1,490.65",,1544457.39
10/02/2025,UPI/DR/494820268447/Zepto/ICICI/zepto@apl/UPI,336788727069,470.02,,1543987.37
10/02/2025,UPI/DR/400132488681/Nisha/HDFC/8665801354@ibl/UPI,253361882607,"3,550.93",,1540436.44
10/02/2025,UPI/DR/919208476751/Ashish/BKID/ashish908@ibl/UPI,498898586351,"5,250.35",,1535186.09
11/02/2025,UPI/CR/958240168591/Ajay/BKID/ajay.saxena@okhdfcbank/UPI,177195999236,,"1,550.16",1536736.25
11/02/2025,UPI/DR/523794454607/Zepto/ICICI/zepto@apl/UPI,454336413557,"1,850.10",,1534886.15
11/02/2025,POS VISHAL MEGA MART GURGAON,517425234087,"4,650.33",,1530235.82
12/02/2025,UPI/DR/317592114468/Flipkart/PAYTM/flipkart@ybl/UPI,070063559963,650.39,,1529585.43
12/02/2025,POS PANTALOONS GURGAON,894890449023,"2,450.52",,1527134.91
13/02/2025,UPI/CR/589043551860/Preeti/SBIN/preeti.reddy@apl/UPI,873673431085,,"5,150.86",1532285.77
13/02/2025,UPI/DR/592441911477/Mohit/SBIN/mohitnair52@ptyes/UPI,772260478788,"14,200.35",,1518085.42
13/02/2025,UPI/DR/274844918092/Rapido/PAYTM/rapido@icici/UPI,410437844992,810.71,,1517274.71
13/02/2025,UPI/CR/057768142351/Mina/UTIB/mina.reddy@axl/UPI,331194665543,,"20,950.23",1538224.94
13/02/2025,UPI/DR/995560688811/Amazon/PAYTM/amazon@apl/UPI,759679770517,"5,050.43",,1533174.51
14/02/2025,UPI/DR/943339861199/Uber/PAYTM/uber@paytm/UPI,978529127024,430.77,,1532743.74
15/02/2025,NACH/MANDATE/SIP3130493/Mirae Asset MF,805701846495,"15,000.00",,1517743.74
16/02/2025,UPI/CR/016849405704/Rani/FDRL/ranithap79@pthdfc/UPI,489116546772,,"5,350.40",1523094.14
17/02/2025,UPI/DR/459468501451/PhonePe/ICICI/phonepe@ybl/UPI,552341728293,"1,980.11",,1521114.03
17/02/2025,ATM CASH WITHDRAWAL/35371/GURGAON,198854819166,"6,500.00",,1514614.03
18/02/2025,UPI/DR/193502796229/Apollo/ICICI/apollopharmacy@ybl/UPI,852198745665,860.32,,1513753.71
18/02/2025,UPI/DR/617937724510/Sumit/FDRL/2962392480@aubank/UPI,701398735007,"10,300.38",,1503453.33
19/02/2025,UPI/DR/488528247302/Airtel/PAYTM/jio@paytm/UPI,173042083516,439.00,,1503014.33
19/02/2025,UPI/DR/166727728230/Kavita/KKBK/kavita.nambiar@upi/UPI,913162318013,"18,800.97",,1484213.36
19/02/2025,UPI/DR/819241818683/BigBasket/ICICI/bigbasket@ybl/UPI,855317713087,530.31,,1483683.05
20/02/2025,POS HP PETROL PUMP GURGAON,287089386644,"2,750.38",,1480932.67
20/02/2025,POS SHELL FUEL STATION GURGAON,447485081766,"2,350.44",,1478582.23
20/02/2025,UPI/DR/254005901005/KSEB/UPIN/ksebpayment@upi/UPI,360100067179,"1,500.95",,1477081.28
21/02/2025,UPI/DR/882161619369/Rapido/PAYTM/rapido@icici/UPI,834703338723,800.79,,1476280.49
21/02/2025,POS BIG BAZAAR GURGAON,345703714448,"7,550.00",,1468730.49
21/02/2025,ATM CASH WITHDRAWAL/53783/GURGAON,348212754743,"5,000.00",,1463730.49
25/02/2025,UPI/DR/365824807934/Paytm/ICICI/paytm@paytm/UPI,753405002810,"1,790.15",,1461940.34
25/02/2025,ATM CASH WITHDRAWAL/47848/GURGAON,061246774768,"10,000.00",,1451940.34
25/02/2025,UPI/CR/177272561707/Santosh/KKBK/santosh703@ptyes/UPI,307349648880,,"9,700.77",1461641.11
26/02/2025,UPI/CR/116365591740/Sanjay/UTIB/sanjay.thapar@ybl/UPI,428494310480,,"19,600.84",1481241.95
26/02/2025,UPI/DR/891773096612/Indane/ICICI/indanegas@upi/UPI,104390799696,"2,350.42",,1478891.53
27/02/2025,UPI/DR/934345172224/Airtel/PAYTM/jio@paytm/UPI,212602217752,879.00,,1478012.53
27/02/2025,UPI/DR/821814360782/Vivek/BKID/vivekpill64@ibl/UPI,834143527727,"20,800.61",,1457211.92
28/02/2025,POS SHOPPERS STOP GURGAON,169074929373,"4,700.04",,1452511.88
28/02/2025,ATM CASH WITHDRAWAL/02812/GURGAON,259926237472,"5,500.00",,1447011.88
28/02/2025,UPI/DR/653530381138/Meesho/PAYTM/meesho@ybl/UPI,984009837681,950.06,,1446061.82
01/03/2025,UPI/DR/664405861063/Uber/PAYTM/uber@paytm/UPI,061892826864,160.59,,1445901.23
01/03/2025,UPI/DR/891900924336/Airtel/PAYTM/jio@paytm/UPI,283147407243,759.00,,1445142.23
02/03/2025,UPI/DR/510557832242/Anil/PUNB/0001162481@oksbi/UPI,360042432546,"2,150.88",,1442991.35
02/03/2025,UPI/DR/454785533362/PhonePe/ICICI/phonepe@ybl/UPI,426661427967,370.66,,1442620.69
02/03/2025,UPI/DR/973144035713/Dinesh/BDBL/1164739010@apl/UPI,406453476127,"15,450.83",,1427169.86
02/03/2025,UPI/DR/074525526020/PhonePe/ICICI/phonepe@ybl/UPI,000499137865,"1,530.38",,1425639.48
02/03/2025,UPI/DR/792310507911/Airtel/PAYTM/jio@paytm/UPI,260761097533,899.00,,1424740.48
03/03/2025,UPI/CR/254253912252/Saurabh/HDFC/saurabhdutt48@ptyes/UPI,772567855118,,"5,600.32",1430340.80
03/03/2025,UPI/DR/756617784353/BSNL/ICICI/bsnlbroadband@upi/UPI,575294176536,"1,470.64",,1428870.16
04/03/2025,UPI/DR/907087768844/Meesho/PAYTM/meesho@ybl/UPI,824866349804,"2,000.17",,1426869.99
04/03/2025,SALARY CREDIT/S1525519146688/Lupin Limited,182170540636,,"59,572.40",1486442.39
05/03/2025,UPI/DR/285806035782/Anita/FDRL/anitaredd65@axl/UPI,274203477253,"19,600.42",,1466841.97
06/03/2025,UPI/DR/263881004406/Uber/ICICI/uber@paytm/UPI,272799915682,760.92,,1466081.05
06/03/2025,UPI/CR/898931582786/Kamal/PUNB/kamal230@aubank/UPI,438530897962,,"1,250.81",1467331.86
06/03/2025,POS RELIANCE MART GURGAON,260114234793,"5,350.40",,1461981.46
06/03/2025,UPI/DR/042019235783/Airtel/PAYTM/jio@paytm/UPI,294213461516,729.00,,1461252.46
06/03/2025,UPI/DR/816299894635/BigBasket/ICICI/bigbasket@ybl/UPI,968534197553,310.30,,1460942.16
07/03/2025,UPI/DR/879622646980/BigBasket/ICICI/bigbasket@ybl/UPI,532145945255,"2,160.25",,1458781.91
07/03/2025,UPI/DR/682548792418/Ola/PAYTM/olamoney@ola/UPI,451087642964,420.77,,1458361.14
08/03/2025,UPI/DR/205527257847/Abhishek/UTIB/abhishek.nambiar@ptaxis/UPI,778174932556,"9,550.79",,1448810.35
09/03/2025,UPI/DR/197986924704/Rapido/PAYTM/rapido@icici/UPI,878482419139,160.15,,1448650.20
09/03/2025,NACH/MANDATE/RNT9731349/RENT MANDATE,174678217832,"14,500.00",,1434150.20
09/03/2025,UPI/DR/112162518638/Aditya/LICI/licindia@licindia/UPI,739176133362,"2,400.00",,1431750.20
09/03/2025,UPI/DR/266956170410/Blinkit/ICICI/blinkit@kotak/UPI,456006774010,"2,700.22",,1429049.98
10/03/2025,UPI/DR/809105395079/BSNL/RAZORPAY/broadband@paytm/UPI,685429563759,749.00,,1428300.98
11/03/2025,POS MORE SUPER MARKET GURGAON,644166028270,"3,800.82",,1424500.16
13/03/2025,UPI/DR/725049569212/KSEB/UPIN/ksebpayment@upi/UPI,061740190983,"1,700.09",,1422800.07
13/03/2025,POS PANTALOONS GURGAON,737933626330,"7,050.18",,1415749.89
14/03/2025,POS D MART GURGAON,615654769859,"5,000.55",,1410749.34
14/03/2025,UPI/DR/663334375230/Uber/ICICI/uber@paytm/UPI,984021848717,730.08,,1410019.26
14/03/2025,NEFT/N0287276974201/Maruti Suzuki India,033417063640,,"6,000.99",1416020.25
15/03/2025,UPI/DR/659607225265/Suresh/UTIB/5830587031@ibl/UPI,874549317143,"5,650.03",,1410370.22
15/03/2025,UPI/DR/242204582164/BigBasket/ICICI/bigbasket@ybl/UPI,492242231496,"2,710.07",,1407660.15
15/03/2025,UPI/CR/992226608630/Vijay/BDBL/vijay313@ptyes/UPI,248916510879,,"15,150.44",1422810.59
15/03/2025,POS RELIANCE PETROLEUM GURGAON,648360887426,"2,500.85",,1420309.74
15/03/2025,UPI/DR/244334362572/Zepto/ICICI/zepto@apl/UPI,406868232929,370.55,,1419939.19
15/03/2025,UPI/DR/390425283801/Ola/PAYTM/olamoney@ola/UPI,859472171844,740.49,,1419198.70
15/03/2025,UPI/DR/598815640931/BSNL/ICICI/bsnlbroadband@upi/UPI,000783573544,"2,630.35",,1416568.35
15/03/2025,UPI/DR/605034278294/Ola/PAYTM/olamoney@ola/UPI,174462122831,680.13,,1415888.22
16/03/2025,NACH/MANDATE/SIP1727263/Mirae Asset MF,370982888646,"15,000.00",,1400888.22
16/03/2025,UPI/DR/731648407226/Zomato/ICICI/zomato@axisbank/UPI,541444958103,"1,310.12",,1399578.10
16/03/2025,UPI/DR/568623470918/Apollo/ICICI/apollopharmacy@ybl/UPI,136140871605,"1,530.64",,1398047.46
17/03/2025,UPI/DR/935982348419/Meesho/PAYTM/meesho@ybl/UPI,720456438752,"5,250.48",,1392796.98
17/03/2025,UPI/DR/678600692234/Amazon/PAYTM/amazon@apl/UPI,983979990614,"1,050.20",,1391746.78
17/03/2025,UPI/DR/232964941847/Prashant/FDRL/prashantsriv47@apl/UPI,397362004506,"17,150.83",,1374595.95
18/03/2025,UPI/DR/305168227957/Nikhil/PUNB/nikhil636@ybl/UPI,160398266734,"1,650.86",,1372945.09
18/03/2025,UPI/DR/152608979465/Pallavi/SBIN/2819776767@okaxis/UPI,361023910072,"4,600.99",,1368344.10
19/03/2025,UPI/DR/937848215302/Ola/ICICI/olamoney@ola/UPI,883185984927,"2,310.30",,1366033.80
19/03/2025,POS BIG BAZAAR GURGAON,937610602522,"5,900.51",,1360133.29
19/03/2025,UPI/CR/870455640792/Vijay/SBIN/vijay479@oksbi/UPI,386122734580,,"15,900.94",1376034.23
19/03/2025,UPI/DR/141981048479/Rapido/PAYTM/rapido@icici/UPI,028823214684,470.76,,1375563.47
19/03/2025,ATM CASH WITHDRAWAL/10022/GURGAON,361512362760,"7,500.00",,1368063.47
21/03/2025,UPI/DR/362378095563/Uber/ICICI/uber@paytm/UPI,665363371279,"1,070.84",,1366992.63
21/03/2025,UPI/DR/394315771192/Airtel/PAYTM/jio@paytm/UPI,176068585646,959.00,,1366033.63
21/03/2025,UPI/DR/761595820180/Geeta/BARB/4946698868@upi/UPI,268974901792,"8,900.63",,1357133.00
22/03/2025,IMPS-025151534078-Kiran Bajaj,625183850016,"38,200.73",,1318932.27
22/03/2025,UPI/DR/808627041951/Amazon/ICICI/amazon@apl/UPI,653597582821,630.74,,1318301.53
23/03/2025,UPI/DR/928536270624/Zomato/ICICI/zomato@axisbank/UPI,395238585377,610.84,,1317690.69
23/03/2025,UPI/DR/311336038747/Varun/PUNB/1818491964@okaxis/UPI,903362256576,"20,350.65",,1297340.04
25/03/2025,UPI/DR/558224457232/Zepto/ICICI/zepto@apl/UPI,102555313791,"2,660.89",,1294679.15
25/03/2025,UPI/DR/424336095618/Radha/KKBK/radha.gupta@ptsbi/UPI,515337847924,"14,100.49",,1280578.66
25/03/2025,UPI/DR/905172607532/BSNL/ICICI/bsnlbroadband@upi/UPI,132052125190,200.87,,1280377.79
25/03/2025,UPI/DR/731269389499/Indane/ICICI/indanegas@upi/UPI,151459152816,"2,500.81",,1277876.98
25/03/2025,UPI/DR/724623603327/Airtel/PAYTM/jio@paytm/UPI,290581713962,629.00,,1277247.98
25/03/2025,ATM CASH WITHDRAWAL/50135/GURGAON,750040950616,"3,000.00",,1274247.98
25/03/2025,UPI/DR/419776494498/Anjali/BKID/anjali926@ptaxis/UPI,169158052241,"14,750.69",,1259497.29
26/03/2025,UPI/DR/435320695248/Kamal/UCBA/kamalsriv12@axl/UPI,862509842202,"11,450.68",,1248046.61
26/03/2025,UPI/DR/857284688285/MakeMyTrip/ICICI/makemytrip@axisbank/UPI,350033027556,549.00,,1247497.61
26/03/2025,UPI/CR/473459145107/Deepa/BDBL/deepa284@ptsbi/UPI,975386317751,,"11,700.81",1259198.42
26/03/2025,POS INDIAN OIL GURGAON,360768259149,"2,600.05",,1256598.37
26/03/2025,INTEREST CREDIT,509740795820,,220.25,1256818.62
27/03/2025,UPI/DR/284140209723/Airtel/PAYTM/jio@paytm/UPI,889053639237,559.00,,1256259.62
29/03/2025,UPI/DR/127649175304/Uber/PAYTM/uber@paytm/UPI,958459561710,700.51,,1255559.11
29/03/2025,UPI/DR/814805658804/Jio/ICICI/jio@paytm/UPI,983970161993,"2,190.60",,1253368.51
29/03/2025,UPI/DR/422610857409/Anjali/KKBK/anjaliverm33@okaxis/UPI,132822375144,"17,950.32",,1235418.19
29/03/2025,UPI/DR/501797842205/Krishna/BKID/krishnasing35@kotak/UPI,448567456915,"15,000.46",,1220417.73
29/03/2025,POS LIFESTYLE STORES GURGAON,417760741450,"6,200.70",,1214217.03
30/03/2025,UPI/DR/349364607894/Maya/PUNB/maya.sen@aubank/UPI,358518797585,"5,750.48",,1208466.55
30/03/2025,UPI/CR/477894851073/Vikas/KKBK/vikas938@okhdfcbank/UPI,275435017151,,"12,500.55",1220967.10
31/03/2025,POS METRO CASH CARRY GURGAON,785354957101,"2,900.14",,1218066.96
01/04/2025,UPI/DR/855254236984/Paytm/ICICI/paytm@paytm/UPI,900117984441,130.67,,1217936.29
01/04/2025,POS BHARAT PETROLEUM GURGAON,272975795906,"2,500.14",,1215436.15
01/04/2025,ATM CASH WITHDRAWAL/29478/GURGAON,755034573436,"6,000.00",,1209436.15
01/04/2025,UPI/CR/278258752338/Kavya/BDBL/8987708086@oksbi/UPI,228221646447,,"1,150.66",1210586.81
01/04/2025,UPI/DR/497352106339/Babita/PUNB/babitamukh62@okicici/UPI,906659887407,"16,400.18",,1194186.63
01/04/2025,UPI/CR/986113620232/Mahesh/UCBA/maheshshar97@ptaxis/UPI,437646303435,,"17,100.02",1211286.65
02/04/2025,SALARY CREDIT/S1307021101094/Lupin Limited,891267416538,,"59,871.40",1271158.05
02/04/2025,POS SHELL FUEL STATION GURGAON,918752099748,"3,700.10",,1267457.95
02/04/2025,UPI/DR/770193165449/Ola/ICICI/olamoney@ola/UPI,052299878966,"1,610.89",,1265847.06
03/04/2025,POS SHOPPERS STOP GURGAON,261266017451,"6,650.65",,1259196.41
03/04/2025,IMPS-574711966844-Mohan Nambiar,447829882750,"22,200.96",,1236995.45
05/04/2025,NACH/MANDATE/RNT2321580/RENT MANDATE,935860617752,"14,500.00",,1222495.45
05/04/2025,POS D MART GURGAON,469038255388,"3,150.32",,1219345.13
05/04/2025,UPI/DR/553507020890/Ola/PAYTM/olamoney@ola/UPI,768794481145,430.42,,1218914.71
05/04/2025,UPI/CR/193052576804/Priya/BDBL/priyadesa37@ybl/UPI,660228787469,,"14,400.11",1233314.82
06/04/2025,UPI/DR/852268284091/Airtel/PAYTM/jio@paytm/UPI,070356517313,509.00,,1232805.82
06/04/2025,ATM CASH WITHDRAWAL/57200/GURGAON,169404220946,"4,500.00",,1228305.82
07/04/2025,UPI/DR/764670803319/Meesho/PAYTM/meesho@ybl/UPI,128718708628,"5,500.13",,1222805.69
08/04/2025,UPI/DR/911900157889/Rahul/SBIN/rahulseth83@okaxis/UPI,420204107013,"1,850.85",,1220954.84
08/04/2025,ATM CASH WITHDRAWAL/55164/GURGAON,287407595706,"4,000.00",,1216954.84
09/04/2025,POS RELIANCE PETROLEUM GURGAON,452614391493,"1,000.65",,1215954.19
09/04/2025,UPI/DR/880717772078/KSEB/UPIN/ksebpayment@upi/UPI,409689282392,"2,350.11",,1213604.08
09/04/2025,UPI/CR/250946025733/Vikas/PUNB/vikas886@upi/UPI,441238186130,,"6,700.88",1220304.96
09/04/2025,UPI/DR/202047679324/Paytm/ICICI/paytm@paytm/UPI,814875139662,"1,820.76",,1218484.20
09/04/2025,UPI/DR/635668042592/BSNL/RAZORPAY/broadband@paytm/UPI,942303412784,849.00,,1217635.20
10/04/2025,POS PANTALOONS GURGAON,403602631654,"7,900.72",,1209734.48
10/04/2025,POS BRAND FACTORY GURGAON,064243149430,"4,700.95",,1205033.53
10/04/2025,UPI/DR/747358432312/Uber/PAYTM/uber@paytm/UPI,585602850660,250.08,,1204783.45
11/04/2025,ATM CASH WITHDRAWAL/43533/GURGAON,356310565877,"10,000.00",,1194783.45
12/04/2025,IMPS-661235574044-Vandana Banerjee,091165767199,"41,900.29",,1152883.16
13/04/2025,UPI/DR/332093310888/Ola/PAYTM/olamoney@ola/UPI,837124103746,520.85,,1152362.31
13/04/2025,UPI/DR/697660542838/Blinkit/ICICI/blinkit@kotak/UPI,626029120487,590.30,,1151772.01
14/04/2025,UPI/DR/207127380277/Zomato/ICICI/zomato@axisbank/UPI,460202359698,"1,280.37",,1150491.64
14/04/2025,UPI/DR/621064038838/Arjun/UCBA/arjun.verma@kotak/UPI,675901827832,"5,150.09",,1145341.55
15/04/2025,POS LIFESTYLE STORES GURGAON,739500869356,"7,250.03",,1138091.52
16/04/2025,UPI/DR/550362989666/Indane/ICICI/indanegas@upi/UPI,737222087065,"1,850.03",,1136241.49
16/04/2025,UPI/DR/084271901907/Myntra/PAYTM/myntra@ybl/UPI,055833604438,"3,650.04",,1132591.45
16/04/2025,POS PANTALOONS GURGAON,263745361343,"1,700.79",,1130890.66
17/04/2025,UPI/DR/464591031461/Airtel/PAYTM/jio@paytm/UPI,805609796406,799.00,,1130091.66
18/04/2025,UPI/DR/948492713310/PhonePe/ICICI/phonepe@ybl/UPI,496607883226,660.93,,1129430.73
18/04/2025,NACH/MANDATE/SIP5884724/Mirae Asset MF,890435296258,"15,000.00",,1114430.73
18/04/2025,UPI/DR/861351695935/BigBasket/ICICI/bigbasket@ybl/UPI,238803861594,600.18,,1113830.55
19/04/2025,UPI/DR/524165472002/Blinkit/ICICI/blinkit@kotak/UPI,770807624085,"2,120.57",,1111709.98
19/04/2025,POS BRAND FACTORY GURGAON,335314508128,450.51,,1111259.47
20/04/2025,ATM CASH WITHDRAWAL/14332/GURGAON,136296673778,"7,000.00",,1104259.47
20/04/2025,UPI/CR/941253963725/Swati/FDRL/swati585@kotak/UPI,080956337842,,"14,000.79",1118260.26
21/04/2025,UPI/DR/135739628881/Jio/ICICI/jio@paytm/UPI,536181865610,"1,920.45",,1116339.81
21/04/2025,UPI/DR/001114155578/Flipkart/ICICI/flipkart@ybl/UPI,207619512644,"1,770.66",,1114569.15
24/04/2025,ATM CASH WITHDRAWAL/47041/GURGAON,862178256433,"8,000.00",,1106569.15
24/04/2025,UPI/DR/541065795315/Ola/ICICI/olamoney@ola/UPI,852943582802,900.37,,1105668.78
25/04/2025,UPI/DR/297487139985/Ola/ICICI/olamoney@ola/UPI,279905002386,"2,100.94",,1103567.84
25/04/2025,NEFT/N3307098875001/Bajaj Auto Ltd,429155387965,,"42,500.03",1146067.87
25/04/2025,UPI/DR/490398812292/Apollo/ICICI/apollopharmacy@ybl/UPI,834607301325,"2,360.78",,1143707.09
25/04/2025,POS SHOPPERS STOP GURGAON,290268408224,"1,250.20",,1142456.89
26/04/2025,UPI/DR/953595775651/BigBasket/ICICI/bigbasket@ybl/UPI,097315636490,"2,060.67",,1140396.22
26/04/2025,UPI/DR/959780769739/BSNL/ICICI/bsnlbroadband@upi/UPI,951401006222,470.21,,1139926.01
26/04/2025,UPI/DR/867144643689/Zepto/ICICI/zepto@apl/UPI,385107926254,"1,580.10",,1138345.91
29/04/2025,UPI/DR/838999892967/Rapido/PAYTM/rapido@icici/UPI,660029481951,450.84,,1137895.07
29/04/2025,UPI/DR/247021421666/Ramesh/BDBL/ramesh916@ptyes/UPI,171717579535,"2,250.16",,1135644.91
30/04/2025,UPI/DR/525907214387/BigBasket/ICICI/bigbasket@ybl/UPI,241016242078,"1,590.33",,1134054.58
01/05/2025,UPI/DR/061290118369/Jio/ICICI/jio@paytm/UPI,374115353854,"1,010.22",,1133044.36
01/05/2025,UPI/CR/634720743329/Rahul/BDBL/rahul.chatterjee@ptyes/UPI,142065623458,,300.68,1133345.04
01/05/2025,UPI/DR/018755756859/Ola/ICICI/olamoney@ola/UPI,873223060739,"1,050.19",,1132294.85
02/05/2025,UPI/DR/299298725588/Sangita/FDRL/sangita915@okhdfcbank/UPI,434825494614,"15,350.55",,1116944.30
02/05/2025,UPI/DR/072654467402/Akash/UTIB/akashtiwa93@apl/UPI,763457603460,"18,550.80",,1098393.50
02/05/2025,POS V MART GURGAON,385375828580,"7,250.36",,1091143.14
03/05/2025,POS VISHAL MEGA MART GURGAON,714661555821,"5,550.98",,1085592.16
03/05/2025,UPI/DR/643128394508/Prashant/UCBA/prashantredd90@aubank/UPI,337967667471,"10,350.96",,1075241.20
03/05/2025,SALARY CREDIT/S8425524517859/Lupin Limited,266713940269,,"57,462.40",1132703.60
05/05/2025,ATM CASH WITHDRAWAL/81304/GURGAON,987636594717,"7,500.00",,1125203.60
06/05/2025,UPI/DR/198064648400/Uber/PAYTM/uber@paytm/UPI,619929884166,280.98,,1124922.62
06/05/2025,UPI/DR/707245041784/Blinkit/ICICI/blinkit@kotak/UPI,291770157599,160.10,,1124762.52
08/05/2025,UPI/DR/914650713548/Ola/ICICI/olamoney@ola/UPI,956696890045,"2,750.89",,1122011.63
08/05/2025,NACH/MANDATE/RNT7253242/RENT MANDATE,876468023950,"14,500.00",,1107511.63
08/05/2025,UPI/DR/627859679028/Airtel/PAYTM/jio@paytm/UPI,178463221083,489.00,,1107022.63
09/05/2025,UPI/DR/692311627676/PhonePe/ICICI/phonepe@ybl/UPI,415361576423,220.60,,1106802.03
10/05/2025,UPI/DR/163757350497/Krishna/SBIN/krishna854@okicici/UPI,587353000294,"14,050.64",,1092751.39
11/05/2025,UPI/DR/041110969968/Indane/ICICI/indanegas@upi/UPI,261930257618,"1,850.35",,1090901.04
11/05/2025,UPI/DR/735430938182/KSEB/UPIN/ksebpayment@upi/UPI,769820380954,"3,650.64",,1087250.40
11/05/2025,POS RELIANCE PETROLEUM GURGAON,657237277288,"3,150.16",,1084100.24
12/05/2025,UPI/DR/669374362515/Uber/PAYTM/uber@paytm/UPI,501811798448,90.28,,1084009.96
12/05/2025,UPI/DR/716323943692/Kiran/HDFC/kiranyada74@aubank/UPI,881589341196,400.74,,1083609.22
12/05/2025,UPI/DR/228460209563/BSNL/RAZORPAY/broadband@paytm/UPI,750774841513,"1,299.00",,1082310.22
14/05/2025,UPI/DR/359876016758/BSNL/ICICI/bsnlbroadband@upi/UPI,034471852932,"2,070.73",,1080239.49
15/05/2025,POS METRO CASH CARRY GURGAON,639923807475,"5,800.06",,1074439.43
15/05/2025,POS STAR BAZAAR GURGAON,816230038568,"3,750.05",,1070689.38
16/05/2025,ATM CASH WITHDRAWAL/59549/GURGAON,268838962100,"6,000.00",,1064689.38
16/05/2025,UPI/DR/660615104598/Airtel/PAYTM/jio@paytm/UPI,140472743058,439.00,,1064250.38
17/05/2025,POS METRO CASH CARRY GURGAON,491983874701,"3,200.37",,1061050.01
17/05/2025,UPI/DR/441093202109/BSNL/ICICI/bsnlbroadband@upi/UPI,744573029990,"1,640.83",,1059409.18
18/05/2025,UPI/DR/956444342977/Anjali/PUNB/anjali.pillai@oksbi/UPI,791347782479,"12,500.74",,1046908.44
18/05/2025,UPI/DR/799964668279/Airtel/PAYTM/jio@paytm/UPI,467636495460,809.00,,1046099.44
18/05/2025,POS BRAND FACTORY GURGAON,756555992053,"5,100.17",,1040999.27
19/05/2025,UPI/DR/364137388408/Anita/HDFC/anita.das@okicici/UPI,919546002231,"11,550.46",,1029448.81
19/05/2025,NACH/MANDATE/SIP7737440/Mirae Asset MF,761689240098,"15,000.00",,1014448.81
20/05/2025,UPI/DR/871736011918/Blinkit/ICICI/blinkit@kotak/UPI,413865344617,"2,230.92",,1012217.89
21/05/2025,UPI/DR/235330583080/Apollo/ICICI/apollopharmacy@ybl/UPI,680255322465,"1,200.81",,1011017.08
21/05/2025,UPI/DR/216202455284/Airtel/PAYTM/jio@paytm/UPI,252233928158,919.00,,1010098.08
21/05/2025,UPI/DR/344355202586/PhonePe/ICICI/phonepe@ybl/UPI,937827855103,"2,350.38",,1007747.70
22/05/2025,UPI/DR/979247975346/Swiggy/ICICI/swiggy@icici/UPI,102231151529,300.58,,1007447.12
22/05/2025,UPI/DR/387680535513/Zepto/ICICI/zepto@apl/UPI,315952679761,"2,340.76",,1005106.36
23/05/2025,UPI/DR/446672264220/Jio/ICICI/jio@paytm/UPI,479242669292,260.70,,1004845.66
23/05/2025,UPI/CR/987309208860/Ajay/BARB/ajaymukh77@ibl/UPI,216048318075,,"20,800.94",1025646.60
23/05/2025,POS V MART GURGAON,536875265496,"2,350.67",,1023295.93
23/05/2025,POS BHARAT PETROLEUM GURGAON,679429900374,"1,100.45",,1022195.48
24/05/2025,UPI/DR/658549109012/BigBasket/ICICI/bigbasket@ybl/UPI,106098624055,"2,390.99",,1019804.49
24/05/2025,UPI/DR/880747134579/Abhishek/BKID/abhishek812@okaxis/UPI,235656769705,"16,800.27",,1003004.22
24/05/2025,UPI/DR/998971411196/Myntra/PAYTM/myntra@ybl/UPI,563587014801,"5,400.25",,997603.97
25/05/2025,UPI/DR/620474651528/Nykaa/PAYTM/nykaa@razorpay/UPI,172051168017,"4,450.55",,993153.42
25/05/2025,UPI/CR/988095317206/Shreya/KKBK/shreya798@aubank/UPI,363707973037,,"20,350.75",1013504.17
26/05/2025,UPI/DR/449999484196/Uber/PAYTM/uber@paytm/UPI,461071424222,370.40,,1013133.77
26/05/2025,UPI/DR/880347272289/Abhishek/PUNB/abhishek.malhotra@axl/UPI,069090280204,"4,450.04",,1008683.73
28/05/2025,UPI/DR/173835950300/Zepto/ICICI/zepto@apl/UPI,480534575807,"1,110.06",,1007573.67
29/05/2025,UPI/DR/024870813949/Rapido/PAYTM/rapido@icici/UPI,119081356658,420.72,,1007152.95
29/05/2025,UPI/DR/757543080187/Brijesh/UTIB/brijeshrao12@upi/UPI,612730242021,"4,650.86",,1002502.09
30/05/2025,UPI/DR/133685590613/PhonePe/ICICI/phonepe@ybl/UPI,842360758508,"2,630.54",,999871.55
30/05/2025,UPI/DR/779097438484/Zepto/ICICI/zepto@apl/UPI,577086798093,150.95,,999720.60
30/05/2025,UPI/DR/702419131192/Jio/ICICI/jio@paytm/UPI,614966318399,"2,700.00",,997020.60
31/05/2025,POS INDIAN OIL GURGAON,601807932779,"2,500.54",,994520.06
31/05/2025,UPI/DR/109913893810/Jio/ICICI/jio@paytm/UPI,516230165685,690.67,,993829.39
31/05/2025,POS RELIANCE PETROLEUM GURGAON,149201753099,"2,150.64",,991678.75
02/06/2025,SALARY CREDIT/S8625021221646/Lupin Limited,245792871552,,"60,123.40",1051802.15
02/06/2025,IMPS-020563730200-Saurabh Khanna,731536159311,"40,000.23",,1011801.92
02/06/2025,UPI/CR/008431141111/Shreya/SBIN/shreya.ahuja@aubank/UPI,621535045913,,"9,100.80",1020902.72
03/06/2025,UPI/CR/876712626413/Anita/PUNB/anita822@okicici/UPI,753096862950,,"5,600.25",1026502.97
03/06/2025,UPI/DR/745490811078/PhonePe/ICICI/phonepe@ybl/UPI,211945898293,"1,730.14",,1024772.83
03/06/2025,POS PANTALOONS GURGAON,709745093168,"1,350.94",,1023421.89
03/06/2025,UPI/CR/602621550605/Rajan/UTIB/3761678887@ibl/UPI,443818731709,,"2,750.35",1026172.24
03/06/2025,NACH/MANDATE/RNT8424431/RENT MANDATE,553293841666,"14,500.00",,1011672.24
04/06/2025,UPI/DR/511781043931/Rapido/PAYTM/rapido@icici/UPI,210975555921,250.83,,1011421.41
05/06/2025,UPI/DR/882836310076/BSNL/RAZORPAY/broadband@paytm/UPI,974781443205,749.00,,1010672.41
05/06/2025,UPI/DR/683499598011/Aditya/LICI/licindia@licindia/UPI,605574509953,"2,400.00",,1008272.41
06/06/2025,UPI/DR/271803385998/Uber/ICICI/uber@paytm/UPI,641206021779,"1,760.85",,1006511.56
06/06/2025,UPI/DR/169643468364/Gaurav/SBIN/gaurav518@ybl/UPI,029133500515,"6,650.69",,999860.87
06/06/2025,POS SHELL FUEL STATION GURGAON,825414538105,"1,150.47",,998710.40
07/06/2025,UPI/DR/426822858064/Rani/PUNB/3071637992@kotak/UPI,376059396766,"2,150.35",,996560.05
08/06/2025,POS V MART GURGAON,932656340122,"6,500.66",,990059.39
10/06/2025,UPI/CR/888814148461/Usha/PUNB/usha.kumar@axl/UPI,853865899022,,"8,900.52",998959.91
10/06/2025,UPI/DR/882578469004/Meena/BDBL/5532581230@okhdfcbank/UPI,414451599271,150.36,,998809.55
10/06/2025,UPI/DR/594567875523/Ola/ICICI/olamoney@ola/UPI,823935301707,"2,110.01",,996699.54
10/06/2025,UPI/DR/299464991494/Lalit/KKBK/lalitchau78@axl/UPI,937020775308,700.92,,995998.62
11/06/2025,UPI/CR/901470119815/Mahesh/FDRL/mahesh303@apl/UPI,459859583121,,"15,050.08",1011048.70
11/06/2025,UPI/DR/558496175490/Ankit/HDFC/8632058993@okicici/UPI,043364706783,"16,100.05",,994948.65
11/06/2025,NACH/MANDATE/SIP7335847/Mirae Asset MF,246558958022,"15,000.00",,979948.65
12/06/2025,UPI/DR/958970212730/Pankaj/SBIN/pankaj925@okaxis/UPI,896053892901,"6,550.94",,973397.71
12/06/2025,ATM CASH WITHDRAWAL/51742/GURGAON,439264947341,"3,500.00",,969897.71
12/06/2025,POS CENTRAL MALL GURGAON,132615521841,"2,300.41",,967597.30
13/06/2025,UPI/DR/831253641597/Uber/PAYTM/uber@paytm/UPI,570543961605,440.91,,967156.39
13/06/2025,UPI/DR/894824495490/KSEB/UPIN/ksebpayment@upi/UPI,230467834307,"2,900.48",,964255.91
14/06/2025,UPI/DR/184738132631/Airtel/PAYTM/jio@paytm/UPI,077138842351,339.00,,963916.91
14/06/2025,ATM CASH WITHDRAWAL/18762/GURGAON,385714521353,"6,500.00",,957416.91
15/06/2025,UPI/DR/572832037168/BSNL/ICICI/bsnlbroadband@upi/UPI,572353264804,370.38,,957046.53
15/06/2025,UPI/DR/713299102516/Uber/ICICI/uber@paytm/UPI,358339580757,"1,150.27",,955896.26
15/06/2025,POS BRAND FACTORY GURGAON,980859780868,"5,600.61",,950295.65
16/06/2025,UPI/DR/843750976506/Siddharth/KKBK/siddharthchop48@ptaxis/UPI,410308741100,"16,200.71",,934094.94
17/06/2025,UPI/DR/305266196452/Indane/ICICI/indanegas@upi/UPI,403270131164,"1,500.63",,932594.31
18/06/2025,UPI/DR/348597944536/Usha/UCBA/ushapati14@pthdfc/UPI,287097691722,"7,300.71",,925293.60
18/06/2025,UPI/DR/991546013046/Uber/PAYTM/uber@paytm/UPI,466172952060,170.60,,925123.00
20/06/2025,ATM CASH WITHDRAWAL/07951/GURGAON,292866032986,"8,500.00",,916623.00
20/06/2025,POS CENTRAL MALL GURGAON,499674283152,"2,100.86",,914522.14
20/06/2025,UPI/DR/232967962517/Uber/ICICI/uber@paytm/UPI,007058938551,980.52,,913541.62
22/06/2025,UPI/DR/489216083776/Airtel/PAYTM/jio@paytm/UPI,195343659344,489.00,,913052.62
23/06/2025,UPI/DR/495195646123/Pallavi/BARB/pallavi641@pthdfc/UPI,360554892289,"15,950.36",,897102.26
23/06/2025,POS HP PETROL PUMP GURGAON,086865050803,"3,150.93",,893951.33
24/06/2025,UPI/DR/713480994843/Meesho/PAYTM/meesho@ybl/UPI,190752097916,"5,300.57",,888650.76
25/06/2025,UPI/DR/748965613120/Saurabh/HDFC/saurabhpill90@okicici/UPI,717421607805,800.84,,887849.92
26/06/2025,UPI/DR/437042466197/Flipkart/ICICI/flipkart@ybl/UPI,048229383944,"2,360.10",,885489.82
26/06/2025,POS LIFESTYLE STORES GURGAON,831951624803,"6,050.58",,879439.24
26/06/2025,NEFT/N5341689659390/Raymond Ltd,169831566538,,"31,000.05",910439.29
26/06/2025,UPI/DR/220000845420/BigBasket/ICICI/bigbasket@ybl/UPI,067770587479,180.19,,910259.10
28/06/2025,INTEREST CREDIT,773195512418,,825.02,911084.12
29/06/2025,UPI/DR/144320344429/Ola/PAYTM/olamoney@ola/UPI,982011586487,420.65,,910663.47
29/06/2025,UPI/DR/171517739788/Nykaa/ICICI/nykaa@razorpay/UPI,456798101535,799.00,,909864.47
30/06/2025,UPI/DR/091679978879/Nikhil/UTIB/6356770314@oksbi/UPI,763959425268,200.78,,909663.69
30/06/2025,UPI/CR/449271984633/Manoj/UTIB/manoj.verma@okhdfcbank/UPI,119238101821,,"16,500.12",926163.81
01/07/2025,SMS CHARGES,917363012396,560.00,,925603.81
01/07/2025,GST ON CHARGES,340633524740,100.80,,925503.01
01/07/2025,UPI/DR/647119073226/Ola/ICICI/olamoney@ola/UPI,776983227327,"2,410.91",,923092.10
01/07/2025,UPI/DR/579971889148/Blinkit/ICICI/blinkit@kotak/UPI,438605955419,"2,480.00",,920612.10
02/07/2025,UPI/DR/739487115935/Tarun/FDRL/tarun313@paytm/UPI,126116130148,"7,250.07",,913362.03
02/07/2025,UPI/CR/110179673714/Sunita/FDRL/1178817156@ybl/UPI,048098839111,,"19,000.11",932362.14
02/07/2025,UPI/DR/134731228646/Amazon/ICICI/amazon@apl/UPI,984407311177,"2,570.88",,929791.26
02/07/2025,SALARY CREDIT/S1962223240919/Lupin Limited,793600328540,,"57,503.40",987294.66
04/07/2025,NACH/MANDATE/RNT6528313/RENT MANDATE,451114944013,"14,500.00",,972794.66
05/07/2025,UPI/DR/420657406430/Jio/ICICI/jio@paytm/UPI,056108636529,"2,250.55",,970544.11
05/07/2025,UPI/DR/109773769660/Zepto/ICICI/zepto@apl/UPI,065753773976,880.03,,969664.08
05/07/2025,UPI/DR/954646897633/Rapido/PAYTM/rapido@icici/UPI,158581523140,860.78,,968803.30
07/07/2025,UPI/DR/450207161677/Mamta/KKBK/1261165781@paytm/UPI,904926521167,"19,550.21",,949253.09
07/07/2025,UPI/CR/668291956148/Maya/FDRL/maya.sen@upi/UPI,165829095696,,"6,200.58",955453.67
09/07/2025,UPI/DR/387689407459/Uber/ICICI/uber@paytm/UPI,655139955674,510.88,,954942.79
10/07/2025,ATM CASH WITHDRAWAL/33134/GURGAON,493887522845,"8,500.00",,946442.79
11/07/2025,UPI/DR/371882685588/Kavya/UTIB/7839498552@axl/UPI,509816921162,"9,100.97",,937341.82
11/07/2025,UPI/DR/259784580464/Siddharth/BDBL/4644505956@ptaxis/UPI,422433808807,"17,950.51",,919391.31
12/07/2025,UPI/DR/770823156499/Kunal/BDBL/kunal.thapar@okaxis/UPI,527219660307,"13,900.45",,905490.86
12/07/2025,UPI/DR/057452462971/Ola/PAYTM/olamoney@ola/UPI,898761301508,330.08,,905160.78
13/07/2025,UPI/DR/479346251233/Deepak/BDBL/deepak.thapar@kotak/UPI,169951993260,"10,400.23",,894760.55
13/07/2025,UPI/DR/513429966304/Indane/ICICI/indanegas@upi/UPI,838803593123,"2,650.93",,892109.62
14/07/2025,UPI/DR/887874395195/Radha/UTIB/radha.joshi@ibl/UPI,474844548821,"11,350.22",,880759.40
14/07/2025,UPI/DR/006005804083/Rapido/PAYTM/rapido@icici/UPI,417739768405,580.38,,880179.02
15/07/2025,UPI/DR/037143913004/KSEB/UPIN/ksebpayment@upi/UPI,960848696932,"3,600.68",,876578.34
15/07/2025,UPI/DR/497301947193/Blinkit/ICICI/blinkit@kotak/UPI,605697964525,"1,100.64",,875477.70
15/07/2025,POS BRAND FACTORY GURGAON,094112540644,"7,350.19",,868127.51
16/07/2025,UPI/DR/706293106438/Zepto/ICICI/zepto@apl/UPI,983617501618,"1,530.11",,866597.40
16/07/2025,NACH/MANDATE/SIP1635838/Mirae Asset MF,112578035804,"15,000.00",,851597.40
17/07/2025,UPI/DR/814110640871/Ola/PAYTM/olamoney@ola/UPI,583432411383,470.83,,851126.57
18/07/2025,UPI/DR/794315145929/BSNL/ICICI/bsnlbroadband@upi/UPI,038161873544,540.65,,850585.92
18/07/2025,ATM CASH WITHDRAWAL/93369/GURGAON,902225645328,"10,000.00",,840585.92
18/07/2025,UPI/DR/500995271306/Sonia/KKBK/sonia.mehta@okicici/UPI,959596113421,"19,750.76",,820835.16
19/07/2025,UPI/CR/071652011376/Babita/FDRL/babitadesa50@okicici/UPI,607770994604,,"9,400.77",830235.93
19/07/2025,UPI/DR/645357316539/Jio/ICICI/jio@paytm/UPI,075072503715,"2,170.76",,828065.17
20/07/2025,UPI/DR/987028133907/BigBasket/ICICI/bigbasket@ybl/UPI,298471007723,340.04,,827725.13
20/07/2025,ATM CASH WITHDRAWAL/42115/GURGAON,195267774100,"3,000.00",,824725.13
20/07/2025,UPI/CR/718294183013/Anil/BARB/anilpand27@aubank/UPI,920877857593,,"4,350.74",829075.87
20/07/2025,UPI/DR/712895876517/BSNL/RAZORPAY/broadband@paytm/UPI,896960978009,899.00,,828176.87
21/07/2025,ATM CASH WITHDRAWAL/67907/GURGAON,563489991952,"4,500.00",,823676.87
22/07/2025,UPI/DR/834171831805/Zomato/ICICI/zomato@axisbank/UPI,765025656494,"1,920.02",,821756.85
23/07/2025,UPI/DR/960226422476/Archana/PUNB/archananair17@paytm/UPI,568380059316,"8,800.32",,812956.53
23/07/2025,UPI/DR/907450969672/Apollo/ICICI/apollopharmacy@ybl/UPI,791184537626,799.00,,812157.53
24/07/2025,UPI/DR/058293385816/Flipkart/PAYTM/flipkart@ybl/UPI,062627596979,"4,900.05",,807257.48
24/07/2025,UPI/DR/892332068268/Jio/ICICI/jio@paytm/UPI,820370291570,620.42,,806637.06
24/07/2025,POS BRAND FACTORY GURGAON,247767302405,450.81,,806186.25
25/07/2025,UPI/DR/110833039519/Ola/PAYTM/olamoney@ola/UPI,037397083116,620.31,,805565.94
26/07/2025,POS BHARAT PETROLEUM GURGAON,395820590082,"2,650.84",,802915.10
26/07/2025,POS PANTALOONS GURGAON,863329799743,"5,500.02",,797415.08
27/07/2025,UPI/DR/499313392652/Zepto/ICICI/zepto@apl/UPI,327109108506,"2,190.60",,795224.48
27/07/2025,UPI/DR/872321320983/Airtel/PAYTM/jio@paytm/UPI,986598382101,489.00,,794735.48
28/07/2025,UPI/DR/157321272171/Amazon/PAYTM/amazon@apl/UPI,526413686875,"1,050.72",,793684.76
28/07/2025,ATM CASH WITHDRAWAL/66674/GURGAON,787347301109,"2,000.00",,791684.76
28/07/2025,UPI/DR/338593754441/PhonePe/ICICI/phonepe@ybl/UPI,985625574709,300.67,,791384.09
29/07/2025,UPI/DR/593929737409/Ola/ICICI/olamoney@ola/UPI,552370254143,"1,580.10",,789803.99
29/07/2025,UPI/DR/361690651242/Airtel/PAYTM/jio@paytm/UPI,423219268670,779.00,,789024.99
29/07/2025,IMPS-781401217366-Sarita Pillai,005555157245,"21,400.96",,767624.03
29/07/2025,UPI/CR/812734100081/Isha/PUNB/isha.pillai@ibl/UPI,415798887289,,"19,250.97",786875.00
29/07/2025,UPI/DR/744112930369/Dunzo/ICICI/dunzo@razorpay/UPI,176692400700,"1,130.18",,785744.82
30/07/2025,POS INDIAN OIL GURGAON,931556786889,"3,000.25",,782744.57
30/07/2025,SMS CHARGES,874828329056,320.00,,782424.57
30/07/2025,GST ON CHARGES,878345313025,57.60,,782366.97
31/07/2025,ATM CASH WITHDRAWAL/14221/GURGAON,280227588007,"7,000.00",,775366.97
31/07/2025,UPI/DR/834395805557/Zomato/ICICI/zomato@axisbank/UPI,693642401234,140.41,,775226.56
01/08/2025,UPI/CR/536391940514/Vishal/BARB/1838328561@ptsbi/UPI,878473483101,,"17,950.04",793176.60
02/08/2025,UPI/DR/300295142585/BSNL/RAZORPAY/broadband@paytm/UPI,564826974764,599.00,,792577.60
02/08/2025,UPI/DR/314617418347/Uber/PAYTM/uber@paytm/UPI,225850652616,700.10,,791877.50
03/08/2025,IMPS-855331584837-Deepa Verma,473388168685,"44,600.88",,747276.62
03/08/2025,UPI/DR/109069279792/Rapido/PAYTM/rapido@icici/UPI,453181360392,790.28,,746486.34
04/08/2025,UPI/DR/372166820881/Blinkit/ICICI/blinkit@kotak/UPI,097892963575,870.62,,745615.72
04/08/2025,UPI/DR/391967237596/Uber/PAYTM/uber@paytm/UPI,290228890007,380.56,,745235.16
04/08/2025,SALARY CREDIT/S1118814864958/Lupin Limited,701332481761,,"58,604.40",803839.56
05/08/2025,UPI/DR/938100998881/Flipkart/ICICI/flipkart@ybl/UPI,078486430733,850.71,,802988.85
05/08/2025,UPI/DR/023088074747/PhonePe/ICICI/phonepe@ybl/UPI,819660929598,"1,460.84",,801528.01
05/08/2025,UPI/DR/464848453408/Uber/PAYTM/uber@paytm/UPI,221070340249,250.85,,801277.16
06/08/2025,UPI/DR/158424240064/Airtel/PAYTM/jio@paytm/UPI,354208958261,949.00,,800328.16
06/08/2025,ATM CASH WITHDRAWAL/85950/GURGAON,530323864490,"7,000.00",,793328.16
06/08/2025,NACH/MANDATE/RNT1940349/RENT MANDATE,368279576167,"14,500.00",,778828.16
07/08/2025,UPI/DR/987567845338/Amazon/PAYTM/amazon@apl/UPI,921685858992,"5,100.07",,773728.09
07/08/2025,UPI/CR/340969322719/Abhishek/UCBA/abhishek.das@pthdfc/UPI,190558263657,,"7,550.48",781278.57
08/08/2025,IMPS-249952867649-Akash Malhotra,598579301680,"14,300.32",,766978.25
08/08/2025,POS METRO CASH CARRY GURGAON,997355087441,"5,800.09",,761178.16
09/08/2025,UPI/DR/086254081221/Jio/ICICI/jio@paytm/UPI,928718916774,"2,340.50",,758837.66
10/08/2025,UPI/DR/898260700238/Rekha/HDFC/rekha158@paytm/UPI,732068520986,"5,550.74",,753286.92
11/08/2025,UPI/DR/013643876432/Amazon/ICICI/amazon@apl/UPI,596966542029,540.44,,752746.48
11/08/2025,UPI/DR/058675853197/Paytm/ICICI/paytm@paytm/UPI,251144989785,"1,330.21",,751416.27
11/08/2025,UPI/DR/839627680514/BigBasket/ICICI/bigbasket@ybl/UPI,631377883427,290.65,,751125.62
12/08/2025,UPI/DR/617217828740/KSEB/UPIN/ksebpayment@upi/UPI,343613123493,"1,600.64",,749524.98
12/08/2025,UPI/DR/409899374078/Sonia/KKBK/sonia.joshi@upi/UPI,134228238795,"1,450.92",,748074.06
12/08/2025,UPI/DR/633229606721/Ritu/PUNB/ritu779@okhdfcbank/UPI,914058613082,"6,650.95",,741423.11
13/08/2025,POS STAR BAZAAR GURGAON,369590480843,"6,400.73",,735022.38
14/08/2025,POS BIG BAZAAR GURGAON,027001459313,"4,500.15",,730522.23
15/08/2025,NACH/MANDATE/SIP0379623/Mirae Asset MF,739634301867,"15,000.00",,715522.23
15/08/2025,UPI/DR/412800748087/Dunzo/ICICI/dunzo@razorpay/UPI,350498028290,"2,230.82",,713291.41
15/08/2025,ATM CASH WITHDRAWAL/92635/GURGAON,001280555273,"8,000.00",,705291.41
18/08/2025,UPI/DR/461828370397/Manish/BARB/manishbose36@kotak/UPI,589253399811,"6,250.44",,699040.97
18/08/2025,UPI/DR/423685829150/Myntra/ICICI/myntra@ybl/UPI,526968195806,649.00,,698391.97
19/08/2025,UPI/CR/807084205621/Radha/UTIB/radha304@pthdfc/UPI,496936519764,,"13,650.63",712042.60
19/08/2025,UPI/DR/331667224856/Indane/ICICI/indanegas@upi/UPI,912531501592,800.13,,711242.47
21/08/2025,UPI/DR/554312578293/Shreya/BARB/shreya585@apl/UPI,007328075459,"10,850.67",,700391.80
21/08/2025,POS SHOPPERS STOP GURGAON,798800081999,"3,200.49",,697191.31
21/08/2025,UPI/DR/815747847669/Airtel/PAYTM/jio@paytm/UPI,675945260127,549.00,,696642.31
22/08/2025,UPI/DR/161600288583/Dunzo/ICICI/dunzo@razorpay/UPI,263376240185,"2,020.80",,694621.51
22/08/2025,UPI/DR/161318239441/Rapido/PAYTM/rapido@icici/UPI,718105401617,140.82,,694480.69
22/08/2025,ATM CASH WITHDRAWAL/64058/GURGAON,875704185324,"2,000.00",,692480.69
23/08/2025,ATM CASH WITHDRAWAL/33913/GURGAON,376063245629,"7,500.00",,684980.69
23/08/2025,UPI/CR/063782804295/Krishna/HDFC/krishnasen21@ibl/UPI,717948158782,,"18,200.49",703181.18
23/08/2025,UPI/DR/378402300521/Uber/PAYTM/uber@paytm/UPI,615788798720,820.26,,702360.92
24/08/2025,UPI/CR/405372420053/Vivek/KKBK/vivek863@ybl/UPI,469503635544,,"15,750.46",718111.38
25/08/2025,POS MAX FASHION GURGAON,534691471705,450.10,,717661.28
26/08/2025,NEFT/N7489476645251/HDFC Life Insurance,104164295809,,"13,000.54",730661.82
26/08/2025,UPI/DR/277192614886/Jio/ICICI/jio@paytm/UPI,848428902774,"2,640.14",,728021.68
26/08/2025,UPI/DR/171497517831/Netmeds/ICICI/netmeds@paytm/UPI,927776719813,"2,840.27",,725181.41
28/08/2025,UPI/DR/426011662461/Flipkart/PAYTM/flipkart@ybl/UPI,264948150800,800.44,,724380.97
29/08/2025,POS CENTRAL MALL GURGAON,385689968508,"6,800.30",,717580.67
29/08/2025,POS BHARAT PETROLEUM GURGAON,668463779138,900.02,,716680.65
30/08/2025,POS BHARAT PETROLEUM GURGAON,866272882662,"2,100.10",,714580.55
30/08/2025,ATM CASH WITHDRAWAL/52855/GURGAON,538365550068,"8,000.00",,706580.55
30/08/2025,UPI/CR/848576649484/Rajesh/BDBL/0158268399@upi/UPI,932414640341,,"16,750.21",723330.76
31/08/2025,UPI/DR/212692521044/Swati/BDBL/swati.pandey@oksbi/UPI,647501559934,"1,100.34",,722230.42
31/08/2025,UPI/CR/124920749715/Pallavi/BARB/pallavi.gupta@aubank/UPI,662378082337,,"7,000.76",729231.18
31/08/2025,POS SHELL FUEL STATION GURGAON,755585587135,"2,950.60",,726280.58
31/08/2025,UPI/DR/171396175184/Zomato/ICICI/zomato@axisbank/UPI,209893726514,180.69,,726099.89
01/09/2025,UPI/DR/373481121012/Ola/ICICI/olamoney@ola/UPI,880792145181,"1,440.27",,724659.62
02/09/2025,UPI/DR/320562201254/Sachin/BDBL/sachinredd79@ybl/UPI,605691975589,"14,850.04",,709809.58
03/09/2025,UPI/DR/747716827057/Varsha/BARB/varsha621@ptsbi/UPI,224824690314,"9,200.28",,700609.30
03/09/2025,UPI/DR/140090405350/Rapido/PAYTM/rapido@icici/UPI,078121479086,100.22,,700509.08
04/09/2025,UPI/CR/319108331381/Maya/BARB/mayadas36@okhdfcbank/UPI,193185467003,,"21,250.89",721759.97
04/09/2025,UPI/CR/598836881247/Kamal/BARB/1082720737@apl/UPI,642290721423,,"21,400.29",743160.26
04/09/2025,UPI/DR/486100013599/Aditya/LICI/licindia@licindia/UPI,957662427195,"2,400.00",,740760.26
05/09/2025,SALARY CREDIT/S0066125370787/Lupin Limited,421746530655,,"59,098.40",799858.66
05/09/2025,UPI/DR/319987868527/Zepto/ICICI/zepto@apl/UPI,939311102863,"1,080.90",,798777.76
05/09/2025,UPI/DR/734881318236/Ola/PAYTM/olamoney@ola/UPI,341023043410,780.41,,797997.35
06/09/2025,UPI/DR/227766441832/Rajan/BKID/rajan.naik@ptsbi/UPI,155382899494,"11,000.27",,786997.08
06/09/2025,UPI/DR/790979832457/Vikas/KKBK/vikas507@ptaxis/UPI,197815686307,"10,800.07",,776197.01
07/09/2025,NEFT/N0457153769233/Dr Reddys Laboratori,727153264090,,"39,500.70",815697.71
09/09/2025,NACH/MANDATE/RNT0262853/RENT MANDATE,368532004531,"14,500.00",,801197.71
09/09/2025,UPI/DR/890889903884/Dunzo/ICICI/dunzo@razorpay/UPI,890529492490,"2,230.14",,798967.57
10/09/2025,ATM CASH WITHDRAWAL/12091/GURGAON,056988375952,"8,000.00",,790967.57
11/09/2025,UPI/DR/174392248406/Jio/ICICI/jio@paytm/UPI,081821544065,"1,880.30",,789087.27
11/09/2025,UPI/DR/834216474572/Airtel/PAYTM/jio@paytm/UPI,416421864113,179.00,,788908.27
12/09/2025,POS STAR BAZAAR GURGAON,293670320007,"2,600.24",,786308.03
12/09/2025,UPI/DR/900791415655/Archana/UTIB/archanapate65@kotak/UPI,793736153757,"18,050.63",,768257.40
13/09/2025,UPI/CR/925035258564/Brijesh/FDRL/brijeshredd14@axl/UPI,924248487693,,"2,350.19",770607.59
13/09/2025,UPI/DR/572640367911/Blinkit/ICICI/blinkit@kotak/UPI,564706112217,"2,660.44",,767947.15
13/09/2025,UPI/DR/762223160572/KSEB/UPIN/ksebpayment@upi/UPI,653495234419,"3,650.12",,764297.03
14/09/2025,POS BHARAT PETROLEUM GURGAON,180491103644,"1,650.01",,762647.02
15/09/2025,IMPS-300454710460-Deepak Ahuja,702526826118,"44,100.14",,718546.88
15/09/2025,UPI/CR/119802434071/Krishna/FDRL/9891195514@ibl/UPI,871576230587,,"13,800.91",732347.79
15/09/2025,UPI/DR/672106797724/Ashish/HDFC/1668162214@kotak/UPI,105088335817,"18,700.31",,713647.48
15/09/2025,NACH/MANDATE/SIP6627571/Mirae Asset MF,982409833713,"15,000.00",,698647.48
15/09/2025,UPI/DR/512540892925/Flipkart/ICICI/flipkart@ybl/UPI,407405131671,"2,080.03",,696567.45
17/09/2025,UPI/DR/102437796927/Uber/ICICI/uber@paytm/UPI,824478189844,"2,510.86",,694056.59
17/09/2025,POS STAR BAZAAR GURGAON,627764524487,"3,000.28",,691056.31
17/09/2025,UPI/DR/180868025691/BSNL/RAZORPAY/broadband@paytm/UPI,850742708788,899.00,,690157.31
18/09/2025,UPI/DR/222204368345/Archana/PUNB/archanashar19@ptsbi/UPI,128326677161,"8,200.35",,681956.96
18/09/2025,UPI/CR/593947805776/Shreya/UTIB/shreya.khanna@axl/UPI,923425396567,,"6,700.53",688657.49
18/09/2025,UPI/DR/172910123583/BSNL/ICICI/bsnlbroadband@upi/UPI,804350438696,"2,490.27",,686167.22
18/09/2025,UPI/DR/370909857292/Usha/UCBA/usha694@okhdfcbank/UPI,353736426196,"4,650.90",,681516.32
18/09/2025,POS INDIAN OIL GURGAON,083887149955,"1,800.54",,679715.78
19/09/2025,POS D MART GURGAON,114509053581,"4,550.72",,675165.06
19/09/2025,UPI/DR/034399907793/Airtel/PAYTM/jio@paytm/UPI,028437865943,429.00,,674736.06
20/09/2025,UPI/DR/596342868454/Uber/ICICI/uber@paytm/UPI,468625343402,270.05,,674466.01
21/09/2025,UPI/CR/676035180134/Santosh/BARB/1509580486@paytm/UPI,370485692010,,"17,850.64",692316.65
22/09/2025,UPI/DR/284599582835/Indane/ICICI/indanegas@upi/UPI,235865375602,"1,450.12",,690866.53
23/09/2025,UPI/DR/916925691080/Arun/KKBK/arunrao17@axl/UPI,099740603111,"4,700.81",,686165.72
23/09/2025,UPI/DR/473139976163/Krishna/HDFC/krishna525@ibl/UPI,143084260067,"21,100.96",,665064.76
23/09/2025,UPI/DR/844583759305/Anil/FDRL/2981954319@ptsbi/UPI,786526573958,300.95,,664763.81
25/09/2025,UPI/DR/719892279145/Dunzo/ICICI/dunzo@razorpay/UPI,467311505726,310.74,,664453.07
25/09/2025,UPI/DR/106419700686/Uber/PAYTM/uber@paytm/UPI,538998562399,810.13,,663642.94
25/09/2025,IMPS-505388971453-Maya Gupta,356972055091,"5,300.22",,658342.72
25/09/2025,POS INDIAN OIL GURGAON,567680495396,800.75,,657541.97
26/09/2025,UPI/DR/927911776330/Vivek/KKBK/vivek.tiwari@apl/UPI,634306058970,"18,550.33",,638991.64
26/09/2025,UPI/CR/663264263729/Rani/KKBK/1769369317@upi/UPI,162793780889,,"17,650.50",656642.14
26/09/2025,UPI/DR/334939399118/Dunzo/ICICI/dunzo@razorpay/UPI,678563774173,"1,130.02",,655512.12
27/09/2025,UPI/DR/039879928136/Flipkart/PAYTM/flipkart@ybl/UPI,078391299117,"1,650.38",,653861.74
28/09/2025,UPI/DR/972497490822/Maya/UTIB/5592469334@paytm/UPI,672659339377,"11,700.48",,642161.26
28/09/2025,INTEREST CREDIT,612684896590,,865.61,643026.87
28/09/2025,ATM CASH WITHDRAWAL/06796/GURGAON,622628020542,"5,500.00",,637526.87
29/09/2025,UPI/DR/833594964037/Apollo/ICICI/apollopharmacy@ybl/UPI,832687635751,"2,550.40",,634976.47
29/09/2025,UPI/DR/652237329405/Blinkit/ICICI/blinkit@kotak/UPI,022270086904,"2,640.82",,632335.65
30/09/2025,UPI/DR/519967087429/Ravi/BDBL/ravishuk17@ptyes/UPI,459861155483,"18,300.55",,614035.10
01/10/2025,ATM CASH WITHDRAWAL/80680/GURGAON,638461591155,"3,000.00",,611035.10
01/10/2025,POS STAR BAZAAR GURGAON,209235349370,"7,350.71",,603684.39
01/10/2025,POS PANTALOONS GURGAON,705044589862,"5,400.56",,598283.83
01/10/2025,UPI/CR/449009767693/Pankaj/SBIN/pankajpati36@upi/UPI,662491377046,,"12,250.73",610534.56
01/10/2025,UPI/CR/197164840344/Mamta/PUNB/mamta.naik@paytm/UPI,270179526346,,"21,350.11",631884.67
02/10/2025,UPI/DR/932573449406/Airtel/PAYTM/jio@paytm/UPI,548616381564,989.00,,630895.67
02/10/2025,UPI/CR/870200325124/Rajan/UCBA/5415890811@apl/UPI,717587406472,,"20,400.21",651295.88
03/10/2025,SALARY CREDIT/S9665126064272/Lupin Limited,063887113527,,"57,456.40",708752.28
03/10/2025,UPI/CR/287831335064/Akash/KKBK/akash.desai@ptaxis/UPI,975561797460,,"18,750.79",727503.07
04/10/2025,UPI/DR/318309166147/Airtel/PAYTM/jio@paytm/UPI,988563108555,529.00,,726974.07
04/10/2025,UPI/DR/273812383374/Blinkit/ICICI/blinkit@kotak/UPI,866897983088,470.13,,726503.94
05/10/2025,UPI/CR/068730825772/Sumit/BDBL/sumit146@ybl/UPI,033981326708,,"9,900.86",736404.80
05/10/2025,IMPS-358914372291-Manish Mehta,275908851755,"19,700.24",,716704.56
05/10/2025,NACH/MANDATE/RNT6146862/RENT MANDATE,110068265059,"14,500.00",,702204.56
05/10/2025,UPI/CR/278027618665/Naveen/BKID/naveen.mukherjee@ybl/UPI,791061593314,,"16,650.05",718854.61
05/10/2025,UPI/DR/604138968471/Airtel/PAYTM/jio@paytm/UPI,919192641134,519.00,,718335.61
06/10/2025,UPI/DR/537030167578/Jio/ICICI/jio@paytm/UPI,670535526240,"2,370.47",,715965.14
07/10/2025,UPI/DR/831950799054/Gopal/FDRL/gopal443@okhdfcbank/UPI,354584994694,"1,800.23",,714164.91
07/10/2025,POS BRAND FACTORY GURGAON,125057468350,"3,900.15",,710264.76
08/10/2025,UPI/DR/195082233629/Ola/PAYTM/olamoney@ola/UPI,553128231423,850.72,,709414.04
08/10/2025,UPI/CR/168311460342/Brijesh/PUNB/0223692137@apl/UPI,577654174551,,"8,200.35",717614.39
09/10/2025,POS RELIANCE PETROLEUM GURGAON,239440858880,"2,600.30",,715014.09
09/10/2025,UPI/CR/970234640828/Kiran/FDRL/kiran.singh@pthdfc/UPI,333498280355,,"17,350.47",732364.56
10/10/2025,UPI/DR/748687067993/BSNL/RAZORPAY/broadband@paytm/UPI,611685533919,799.00,,731565.56
11/10/2025,UPI/DR/967480244672/Indane/ICICI/indanegas@upi/UPI,902891825797,"1,100.12",,730465.44
11/10/2025,NACH/MANDATE/SIP4990664/Mirae Asset MF,746535202446,"15,000.00",,715465.44
12/10/2025,UPI/DR/497053149960/KSEB/UPIN/ksebpayment@upi/UPI,791290021415,"2,100.72",,713364.72
12/10/2025,UPI/DR/652150518456/Rapido/PAYTM/rapido@icici/UPI,475482392786,200.88,,713163.84
12/10/2025,UPI/DR/548914848818/Pankaj/HDFC/pankaj645@oksbi/UPI,100440976309,"18,850.15",,694313.69
13/10/2025,POS HP PETROL PUMP GURGAON,954792771392,800.28,,693513.41
13/10/2025,UPI/DR/916791125373/Renu/PUNB/renu510@kotak/UPI,415785365777,"8,500.68",,685012.73
13/10/2025,UPI/DR/455006142667/Flipkart/ICICI/flipkart@ybl/UPI,096554885248,"1,550.79",,683461.94
13/10/2025,UPI/CR/957150390753/Ashish/PUNB/ashishghos87@upi/UPI,538366959241,,"20,100.72",703562.66
14/10/2025,UPI/DR/131420641092/Ola/PAYTM/olamoney@ola/UPI,368029388943,840.22,,702722.44
15/10/2025,UPI/DR/680346766473/Jyoti/KKBK/3092269208@ptsbi/UPI,396185930167,"4,900.30",,697822.14
15/10/2025,UPI/DR/269602545222/Amazon/PAYTM/amazon@apl/UPI,094789994040,"1,500.34",,696321.80
16/10/2025,UPI/DR/136529259283/Meesho/PAYTM/meesho@ybl/UPI,164286152928,"1,100.50",,695221.30
16/10/2025,UPI/DR/113453213942/Uber/PAYTM/uber@paytm/UPI,442405037712,780.64,,694440.66
16/10/2025,UPI/DR/399093438114/Rohit/KKBK/rohit122@axl/UPI,657320795011,"12,950.63",,681490.03
16/10/2025,POS CENTRAL MALL GURGAON,759723558387,800.68,,680689.35
17/10/2025,POS MAX FASHION GURGAON,323690255726,"4,750.25",,675939.10
17/10/2025,POS BIG BAZAAR GURGAON,289335738994,"7,850.94",,668088.16
17/10/2025,UPI/DR/655210786033/Airtel/PAYTM/jio@paytm/UPI,982432216221,849.00,,667239.16
18/10/2025,UPI/DR/591533985538/Shweta/FDRL/shweta792@upi/UPI,658832581104,"4,950.32",,662288.84
19/10/2025,ATM CASH WITHDRAWAL/02827/GURGAON,319088130419,"2,000.00",,660288.84
19/10/2025,UPI/DR/536927969697/Ajay/SBIN/ajay507@ptsbi/UPI,831655794888,"2,550.26",,657738.58
19/10/2025,UPI/DR/627538437537/Paytm/ICICI/paytm@paytm/UPI,633488804654,"2,360.67",,655377.91
20/10/2025,UPI/DR/105939959387/Zomato/ICICI/zomato@axisbank/UPI,475904580613,"1,380.42",,653997.49
20/10/2025,UPI/DR/845102952162/Apollo/ICICI/apollopharmacy@ybl/UPI,630918380694,449.00,,653548.49
20/10/2025,UPI/DR/791373772366/Amazon/ICICI/amazon@apl/UPI,145004786681,"2,140.13",,651408.36
20/10/2025,UPI/CR/875324863924/Rahul/UCBA/rahulbaja54@pthdfc/UPI,627034909682,,"7,450.92",658859.28
20/10/2025,UPI/DR/043048345902/Flipkart/PAYTM/flipkart@ybl/UPI,859042308671,"4,600.48",,654258.80
22/10/2025,UPI/DR/878013639254/Saurabh/BDBL/saurabh.kumar@okicici/UPI,255140973990,"4,450.89",,649807.91
22/10/2025,UPI/DR/511624276191/Airtel/PAYTM/jio@paytm/UPI,760423851228,559.00,,649248.91
22/10/2025,UPI/DR/647661075683/Uber/PAYTM/uber@paytm/UPI,387899101732,550.30,,648698.61
24/10/2025,UPI/CR/822634802679/Himanshu/BARB/himanshu.kulkarni@upi/UPI,338165080319,,"3,050.49",651749.10
24/10/2025,UPI/DR/709090714413/Zepto/ICICI/zepto@apl/UPI,123992782103,"2,550.10",,649199.00
24/10/2025,ATM CASH WITHDRAWAL/47160/GURGAON,971006808539,"7,000.00",,642199.00
25/10/2025,POS INDIAN OIL GURGAON,447362714104,"3,500.28",,638698.72
25/10/2025,UPI/DR/035519388462/1mg/ICICI/tatahealth@icici/UPI,369534039699,"1,820.53",,636878.19
26/10/2025,UPI/DR/456740797239/BigBasket/ICICI/bigbasket@ybl/UPI,754959976004,160.46,,636717.73
26/10/2025,UPI/DR/558204113178/Rajesh/FDRL/rajesh.shah@axl/UPI,665226914665,"1,300.11",,635417.62
26/10/2025,UPI/DR/980720138873/Swiggy/ICICI/swiggy@icici/UPI,708562120835,790.55,,634627.07
26/10/2025,UPI/DR/619939172411/BigBasket/ICICI/bigbasket@ybl/UPI,115639275364,"2,390.00",,632237.07
27/10/2025,POS RELIANCE MART GURGAON,609550650863,"6,350.00",,625887.07
29/10/2025,UPI/DR/035283631413/Himanshu/KKBK/himanshu199@okaxis/UPI,634809803767,"18,550.22",,607336.85
30/10/2025,ATM CASH WITHDRAWAL/66689/GURGAON,272189847507,"3,500.00",,603836.85
31/10/2025,SMS CHARGES,445694867510,190.00,,603646.85
31/10/2025,UPI/DR/708654060606/Dinesh/SBIN/2278820230@oksbi/UPI,290015901014,"6,600.54",,597046.31
31/10/2025,GST ON CHARGES,990991191841,34.20,,597012.11
31/10/2025,POS SHELL FUEL STATION GURGAON,729346364926,"3,800.77",,593211.34
01/11/2025,POS D MART GURGAON,673597424210,"7,700.83",,585510.51
02/11/2025,UPI/CR/645474646367/Ankit/FDRL/ankitiyer34@ptyes/UPI,580008964335,,"21,150.14",606660.65
02/11/2025,UPI/CR/777680386447/Pankaj/PUNB/pankajiyer51@ybl/UPI,823626108950,,"10,250.34",616910.99
02/11/2025,SALARY CREDIT/S4894830375245/Lupin Limited,531884209435,,"59,799.40",676710.39
03/11/2025,UPI/DR/278653752264/Dunzo/ICICI/dunzo@razorpay/UPI,054767569537,"1,370.90",,675339.49
03/11/2025,NACH/MANDATE/RNT6277697/RENT MANDATE,451189023850,"14,500.00",,660839.49
04/11/2025,POS LIFESTYLE STORES GURGAON,302041802184,"3,100.23",,657739.26
05/11/2025,POS INDIAN OIL GURGAON,969566130348,"1,950.15",,655789.11
05/11/2025,UPI/DR/489645258230/BSNL/RAZORPAY/broadband@paytm/UPI,593320519593,399.00,,655390.11
05/11/2025,ATM CASH WITHDRAWAL/45590/GURGAON,660723424267,"9,500.00",,645890.11
05/11/2025,POS STAR BAZAAR GURGAON,349916916325,"4,650.93",,641239.18
06/11/2025,UPI/DR/601116628863/Rapido/PAYTM/rapido@icici/UPI,073414231108,220.92,,641018.26
06/11/2025,UPI/DR/514067998076/PhonePe/ICICI/phonepe@ybl/UPI,976653680161,130.98,,640887.28
07/11/2025,UPI/DR/859619201892/Swiggy/ICICI/swiggy@icici/UPI,003897745518,860.87,,640026.41
09/11/2025,UPI/DR/957849190916/Shivam/PUNB/shivam.kumar@okhdfcbank/UPI,107473008422,"3,450.45",,636575.96
11/11/2025,UPI/DR/617085397756/Ola/ICICI/olamoney@ola/UPI,478852019281,400.41,,636175.55
11/11/2025,UPI/DR/776045823332/KSEB/UPIN/ksebpayment@upi/UPI,842784987504,750.96,,635424.59
11/11/2025,UPI/DR/973979064587/Tarun/BKID/tarun.saxena@okaxis/UPI,519349286686,"16,700.49",,618724.10
12/11/2025,UPI/DR/216091437019/Uber/ICICI/uber@paytm/UPI,267836781028,150.67,,618573.43
12/11/2025,UPI/DR/672665418967/Uber/PAYTM/uber@paytm/UPI,362020120532,660.59,,617912.84
12/11/2025,POS BHARAT PETROLEUM GURGAON,206878629325,"1,650.49",,616262.35
14/11/2025,UPI/CR/360917584310/Jyoti/SBIN/jyoti775@ptaxis/UPI,166367725446,,"3,100.65",619363.00
14/11/2025,UPI/DR/966188610171/Meesho/PAYTM/meesho@ybl/UPI,856316988395,"3,150.96",,616212.04
14/11/2025,UPI/DR/608150786655/Paytm/ICICI/paytm@paytm/UPI,632635931604,"1,330.29",,614881.75
14/11/2025,UPI/DR/222793492809/Amazon/PAYTM/amazon@apl/UPI,674874296104,"4,200.68",,610681.07
15/11/2025,POS BHARAT PETROLEUM GURGAON,226539644034,"3,600.79",,607080.28
15/11/2025,UPI/DR/911291337384/Jio/ICICI/jio@paytm/UPI,855311322618,"1,070.28",,606010.00
15/11/2025,POS BRAND FACTORY GURGAON,328628807605,"7,000.67",,599009.33
15/11/2025,POS MORE SUPER MARKET GURGAON,730179089587,"3,350.81",,595658.52
16/11/2025,UPI/DR/165985385983/Indane/ICICI/indanegas@upi/UPI,806308063671,"2,450.37",,593208.15
16/11/2025,NACH/MANDATE/SIP7548119/Mirae Asset MF,694147753831,"15,000.00",,578208.15
16/11/2025,UPI/DR/137925950543/Airtel/PAYTM/jio@paytm/UPI,661628941396,409.00,,577799.15
17/11/2025,POS HP PETROL PUMP GURGAON,851727075630,"4,150.07",,573649.08
17/11/2025,UPI/DR/102558528499/Sangita/UCBA/sangita618@paytm/UPI,802331948102,"1,950.86",,571698.22
17/11/2025,UPI/DR/612216125263/PhonePe/ICICI/phonepe@ybl/UPI,076606053261,"1,180.59",,570517.63
17/11/2025,ATM CASH WITHDRAWAL/87925/GURGAON,112749923789,"9,500.00",,561017.63
18/11/2025,UPI/DR/674096133872/Kapil/FDRL/kapilkhan82@paytm/UPI,935651813306,"4,500.83",,556516.80
18/11/2025,UPI/DR/304911014821/BSNL/ICICI/bsnlbroadband@upi/UPI,450482896187,"2,350.46",,554166.34
19/11/2025,ATM CASH WITHDRAWAL/17719/GURGAON,840708367650,"2,500.00",,551666.34
19/11/2025,ATM CASH WITHDRAWAL/61069/GURGAON,563547137661,"1,500.00",,550166.34
21/11/2025,UPI/DR/021119382198/BSNL/ICICI/bsnlbroadband@upi/UPI,117640639789,"2,390.80",,547775.54
22/11/2025,UPI/DR/010280783970/Dunzo/ICICI/dunzo@razorpay/UPI,609728235775,360.62,,547414.92
22/11/2025,UPI/DR/543271024329/Zomato/ICICI/zomato@axisbank/UPI,905952505670,"2,110.75",,545304.17
22/11/2025,UPI/DR/635227582630/Blinkit/ICICI/blinkit@kotak/UPI,827649100769,"1,120.97",,544183.20
23/11/2025,UPI/CR/201977727969/Ritu/UCBA/ritu549@paytm/UPI,511588524845,,"10,650.62",554833.82
24/11/2025,UPI/DR/330087938071/Ola/PAYTM/olamoney@ola/UPI,076297348799,680.59,,554153.23
24/11/2025,ATM CASH WITHDRAWAL/71472/GURGAON,618998800876,"1,000.00",,553153.23
25/11/2025,UPI/DR/577115300049/Airtel/PAYTM/jio@paytm/UPI,015880640593,279.00,,552874.23
25/11/2025,UPI/DR/442118712232/Mamta/BARB/mamta726@okhdfcbank/UPI,932094119045,"18,050.68",,534823.55
25/11/2025,IMPS-299454236401-Mahesh Nambiar,163713732938,"9,000.31",,525823.24
25/11/2025,UPI/DR/985790176419/BigBasket/ICICI/bigbasket@ybl/UPI,710772032428,"1,290.96",,524532.28
26/11/2025,UPI/DR/625085000267/BigBasket/ICICI/bigbasket@ybl/UPI,074488535658,"2,220.11",,522312.17
26/11/2025,UPI/DR/134461940563/BSNL/ICICI/bsnlbroadband@upi/UPI,093796869054,"2,200.06",,520112.11
27/11/2025,UPI/DR/201022691307/Swiggy/ICICI/swiggy@icici/UPI,921646162211,"2,130.27",,517981.84
28/11/2025,UPI/CR/477421585609/Sunita/PUNB/sunita734@ptyes/UPI,159045898650,,"3,600.47",521582.31
28/11/2025,SMS CHARGES,885662787569,500.00,,521082.31
28/11/2025,GST ON CHARGES,458116088669,90.00,,520992.31
02/12/2025,SALARY CREDIT/S6076047013453/Lupin Limited,003971204529,,"55,521.40",576513.71
02/12/2025,UPI/DR/636629005597/Rapido/PAYTM/rapido@icici/UPI,591973956750,450.83,,576062.88
03/12/2025,UPI/DR/152880834664/BSNL/RAZORPAY/broadband@paytm/UPI,978413122327,"1,149.00",,574913.88
06/12/2025,NACH/MANDATE/RNT1753487/RENT MANDATE,183482489463,"14,500.00",,560413.88
06/12/2025,UPI/DR/285139767765/BSNL/ICICI/bsnlbroadband@upi/UPI,710597591849,"2,030.03",,558383.85
06/12/2025,UPI/DR/536975265190/Sunil/KKBK/sunil482@kotak/UPI,625603682978,"1,400.84",,556983.01
07/12/2025,UPI/DR/026657340013/Ola/ICICI/olamoney@ola/UPI,913241969434,"1,420.01",,555563.00
07/12/2025,UPI/DR/721092332009/Jio/ICICI/jio@paytm/UPI,392866494874,"1,660.60",,553902.40
07/12/2025,ATM CASH WITHDRAWAL/55646/GURGAON,284556443992,"6,500.00",,547402.40
08/12/2025,UPI/DR/565252445667/Kunal/UTIB/8552083633@apl/UPI,762587688993,"4,900.76",,542501.64
09/12/2025,UPI/DR/345807612732/KSEB/UPIN/ksebpayment@upi/UPI,766791026314,"2,450.36",,540051.28
09/12/2025,UPI/DR/875955631036/Ola/PAYTM/olamoney@ola/UPI,712093992920,630.69,,539420.59
09/12/2025,UPI/DR/028156966944/Flipkart/PAYTM/flipkart@ybl/UPI,221705995821,"5,050.32",,534370.27
10/12/2025,UPI/DR/689362746027/Gopal/SBIN/gopal.ahuja@axl/UPI,026635241263,"1,000.34",,533369.93
10/12/2025,UPI/CR/296193744571/Sunil/UTIB/sunil.banerjee@paytm/UPI,609201028602,,"5,500.46",538870.39
10/12/2025,UPI/DR/720550547166/Uber/ICICI/uber@paytm/UPI,737964511325,"1,340.63",,537529.76
10/12/2025,UPI/DR/964573085114/Spotify/ICICI/spotify@icici/UPI,201539452345,249.00,,537280.76
10/12/2025,UPI/DR/658941538122/Airtel/PAYTM/jio@paytm/UPI,391001408961,939.00,,536341.76
11/12/2025,UPI/DR/891905847735/Swiggy/ICICI/swiggy@icici/UPI,602215476791,"1,340.67",,535001.09
11/12/2025,UPI/DR/268881826713/PhonePe/ICICI/phonepe@ybl/UPI,123046903021,"1,770.04",,533231.05
11/12/2025,IMPS-865263906174-Arun Ghosh,310121075545,"6,900.32",,526330.73
12/12/2025,UPI/DR/389034389846/Aditya/LICI/licindia@licindia/UPI,446354966539,"2,400.00",,523930.73
12/12/2025,UPI/DR/578164698814/Dunzo/ICICI/dunzo@razorpay/UPI,254710963847,"1,710.76",,522219.97
12/12/2025,ATM CASH WITHDRAWAL/96001/GURGAON,911944790323,"3,000.00",,519219.97
13/12/2025,POS LIFESTYLE STORES GURGAON,362209158227,"1,950.75",,517269.22
14/12/2025,UPI/CR/961899619143/Sachin/PUNB/5190205479@ptaxis/UPI,950380579342,,"17,100.07",534369.29
15/12/2025,UPI/DR/912282874577/Dunzo/ICICI/dunzo@razorpay/UPI,203761273946,"2,190.93",,532178.36
15/12/2025,UPI/DR/424781989545/Kavita/PUNB/kavita416@okhdfcbank/UPI,441590701825,"12,750.63",,519427.73
15/12/2025,NEFT/N1829782067008/Patni Computer Syste,726171055285,,"48,500.15",567927.88
16/12/2025,UPI/DR/661154367533/Indane/ICICI/indanegas@upi/UPI,476024430876,"2,050.68",,565877.20
16/12/2025,NACH/MANDATE/SIP8225579/Mirae Asset MF,711667444787,"15,000.00",,550877.20
17/12/2025,UPI/DR/680400686941/Zepto/ICICI/zepto@apl/UPI,702794018971,"2,390.10",,548487.10
18/12/2025,POS BIG BAZAAR GURGAON,476077261206,"3,900.96",,544586.14
18/12/2025,UPI/DR/669654039451/Apollo/ICICI/apollopharmacy@ybl/UPI,161644144580,299.00,,544287.14
19/12/2025,UPI/DR/412153329298/Ola/PAYTM/olamoney@ola/UPI,694234286428,170.76,,544116.38
19/12/2025,UPI/DR/649534804177/Flipkart/PAYTM/flipkart@ybl/UPI,284882267408,"3,500.95",,540615.43
21/12/2025,UPI/DR/061615629496/Varun/UCBA/varun643@kotak/UPI,138246218809,"2,300.07",,538315.36
21/12/2025,POS SHELL FUEL STATION GURGAON,284472382709,"3,700.11",,534615.25
22/12/2025,UPI/DR/750735815672/BSNL/ICICI/bsnlbroadband@upi/UPI,267141020819,"1,190.51",,533424.74
23/12/2025,POS MAX FASHION GURGAON,425512621447,"5,850.02",,527574.72
23/12/2025,ATM CASH WITHDRAWAL/22124/GURGAON,589461848464,"1,500.00",,526074.72
24/12/2025,UPI/CR/966133896690/Rani/PUNB/rani551@ptaxis/UPI,362493250453,,"20,850.09",546924.81
24/12/2025,UPI/DR/720822065423/Apollo/ICICI/apollopharmacy@ybl/UPI,698724444924,"3,010.25",,543914.56
25/12/2025,UPI/DR/875111073189/Zomato/ICICI/zomato@axisbank/UPI,068535389687,630.91,,543283.65
25/12/2025,UPI/DR/023080161157/Airtel/PAYTM/jio@paytm/UPI,166307461130,359.00,,542924.65
25/12/2025,UPI/DR/614144909241/BSNL/ICICI/bsnlbroadband@upi/UPI,604123351259,"2,210.91",,540713.74
25/12/2025,UPI/DR/557907813267/BSNL/ICICI/bsnlbroadband@upi/UPI,259113812605,"1,900.55",,538813.19
25/12/2025,UPI/DR/531939017465/Pooja/UCBA/pooja181@pthdfc/UPI,416766177923,"18,950.13",,519863.06
25/12/2025,POS MAX FASHION GURGAON,836894939930,750.67,,519112.39
26/12/2025,POS RELIANCE PETROLEUM GURGAON,210609568656,"1,200.88",,517911.51
26/12/2025,ATM CASH WITHDRAWAL/72720/GURGAON,692013233414,"4,000.00",,513911.51
26/12/2025,UPI/DR/188422424715/Zomato/ICICI/zomato@axisbank/UPI,150670873857,800.83,,513110.68
26/12/2025,UPI/DR/169882977491/Blinkit/ICICI/blinkit@kotak/UPI,108836334308,210.30,,512900.38
27/12/2025,ATM CASH WITHDRAWAL/67983/GURGAON,823083235666,"3,000.00",,509900.38
27/12/2025,INTEREST CREDIT,349016886505,,235.67,510136.05
27/12/2025,POS STAR BAZAAR GURGAON,134092543213,"7,600.11",,502535.94
27/12/2025,UPI/DR/590732216182/Kiran/HDFC/kiran.agarwal@apl/UPI,288934336691,"7,700.01",,494835.93
27/12/2025,UPI/DR/361966778392/Rekha/SBIN/rekha.shukla@axl/UPI,731171034237,"12,900.61",,481935.32
28/12/2025,POS BHARAT PETROLEUM GURGAON,036092796079,"3,850.18",,478085.14
28/12/2025,GST ON CHARGES,066317196451,102.60,,477982.54
28/12/2025,SMS CHARGES,980517477288,570.00,,477412.54
29/12/2025,UPI/DR/454784615891/Blinkit/ICICI/blinkit@kotak/UPI,715289269071,"1,930.94",,475481.60
29/12/2025,UPI/DR/373771449368/Airtel/PAYTM/jio@paytm/UPI,204314587417,609.00,,474872.60
29/12/2025,UPI/CR/394886513131/Abhishek/BDBL/abhishek.mehta@apl/UPI,707195882487,,"3,050.93",477923.53
29/12/2025,UPI/DR/281354467369/Ola/PAYTM/olamoney@ola/UPI,688608940250,860.88,,477062.65
30/12/2025,UPI/CR/628001388941/Dinesh/PUNB/dinesh795@upi/UPI,244481837372,,"7,600.16",484662.81
30/12/2025,UPI/CR/135991328223/Mamta/KKBK/mamta147@paytm/UPI,942871716670,,"18,300.00",502962.81
30/12/2025,UPI/CR/902782950960/Mohan/FDRL/mohan.ahuja@oksbi/UPI,577260521243,,"8,800.32",511763.13
31/12/2025,UPI/DR/908772419051/Mukesh/UCBA/mukesh273@upi/UPI,445607975342,"1,800.62",,509962.51
31/12/2025,UPI/DR/611489080066/Amazon/ICICI/amazon@apl/UPI,843601860141,"1,260.63",,508701.88
31/12/2025,POS HP PETROL PUMP GURGAON,755124487828,"2,300.03",,506401.85
02/01/2026,POS METRO CASH CARRY GURGAON,796018026207,"5,900.95",,500500.90
02/01/2026,UPI/DR/790064834133/Saurabh/FDRL/5443037163@paytm/UPI,892488588073,"10,650.49",,489850.41
02/01/2026,SALARY CREDIT/S8313329441500/Lupin Limited,805340001854,,"56,428.40",546278.81
02/01/2026,POS STAR BAZAAR GURGAON,766932362659,750.36,,545528.45
03/01/2026,UPI/DR/708329194848/Uber/ICICI/uber@paytm/UPI,726699408128,"1,440.39",,544088.06
03/01/2026,UPI/DR/660053699363/Uber/PAYTM/uber@paytm/UPI,893458603838,710.10,,543377.96
04/01/2026,ATM CASH WITHDRAWAL/76713/GURGAON,389494250987,"4,500.00",,538877.96
05/01/2026,UPI/DR/411452037536/Priya/SBIN/priyashar71@ptsbi/UPI,511570749202,"10,150.86",,528727.10
05/01/2026,UPI/DR/837574433562/Kamal/BARB/kamal366@upi/UPI,111523291791,"4,100.81",,524626.29
05/01/2026,UPI/DR/153704577916/Flipkart/ICICI/flipkart@ybl/UPI,042009737308,"1,140.83",,523485.46
06/01/2026,UPI/CR/327378825521/Ramesh/BARB/ramesh.menon@oksbi/UPI,575290869113,,"8,500.74",531986.20
06/01/2026,UPI/CR/481038263194/Amit/BARB/amitroy82@ptsbi/UPI,867191365929,,250.09,532236.29
06/01/2026,NACH/MANDATE/RNT9482965/RENT MANDATE,884755272360,"14,500.00",,517736.29
07/01/2026,UPI/DR/726032646258/PhonePe/ICICI/phonepe@ybl/UPI,353728580733,590.71,,517145.58
07/01/2026,UPI/CR/029019738489/Kapil/UCBA/kapil285@ptsbi/UPI,581037079418,,"9,050.53",526196.11
08/01/2026,UPI/DR/915869303042/Airtel/PAYTM/jio@paytm/UPI,728237373318,179.00,,526017.11
08/01/2026,UPI/DR/730059085516/Jyoti/BDBL/jyoti255@ybl/UPI,981587001117,"1,950.31",,524066.80
08/01/2026,UPI/DR/799784363555/Ola/ICICI/olamoney@ola/UPI,835328139595,"2,780.93",,521285.87
09/01/2026,UPI/DR/750681867825/KSEB/UPIN/ksebpayment@upi/UPI,753812539526,"1,250.26",,520035.61
09/01/2026,UPI/DR/940778837285/Dunzo/ICICI/dunzo@razorpay/UPI,401115391910,"2,130.33",,517905.28
09/01/2026,UPI/DR/242864810299/Amazon/ICICI/amazon@apl/UPI,489705832126,800.15,,517105.13
10/01/2026,UPI/DR/574528610715/BigBasket/ICICI/bigbasket@ybl/UPI,095426438928,"1,010.62",,516094.51
10/01/2026,UPI/DR/435036927342/Amazon/ICICI/amazon@apl/UPI,811341315678,140.99,,515953.52
11/01/2026,UPI/DR/225260611343/Airtel/PAYTM/jio@paytm/UPI,317247606659,999.00,,514954.52
11/01/2026,UPI/DR/688397997460/Dunzo/ICICI/dunzo@razorpay/UPI,592990157905,"2,350.44",,512604.08
11/01/2026,UPI/DR/342454326544/Zepto/ICICI/zepto@apl/UPI,202318318273,"1,350.05",,511254.03
12/01/2026,UPI/DR/320810196773/Naveen/SBIN/naveen.joshi@upi/UPI,180825688644,"14,150.41",,497103.62
12/01/2026,UPI/CR/017333506772/Sunita/KKBK/sunita278@ptaxis/UPI,288045922254,,"7,550.77",504654.39
13/01/2026,UPI/DR/129827084399/Zepto/ICICI/zepto@apl/UPI,237543274711,"2,080.20",,502574.19
14/01/2026,UPI/DR/279908376485/Arjun/UCBA/arjunahuj92@pthdfc/UPI,548530083543,"15,250.52",,487323.67
14/01/2026,ATM CASH WITHDRAWAL/14021/GURGAON,423062730383,"2,000.00",,485323.67
15/01/2026,UPI/DR/191286880981/Saurabh/BARB/saurabhroy43@ibl/UPI,942973413051,"4,200.69",,481122.98
15/01/2026,UPI/DR/616971694641/Uber/PAYTM/uber@paytm/UPI,375215861659,730.99,,480391.99
16/01/2026,UPI/CR/716897457987/Kavya/UCBA/kavya.sharma@okicici/UPI,115892465054,,"18,300.11",498692.10
16/01/2026,POS VISHAL MEGA MART GURGAON,821224719792,"1,700.88",,496991.22
16/01/2026,UPI/DR/790423498265/Indane/ICICI/indanegas@upi/UPI,995568373241,"2,700.79",,494290.43
17/01/2026,NEFT/N9885457618269/Blue Dart Express Lt,323095061123,,"20,500.37",514790.80
17/01/2026,NACH/MANDATE/SIP0742927/Mirae Asset MF,007868169131,"15,000.00",,499790.80
18/01/2026,ATM CASH WITHDRAWAL/28209/GURGAON,017316857628,"10,000.00",,489790.80
18/01/2026,UPI/DR/428332330523/Lata/PUNB/5152123367@okicici/UPI,436961442572,"11,200.07",,478590.73
18/01/2026,UPI/CR/433176088329/Rohit/PUNB/rohitshuk71@paytm/UPI,270234946119,,"9,850.17",488440.90
18/01/2026,POS HP PETROL PUMP GURGAON,413851739766,"3,300.15",,485140.75
19/01/2026,UPI/DR/889233783763/Airtel/PAYTM/jio@paytm/UPI,918370576705,459.00,,484681.75
19/01/2026,UPI/CR/748590189314/Himanshu/PUNB/1454359904@ptsbi/UPI,618493189395,,"3,150.71",487832.46
19/01/2026,UPI/DR/806140307846/Ola/PAYTM/olamoney@ola/UPI,248834336380,510.43,,487322.03
19/01/2026,ATM CASH WITHDRAWAL/28963/GURGAON,401569909567,"1,000.00",,486322.03
20/01/2026,UPI/DR/060645945595/Flipkart/PAYTM/flipkart@ybl/UPI,009109194846,600.19,,485721.84
20/01/2026,UPI/CR/713941584963/Arjun/UTIB/arjun230@okicici/UPI,782407775679,,"1,150.81",486872.65
22/01/2026,UPI/DR/376977307122/Airtel/PAYTM/jio@paytm/UPI,318424803308,689.00,,486183.65
22/01/2026,UPI/DR/216572061310/BigBasket/ICICI/bigbasket@ybl/UPI,265711197178,610.23,,485573.42
22/01/2026,POS INDIAN OIL GURGAON,955244708091,"1,100.41",,484473.01
23/01/2026,UPI/DR/480571574218/Pooja/SBIN/pooja196@okhdfcbank/UPI,970073568378,"17,050.45",,467422.56
25/01/2026,ATM CASH WITHDRAWAL/54913/GURGAON,496998541287,"4,500.00",,462922.56
25/01/2026,UPI/DR/389950044159/Uber/ICICI/uber@paytm/UPI,295344404820,340.98,,462581.58
26/01/2026,UPI/DR/798256871114/Shreya/BARB/shreya.iyer@pthdfc/UPI,482965907449,750.76,,461830.82
26/01/2026,UPI/DR/895790519543/Zepto/ICICI/zepto@apl/UPI,088494006009,"1,990.63",,459840.19
27/01/2026,UPI/DR/721434606927/Zomato/ICICI/zomato@axisbank/UPI,160816752186,"1,220.12",,458620.07
29/01/2026,UPI/DR/865425296792/Amazon/ICICI/amazon@apl/UPI,586209142812,880.36,,457739.71
29/01/2026,POS VISHAL MEGA MART GURGAON,782576033004,"4,100.04",,453639.67
29/01/2026,UPI/CR/512072945980/Akash/BDBL/akash458@aubank/UPI,506416081050,,"15,550.60",469190.27
29/01/2026,UPI/DR/696179932574/Siddharth/SBIN/siddharth.das@apl/UPI,247246740968,"19,550.85",,449639.42
29/01/2026,UPI/CR/765313611035/Tarun/BARB/tarun506@pthdfc/UPI,593253460887,,"20,300.08",469939.50
29/01/2026,UPI/DR/662845211950/Ankit/UTIB/ankit500@ptsbi/UPI,048969844942,"1,350.54",,468588.96
31/01/2026,ATM CASH WITHDRAWAL/89747/GURGAON,360687008884,"9,000.00",,459588.96
01/02/2026,UPI/DR/235909637194/Vandana/HDFC/vandanaiyer60@pthdfc/UPI,041251003465,"3,450.79",,456138.17
01/02/2026,POS VISHAL MEGA MART GURGAON,188589643347,"2,150.44",,453987.73
01/02/2026,UPI/CR/611838449038/Manish/SBIN/manishgupt79@kotak/UPI,455821312967,,"10,900.89",464888.62
02/02/2026,UPI/DR/492296582574/Meesho/PAYTM/meesho@ybl/UPI,596194435007,"1,350.49",,463538.13
02/02/2026,POS STAR BAZAAR GURGAON,867636321914,"5,400.24",,458137.89
03/02/2026,UPI/DR/996099465598/Kavya/SBIN/3661542010@kotak/UPI,916240653379,"2,550.34",,455587.55
03/02/2026,UPI/DR/485097224166/Ravi/UTIB/0774831684@apl/UPI,696088484904,"5,300.25",,450287.30
04/02/2026,UPI/DR/785849099539/Swiggy/ICICI/swiggy@icici/UPI,033976696266,670.54,,449616.76
04/02/2026,POS BIG BAZAAR GURGAON,489723846127,"2,750.62",,446866.14
04/02/2026,SALARY CREDIT/S9308163680502/Lupin Limited,467154918942,,"55,723.40",502589.54
04/02/2026,UPI/DR/771488801723/Kiran/KKBK/kiran.kumar@okaxis/UPI,622257350673,"18,850.83",,483738.71
05/02/2026,UPI/DR/840244468759/Airtel/PAYTM/jio@paytm/UPI,973037375290,449.00,,483289.71
05/02/2026,ATM CASH WITHDRAWAL/42291/GURGAON,335920246939,"6,500.00",,476789.71
05/02/2026,UPI/DR/910937335966/Ola/PAYTM/olamoney@ola/UPI,241681414281,520.43,,476269.28
06/02/2026,UPI/DR/220640201485/Uber/ICICI/uber@paytm/UPI,008449968824,"2,310.06",,473959.22
07/02/2026,UPI/DR/523793199251/BigBasket/ICICI/bigbasket@ybl/UPI,395956502569,"1,080.17",,472879.05
07/02/2026,UPI/DR/985569963003/Maya/BDBL/maya.iyer@ptyes/UPI,236039790794,"9,250.87",,463628.18
08/02/2026,POS SHOPPERS STOP GURGAON,556881058312,"2,950.92",,460677.26
08/02/2026,UPI/DR/431478684966/Rajesh/BARB/rajesh.mukherjee@ptaxis/UPI,911037830812,"16,150.27",,444526.99
09/02/2026,UPI/DR/134480195294/Uber/PAYTM/uber@paytm/UPI,637729170758,220.92,,444306.07
09/02/2026,NACH/MANDATE/RNT8351389/RENT MANDATE,102631928609,"14,500.00",,429806.07
09/02/2026,UPI/DR/904740819861/Airtel/PAYTM/jio@paytm/UPI,585076310672,839.00,,428967.07
10/02/2026,POS STAR BAZAAR GURGAON,053596493311,"7,350.30",,421616.77
11/02/2026,UPI/DR/608932249126/Dunzo/ICICI/dunzo@razorpay/UPI,502945918243,"1,110.42",,420506.35
11/02/2026,UPI/DR/904924498896/Ravi/KKBK/ravi151@ptaxis/UPI,862283250629,"2,500.12",,418006.23
11/02/2026,UPI/DR/991941672668/Ola/PAYTM/olamoney@ola/UPI,024443628910,220.07,,417786.16
12/02/2026,UPI/DR/593023232051/Pooja/BARB/pooja.khanna@ibl/UPI,224742203448,"21,150.06",,396636.10
13/02/2026,POS CENTRAL MALL GURGAON,320196075139,"3,150.67",,393485.43
13/02/2026,UPI/DR/868345190037/BigBasket/ICICI/bigbasket@ybl/UPI,768946860502,"2,010.02",,391475.41
13/02/2026,UPI/DR/558970089556/Jio/ICICI/jio@paytm/UPI,012346174779,"2,290.51",,389184.90
16/02/2026,UPI/DR/610959216282/Hotstar/ICICI/hotstar@hdfcbank/UPI,493566575577,649.00,,388535.90
17/02/2026,POS BHARAT PETROLEUM GURGAON,175659634063,"3,250.22",,385285.68
17/02/2026,UPI/DR/528797460966/BSNL/RAZORPAY/broadband@paytm/UPI,790640114749,949.00,,384336.68
17/02/2026,UPI/CR/147382627521/Rahul/KKBK/rahul451@okhdfcbank/UPI,381778173855,,"8,800.02",393136.70
17/02/2026,POS RELIANCE PETROLEUM GURGAON,174083873789,"2,300.46",,390836.24
17/02/2026,UPI/CR/276239835427/Jyoti/FDRL/jyoti.nambiar@aubank/UPI,390291892031,,"7,100.01",397936.25
17/02/2026,UPI/DR/410919926283/PhonePe/ICICI/phonepe@ybl/UPI,210737964942,"2,360.33",,395575.92
18/02/2026,NACH/MANDATE/SIP9841305/Mirae Asset MF,643046556492,"15,000.00",,380575.92
18/02/2026,UPI/DR/326447273376/Rapido/PAYTM/rapido@icici/UPI,251725926378,290.51,,380285.41
18/02/2026,UPI/DR/574884183419/Rekha/UCBA/rekha431@oksbi/UPI,075428934307,"5,700.39",,374585.02
19/02/2026,UPI/DR/270835082886/Ola/ICICI/olamoney@ola/UPI,283940196827,"2,610.62",,371974.40
20/02/2026,UPI/DR/012448542293/Ola/ICICI/olamoney@ola/UPI,048604395144,280.38,,371694.02
21/02/2026,UPI/DR/324619121557/Indane/ICICI/indanegas@upi/UPI,219397781354,950.90,,370743.12
21/02/2026,UPI/DR/211942576072/Arun/UTIB/9389071384@upi/UPI,690766762761,"8,250.64",,362492.48
21/02/2026,UPI/DR/846859291030/KSEB/UPIN/ksebpayment@upi/UPI,502904681898,"2,600.60",,359891.88
21/02/2026,UPI/DR/132001570499/Girish/BDBL/girishsing93@kotak/UPI,753040169624,"4,000.52",,355891.36
24/02/2026,UPI/CR/792260134975/Poonam/BDBL/poonamsing20@ibl/UPI,736130147731,,"14,300.79",370192.15
25/02/2026,ATM CASH WITHDRAWAL/34360/GURGAON,103312710241,"3,000.00",,367192.15
25/02/2026,UPI/DR/460651924532/Uber/PAYTM/uber@paytm/UPI,414158990543,420.50,,366771.65
26/02/2026,SMS CHARGES,449201152653,560.00,,366211.65
26/02/2026,ATM CASH WITHDRAWAL/74314/GURGAON,513358060751,"7,000.00",,359211.65
26/02/2026,UPI/DR/367876769737/Ola/PAYTM/olamoney@ola/UPI,745020109910,810.80,,358400.85
26/02/2026,GST ON CHARGES,589287423759,100.80,,358300.05
27/02/2026,UPI/DR/783489074128/Sumit/FDRL/sumit301@oksbi/UPI,616783331317,"5,000.88",,353299.17
28/02/2026,UPI/CR/464176593784/Mahesh/BKID/mahesh.iyer@paytm/UPI,148968849376,,"5,600.89",358900.06
28/02/2026,POS BHARAT PETROLEUM GURGAON,469228627982,"2,600.19",,356299.87
01/03/2026,UPI/DR/581049564716/Dunzo/ICICI/dunzo@razorpay/UPI,264926176273,200.94,,356098.93
01/03/2026,UPI/DR/638101631164/Airtel/PAYTM/jio@paytm/UPI,192357885891,949.00,,355149.93
01/03/2026,UPI/DR/052799338198/Dunzo/ICICI/dunzo@razorpay/UPI,498560838206,"2,230.69",,352919.24
02/03/2026,POS PANTALOONS GURGAON,623895079384,"6,150.95",,346768.29
02/03/2026,UPI/DR/512302919165/Swiggy/ICICI/swiggy@icici/UPI,280151823591,800.63,,345967.66
02/03/2026,UPI/DR/855027363903/Renu/FDRL/renu.joshi@ptsbi/UPI,407472672101,"10,800.88",,335166.78
03/03/2026,UPI/DR/751755641902/Amazon/PAYTM/amazon@apl/UPI,614677295028,"4,850.03",,330316.75
03/03/2026,UPI/DR/261044921556/Mamta/PUNB/mamta776@ybl/UPI,850537008938,"3,200.87",,327115.88
03/03/2026,UPI/DR/113045615098/Myntra/PAYTM/myntra@ybl/UPI,106047457025,850.23,,326265.65
03/03/2026,UPI/CR/139721594418/Sonia/HDFC/soniaghos61@okicici/UPI,804384356059,,"4,750.96",331016.61
03/03/2026,UPI/CR/650649795382/Harish/PUNB/harishkapo89@ybl/UPI,100238858545,,950.46,331967.07
03/03/2026,UPI/DR/416218117193/Arjun/HDFC/8350162145@ptaxis/UPI,313608918336,"3,850.24",,328116.83
03/03/2026,UPI/CR/002567014640/Sapna/BKID/sapna.reddy@aubank/UPI,602043272798,,"12,750.52",340867.35
03/03/2026,UPI/DR/903680187577/Kiran/SBIN/kiran698@ybl/UPI,719092891150,"16,450.04",,324417.31
03/03/2026,UPI/CR/285148428896/Suresh/UCBA/suresh119@ptyes/UPI,681020146686,,"15,900.98",340318.29
04/03/2026,UPI/DR/859851674213/Airtel/PAYTM/jio@paytm/UPI,599541075863,449.00,,339869.29
04/03/2026,UPI/CR/624272994421/Sanjay/UTIB/sanjaymeht52@okhdfcbank/UPI,320955629249,,"8,100.03",347969.32
04/03/2026,POS PANTALOONS GURGAON,720487707243,"1,250.01",,346719.31
05/03/2026,UPI/DR/873000213748/Aditya/LICI/licindia@licindia/UPI,984185410539,"2,400.00",,344319.31
05/03/2026,UPI/CR/849496018889/Poonam/KKBK/poonammish73@pthdfc/UPI,267765944122,,"1,800.43",346119.74
05/03/2026,SALARY CREDIT/S1052512287557/Lupin Limited,169303531157,,"55,913.40",402033.14
06/03/2026,POS PANTALOONS GURGAON,334138034236,"5,950.60",,396082.54
07/03/2026,UPI/DR/801834362700/PhonePe/ICICI/phonepe@ybl/UPI,796108673982,"2,040.91",,394041.63
07/03/2026,POS SHELL FUEL STATION GURGAON,842212507910,"2,700.73",,391340.90
07/03/2026,UPI/DR/256796659605/Uber/PAYTM/uber@paytm/UPI,515068247919,360.33,,390980.57
08/03/2026,UPI/DR/156827996637/Rajesh/SBIN/rajesh.kapoor@pthdfc/UPI,135003490024,"17,750.74",,373229.83
09/03/2026,UPI/DR/208929908035/Maya/BKID/mayakulk89@ybl/UPI,631116682441,"11,400.30",,361829.53
09/03/2026,NACH/MANDATE/RNT1764536/RENT MANDATE,073742697503,"14,500.00",,347329.53
09/03/2026,UPI/DR/528034209638/Dunzo/ICICI/dunzo@razorpay/UPI,017987907355,430.60,,346898.93
10/03/2026,POS INDIAN OIL GURGAON,253840928566,"3,350.67",,343548.26
10/03/2026,UPI/DR/062984577372/Blinkit/ICICI/blinkit@kotak/UPI,292394252392,"1,100.10",,342448.16
10/03/2026,UPI/DR/568215482097/Apollo/ICICI/apollopharmacy@ybl/UPI,337673744726,"2,550.32",,339897.84
12/03/2026,UPI/DR/297132042303/Mamta/KKBK/mamtamalh69@paytm/UPI,989243715112,"18,650.18",,321247.66
12/03/2026,UPI/DR/528576443573/Ola/PAYTM/olamoney@ola/UPI,031388276167,230.28,,321017.38
12/03/2026,UPI/DR/479446773621/BSNL/RAZORPAY/broadband@paytm/UPI,866649548026,999.00,,320018.38
12/03/2026,UPI/DR/692487744614/Airtel/PAYTM/jio@paytm/UPI,992622734371,329.00,,319689.38
12/03/2026,UPI/DR/788255941513/Paytm/ICICI/paytm@paytm/UPI,901997678806,"1,210.89",,318478.49
14/03/2026,ATM CASH WITHDRAWAL/37708/GURGAON,316321849253,"9,000.00",,309478.49
14/03/2026,UPI/DR/296109185693/Flipkart/PAYTM/flipkart@ybl/UPI,692629768321,"4,600.28",,304878.21
15/03/2026,NACH/MANDATE/SIP0629291/Mirae Asset MF,029448946862,"15,000.00",,289878.21
15/03/2026,POS INDIAN OIL GURGAON,899623942240,"1,950.71",,287927.50
15/03/2026,UPI/DR/872122545914/Uber/PAYTM/uber@paytm/UPI,125782090973,760.07,,287167.43
16/03/2026,UPI/DR/090733246536/Indane/ICICI/indanegas@upi/UPI,476870323198,"2,250.78",,284916.65
16/03/2026,UPI/CR/058305172259/Nikhil/BDBL/nikhil725@ptsbi/UPI,231152568550,,"7,250.01",292166.66
16/03/2026,UPI/DR/337969519241/BigBasket/ICICI/bigbasket@ybl/UPI,007325953432,"2,210.65",,289956.01
16/03/2026,UPI/DR/041989453024/Uber/PAYTM/uber@paytm/UPI,597903034478,190.93,,289765.08
16/03/2026,ATM CASH WITHDRAWAL/86278/GURGAON,734575462173,"3,000.00",,286765.08
17/03/2026,UPI/DR/381117051343/Dunzo/ICICI/dunzo@razorpay/UPI,317924462104,"2,220.74",,284544.34
18/03/2026,POS HP PETROL PUMP GURGAON,506935487235,"4,150.90",,280393.44
18/03/2026,UPI/DR/900124827938/Vivek/SBIN/vivek.srivastava@axl/UPI,180909751430,"3,750.44",,276643.00
19/03/2026,UPI/CR/909609188425/Sunita/HDFC/sunita.ahuja@ybl/UPI,517950902714,,"17,550.51",294193.51
19/03/2026,UPI/DR/521745855408/Paytm/ICICI/paytm@paytm/UPI,463473867664,"1,330.68",,292862.83
21/03/2026,UPI/DR/945473592146/Blinkit/ICICI/blinkit@kotak/UPI,468863879538,330.47,,292532.36
22/03/2026,POS V MART GURGAON,579577475479,"2,150.90",,290381.46
22/03/2026,UPI/DR/996101558703/KSEB/UPIN/ksebpayment@upi/UPI,913708267543,"1,350.06",,289031.40
23/03/2026,UPI/CR/886527995740/Suresh/UTIB/sureshbose33@pthdfc/UPI,141272882587,,"4,950.21",293981.61
23/03/2026,UPI/DR/650982079989/Amazon/ICICI/amazon@apl/UPI,294486287646,"1,930.33",,292051.28
23/03/2026,UPI/DR/244320885670/Maya/BDBL/maya.thapar@paytm/UPI,109849879019,300.69,,291750.59
23/03/2026,UPI/DR/676279376421/Amazon/ICICI/amazon@apl/UPI,779666678894,330.80,,291419.79
24/03/2026,UPI/DR/438778206308/Dunzo/ICICI/dunzo@razorpay/UPI,254960644940,"1,880.79",,289539.00
24/03/2026,UPI/DR/961251430158/Jio/ICICI/jio@paytm/UPI,368487405670,"1,140.30",,288398.70
24/03/2026,UPI/DR/917967971385/Zepto/ICICI/zepto@apl/UPI,223341923915,"1,550.19",,286848.51
25/03/2026,POS RELIANCE MART GURGAON,891244640597,"1,550.18",,285298.33
26/03/2026,UPI/DR/588799991786/PhonePe/ICICI/phonepe@ybl/UPI,068330625453,320.31,,284978.02
26/03/2026,ATM CASH WITHDRAWAL/88613/GURGAON,747103350925,"5,000.00",,279978.02
27/03/2026,UPI/DR/388142268260/Airtel/PAYTM/jio@paytm/UPI,521949408695,209.00,,279769.02
27/03/2026,INTEREST CREDIT,629315602843,,390.07,280159.09
28/03/2026,UPI/DR/189275587657/Flipkart/ICICI/flipkart@ybl/UPI,264875324796,"2,120.13",,278038.96
28/03/2026,UPI/DR/013183155073/Rapido/PAYTM/rapido@icici/UPI,713362014097,780.44,,277258.52
28/03/2026,POS MAX FASHION GURGAON,081008123920,"6,350.50",,270908.02
29/03/2026,UPI/DR/207868583784/Siddharth/PUNB/siddharth739@okaxis/UPI,361612630042,"16,200.34",,254707.68
29/03/2026,UPI/DR/116376193261/Airtel/PAYTM/jio@paytm/UPI,813030266378,449.00,,254258.68
30/03/2026,UPI/CR/774331654683/Tarun/FDRL/tarun.mishra@apl/UPI,017176125811,,700.46,254959.14
31/03/2026,UPI/DR/147801232771/Swiggy/ICICI/swiggy@icici/UPI,248347854892,"1,590.38",,253368.76
01/04/2026,UPI/DR/562231948610/Uber/PAYTM/uber@paytm/UPI,526248291688,180.07,,253188.69
02/04/2026,UPI/DR/261985311915/Usha/BKID/usha.mishra@kotak/UPI,972969871722,850.95,,252337.74
02/04/2026,UPI/DR/370165822009/Kamal/FDRL/kamal.patel@okaxis/UPI,598236062715,"17,100.74",,235237.00
02/04/2026,ATM CASH WITHDRAWAL/41944/GURGAON,200511710583,"7,500.00",,227737.00
03/04/2026,ATM CASH WITHDRAWAL/94314/GURGAON,828649135316,"8,000.00",,219737.00
03/04/2026,IMPS-514980985016-Krishna Kumar,639461720387,"45,000.52",,174736.48
03/04/2026,UPI/DR/283629524778/Lata/PUNB/1846984212@ybl/UPI,419930793680,"3,350.06",,171386.42
03/04/2026,UPI/DR/225143381032/Ola/PAYTM/olamoney@ola/UPI,062895662926,740.56,,170645.86
04/04/2026,UPI/DR/155092998956/Rapido/PAYTM/rapido@icici/UPI,037894936553,440.18,,170205.68
05/04/2026,UPI/DR/935318711155/Dinesh/BKID/dinesh700@ptsbi/UPI,089511001611,"20,400.85",,149804.83
05/04/2026,POS MORE SUPER MARKET GURGAON,689951705809,"5,000.40",,144804.43
05/04/2026,SALARY CREDIT/S6767878810252/Lupin Limited,658960553357,,"59,061.40",203865.83
05/04/2026,UPI/DR/992407349756/Jio/ICICI/jio@paytm/UPI,397047162882,600.87,,203264.96
06/04/2026,UPI/DR/309027960586/1mg/ICICI/tatahealth@icici/UPI,255465615617,"2,860.95",,200404.01
07/04/2026,UPI/DR/393716457227/Manoj/SBIN/9439406144@oksbi/UPI,943130098250,"6,500.42",,193903.59
07/04/2026,ATM CASH WITHDRAWAL/42510/GURGAON,259008486277,"4,500.00",,189403.59
08/04/2026,UPI/DR/884112645998/Preeti/KKBK/preetipill26@ybl/UPI,838541959824,"9,500.42",,179903.17
09/04/2026,POS LIFESTYLE STORES GURGAON,697498212468,500.25,,179402.92
10/04/2026,UPI/DR/953015172770/Krishna/UTIB/0979241268@ibl/UPI,606897768678,"13,900.05",,165502.87
10/04/2026,NACH/MANDATE/RNT2786262/RENT MANDATE,339300061280,"14,500.00",,151002.87
10/04/2026,UPI/DR/571137774411/Rapido/PAYTM/rapido@icici/UPI,098346954967,550.54,,150452.33
12/04/2026,UPI/CR/159705521970/Seema/UTIB/seema.chatterjee@oksbi/UPI,315596222140,,"5,950.37",156402.70
13/04/2026,POS STAR BAZAAR GURGAON,272780576655,"3,650.91",,152751.79
13/04/2026,POS BRAND FACTORY GURGAON,999568267428,"4,700.15",,148051.64
14/04/2026,UPI/DR/209420187241/Swiggy/ICICI/swiggy@icici/UPI,292442978858,830.38,,147221.26
14/04/2026,POS RELIANCE PETROLEUM GURGAON,045602927638,"3,350.98",,143870.28
14/04/2026,POS V MART GURGAON,326633509209,"6,350.14",,137520.14
15/04/2026,UPI/DR/884787736536/Nykaa/PAYTM/nykaa@razorpay/UPI,322182650154,"1,300.71",,136219.43
16/04/2026,NACH/MANDATE/SIP7870007/Mirae Asset MF,402533855723,"15,000.00",,121219.43
16/04/2026,UPI/DR/358948611628/Indane/ICICI/indanegas@upi/UPI,465041748473,"1,700.09",,119519.34
17/04/2026,ATM CASH WITHDRAWAL/73802/GURGAON,811481630823,"3,000.00",,116519.34
18/04/2026,UPI/CR/298789698650/Shreya/HDFC/shreyasen35@upi/UPI,291360636811,,"11,550.48",128069.82
18/04/2026,UPI/DR/778303144727/Pallavi/UCBA/pallavi.kulkarni@ptaxis/UPI,160818473119,"19,550.28",,108519.54
18/04/2026,UPI/DR/296433844207/Dunzo/ICICI/dunzo@razorpay/UPI,485300048047,590.94,,107928.60
18/04/2026,UPI/DR/523952040111/Meesho/PAYTM/meesho@ybl/UPI,817682880391,"3,050.29",,104878.31
18/04/2026,UPI/DR/726947976651/Zepto/ICICI/zepto@apl/UPI,781650669971,190.45,,104687.86
18/04/2026,UPI/DR/885126514608/Santosh/PUNB/santosh401@ptsbi/UPI,897557890550,"11,650.44",,93037.42
19/04/2026,UPI/DR/806103920493/Airtel/PAYTM/jio@paytm/UPI,407451389410,809.00,,92228.42
19/04/2026,POS BHARAT PETROLEUM GURGAON,386221962653,"4,450.87",,87777.55
19/04/2026,POS MORE SUPER MARKET GURGAON,269808226307,"2,650.06",,85127.49
19/04/2026,UPI/DR/129555797035/Zomato/ICICI/zomato@axisbank/UPI,386681359687,"2,580.64",,82546.85
20/04/2026,UPI/DR/700392004487/Airtel/PAYTM/jio@paytm/UPI,472206985832,769.00,,81777.85
20/04/2026,UPI/DR/962683617690/KSEB/UPIN/ksebpayment@upi/UPI,171937820947,"2,250.57",,79527.28
21/04/2026,UPI/DR/862972047353/Zomato/ICICI/zomato@axisbank/UPI,122308695047,460.02,,79067.26
21/04/2026,POS BHARAT PETROLEUM GURGAON,623853393497,"2,700.25",,76367.01
21/04/2026,UPI/CR/073062795535/Geeta/UTIB/geeta.nambiar@upi/UPI,164047099145,,"10,350.38",86717.39
21/04/2026,UPI/DR/899508187281/Blinkit/ICICI/blinkit@kotak/UPI,344171683585,490.92,,86226.47
21/04/2026,UPI/DR/173547383912/Uber/PAYTM/uber@paytm/UPI,380971520684,320.36,,85906.11
22/04/2026,UPI/DR/228007679861/Amazon/ICICI/amazon@apl/UPI,649200043278,"1,360.98",,84545.13
23/04/2026,UPI/DR/310229279077/Ola/PAYTM/olamoney@ola/UPI,902037069777,210.98,,84334.15
24/04/2026,UPI/DR/731436961994/Paytm/ICICI/paytm@paytm/UPI,471008720772,730.95,,83603.20
25/04/2026,ATM CASH WITHDRAWAL/03758/GURGAON,280506222492,"7,500.00",,76103.20
25/04/2026,UPI/DR/886081767097/Akash/BKID/akash.chatterjee@ptaxis/UPI,073720997421,"7,700.23",,68402.97
26/04/2026,POS RELIANCE MART GURGAON,601356968744,"6,150.37",,62252.60
26/04/2026,UPI/DR/175904983333/Mukesh/UTIB/mukesh557@okaxis/UPI,160857687019,"14,700.70",,47551.90
27/04/2026,UPI/DR/257229539509/Ola/ICICI/olamoney@ola/UPI,539803824985,890.48,,46661.42
27/04/2026,UPI/CR/595502151732/Sumit/SBIN/4420137305@axl/UPI,002609579299,,"13,650.19",60311.61
27/04/2026,UPI/DR/251488003560/Amazon/ICICI/amazon@apl/UPI,556945099740,"2,280.29",,58031.32
28/04/2026,UPI/DR/535284881916/Practo/ICICI/practo@paytm/UPI,408013194058,349.00,,57682.32
28/04/2026,UPI/DR/749842156653/Flipkart/ICICI/flipkart@ybl/UPI,219147672307,"1,990.31",,55692.01
29/04/2026,UPI/DR/872916399393/Airtel/PAYTM/jio@paytm/UPI,342380798444,439.00,,55253.01
01/05/2026,ATM CASH WITHDRAWAL/49673/GURGAON,874714673654,"3,500.00",,51753.01
01/05/2026,UPI/DR/684736030237/Uber/ICICI/uber@paytm/UPI,402317875167,"2,550.97",,49202.04
01/05/2026,POS SHELL FUEL STATION GURGAON,845566934330,"1,750.97",,47451.07
02/05/2026,POS BHARAT PETROLEUM GURGAON,706728547920,"1,600.13",,45850.94
02/05/2026,UPI/CR/613359733724/Meena/PUNB/9920508622@okaxis/UPI,408489489604,,"14,050.19",59901.13
02/05/2026,IMPS-413398431194-Sangita Sethi,197587883343,"19,800.32",,40100.81
02/05/2026,UPI/CR/027085564571/Sangita/UCBA/sangita.reddy@aubank/UPI,953019516586,,"13,900.75",54001.56
04/05/2026,SALARY CREDIT/S4720425014355/Lupin Limited,565941930498,,"58,994.40",112995.96
04/05/2026,POS SHELL FUEL STATION GURGAON,706783245008,"2,450.67",,110545.29
04/05/2026,UPI/DR/406934227928/Airtel/PAYTM/jio@paytm/UPI,852878277530,859.00,,109686.29
05/05/2026,UPI/DR/223048533782/Uber/PAYTM/uber@paytm/UPI,356593150465,130.30,,109555.99
05/05/2026,UPI/DR/204903750480/Vikas/UTIB/8772415299@ptyes/UPI,149609728314,"9,950.08",,99605.91
05/05/2026,UPI/CR/256213410429/Tarun/HDFC/tarunkhan21@pthdfc/UPI,629638597554,,"5,000.52",104606.43
05/05/2026,UPI/DR/366119877835/BSNL/RAZORPAY/broadband@paytm/UPI,487003595636,349.00,,104257.43
05/05/2026,UPI/CR/935067259250/Usha/BARB/ushanamb16@pthdfc/UPI,372713222922,,"4,700.89",108958.32
06/05/2026,ATM CASH WITHDRAWAL/88213/GURGAON,086197052850,"5,500.00",,103458.32
06/05/2026,UPI/DR/732019373196/MakeMyTrip/ICICI/makemytrip@axisbank/UPI,758264440502,649.00,,102809.32
06/05/2026,UPI/DR/873715132114/Rapido/PAYTM/rapido@icici/UPI,680961745653,90.96,,102718.36
07/05/2026,UPI/DR/903503800413/Pooja/UCBA/5017447819@ptyes/UPI,767098250862,200.35,,102518.01
07/05/2026,NACH/MANDATE/RNT1612203/RENT MANDATE,832958047634,"14,500.00",,88018.01
09/05/2026,UPI/CR/027471086527/Divya/PUNB/divya995@kotak/UPI,721549301007,,"16,950.65",104968.66
09/05/2026,POS BIG BAZAAR GURGAON,678159221129,"5,350.95",,99617.71
09/05/2026,UPI/DR/723892139442/Saurabh/HDFC/saurabhroy22@aubank/UPI,265295286597,"19,850.56",,79767.15
