Bank Name,UCO BANK
Account Number,8061995370719974
Account Holder Name,SUMIT GHOSH
Branch,WHITEFIELD
IFSC Code,UCBA0544956
Statement Period,01-12-2024 To 09-05-2026

Date,Description,Ref/ChequeNo,Debit,Credit,Balance
01-12-2024,UPI/DR/198691138647/Jio/ICICI/jio@paytm/UPI,552013664679,"2,670.10",,456514.67
03-12-2024,UPI/DR/116834591247/Pooja/KKBK/3494294179@ptaxis/UPI,081629909878,"5,750.53",,450764.14
03-12-2024,UPI/DR/531490914173/PhonePe/ICICI/phonepe@ybl/UPI,233428828318,"1,220.79",,449543.35
03-12-2024,UPI/CR/094826404111/Mamta/SBIN/mamta.joshi@okaxis/UPI,589981051578,,"21,550.77",471094.12
04-12-2024,UPI/DR/424027667699/Myntra/PAYTM/myntra@ybl/UPI,129821022385,"4,900.27",,466193.85
04-12-2024,POS PANTALOONS HYDERABAD,470008142908,"5,650.07",,460543.78
04-12-2024,POS PANTALOONS HYDERABAD,859050180569,850.47,,459693.31
05-12-2024,UPI/DR/157976724101/Divya/KKBK/divya280@okicici/UPI,063518612653,"6,050.15",,453643.16
05-12-2024,UPI/DR/704682526905/Sangita/BARB/sangita720@upi/UPI,439567162020,750.27,,452892.89
05-12-2024,UPI/DR/344516581895/Rani/UTIB/rani.tiwari@ibl/UPI,623842216937,"15,400.26",,437492.63
05-12-2024,UPI/DR/225920116336/Flipkart/ICICI/flipkart@ybl/UPI,883618363217,"2,480.18",,435012.45
05-12-2024,UPI/DR/543728787049/Amazon/ICICI/amazon@apl/UPI,086967822711,"1,800.79",,433211.66
06-12-2024,UPI/DR/620045352160/Blinkit/ICICI/blinkit@kotak/UPI,342860883374,120.95,,433090.71
06-12-2024,POS HP PETROL PUMP HYDERABA,267886674191,"3,550.14",,429540.57
07-12-2024,SALARY CREDIT/S1389813318206/L&T Infotech Ltd,081535745650,,"127,174.21",556714.78
07-12-2024,UPI/DR/776624360264/Hotstar/ICICI/hotstar@hdfcbank/UPI,734546251225,149.00,,556565.78
07-12-2024,UPI/DR/155900231997/Blinkit/ICICI/blinkit@kotak/UPI,348438035822,"1,460.72",,555105.06
07-12-2024,UPI/DR/813939829894/Flipkart/ICICI/flipkart@ybl/UPI,776144265912,"1,440.13",,553664.93
07-12-2024,UPI/DR/444593349867/Airtel/PAYTM/jio@paytm/UPI,744042170264,969.00,,552695.93
07-12-2024,UPI/DR/774366293519/Kamal/PUNB/kamal803@ptyes/UPI,977748228117,"10,750.55",,541945.38
07-12-2024,UPI/DR/236857543073/Rapido/PAYTM/rapido@icici/UPI,340497875547,650.34,,541295.04
08-12-2024,NACH/MANDATE/RNT2790030/RENT MANDATE,066629236372,"24,500.00",,516795.04
08-12-2024,UPI/DR/818439055803/Prashant/PUNB/prashant.gupta@ptyes/UPI,608021984727,950.15,,515844.89
08-12-2024,UPI/DR/486062222633/Ola/ICICI/olamoney@ola/UPI,345331791986,230.93,,515613.96
09-12-2024,UPI/DR/565779529856/Ankit/SBIN/ankit403@pthdfc/UPI,594308700884,"12,150.89",,503463.07
10-12-2024,NACH/MANDATE/LN347487248518/Manappuram Finance,263084447976,"11,000.00",,492463.07
11-12-2024,UPI/CR/767161803043/Priya/BDBL/priya.kumar@pthdfc/UPI,934676377465,,"8,400.92",500863.99
11-12-2024,UPI/DR/895010020642/Flipkart/ICICI/flipkart@ybl/UPI,039454414417,"2,000.31",,498863.68
12-12-2024,UPI/DR/672502640140/Swiggy/ICICI/swiggy@icici/UPI,004601806359,"1,370.69",,497492.99
13-12-2024,UPI/DR/731491493298/LIC/LICI/licindia@licindia/UPI,088701725455,"7,300.00",,490192.99
13-12-2024,UPI/DR/164521316170/Airtel/PAYTM/jio@paytm/UPI,274238295108,749.00,,489443.99
13-12-2024,UPI/DR/649620384298/Divya/UCBA/divya.pandey@ybl/UPI,902372619943,"19,450.23",,469993.76
14-12-2024,UPI/DR/978320021845/Swiggy/ICICI/swiggy@icici/UPI,607778517113,490.75,,469503.01
14-12-2024,UPI/DR/009987599458/Vikram/BDBL/0424828563@aubank/UPI,263312541743,"19,000.78",,450502.23
15-12-2024,UPI/DR/479050034627/BSNL/ICICI/bsnlbroadband@upi/UPI,352877340369,460.61,,450041.62
15-12-2024,UPI/DR/869001894781/Netmeds/ICICI/netmeds@paytm/UPI,332288996639,"2,500.38",,447541.24
15-12-2024,UPI/DR/294610953779/Airtel/PAYTM/jio@paytm/UPI,480970811923,939.00,,446602.24
16-12-2024,UPI/DR/797678132624/Indane/ICICI/indanegas@upi/UPI,016631064508,"1,350.85",,445251.39
17-12-2024,ATM CASH WITHDRAWAL/55685/HYDERABAD,443852468352,"9,500.00",,435751.39
18-12-2024,UPI/CR/936852033831/Amit/BDBL/amit.nambiar@oksbi/UPI,917781707441,,"20,350.38",456101.77
18-12-2024,NEFT/N3025589281964/IBM India Pvt Ltd,297041658239,,"33,500.23",489602.00
20-12-2024,POS SHOPPERS STOP HYDERABAD,017798474755,"5,950.78",,483651.22
20-12-2024,UPI/DR/509233782471/Sushma/UTIB/9817905506@pthdfc/UPI,166008391778,"8,300.85",,475350.37
21-12-2024,POS LIFESTYLE STORES HYDERABAD,612015883402,"1,300.00",,474050.37
21-12-2024,POS SHELL FUEL STATION HYDERABA,022600563148,800.57,,473249.80
22-12-2024,UPI/DR/629159260756/MSEDCL/UPIN/msedclpayment@upi/UPI,161291902445,"2,950.19",,470299.61
23-12-2024,UPI/DR/552182856028/Harish/BKID/harish.khanna@aubank/UPI,654780954673,"21,950.23",,448349.38
23-12-2024,UPI/DR/153905188572/Rapido/PAYTM/rapido@icici/UPI,760419341804,400.26,,447949.12
24-12-2024,UPI/DR/632559696356/BSNL/ICICI/bsnlbroadband@upi/UPI,943345650743,210.88,,447738.24
24-12-2024,ATM CASH WITHDRAWAL/78676/HYDERABAD,937505013220,"4,500.00",,443238.24
25-12-2024,UPI/DR/849852107154/Jio/ICICI/jio@paytm/UPI,891807979695,350.16,,442888.08
25-12-2024,UPI/DR/759090661296/Jio/ICICI/jio@paytm/UPI,798010643143,"2,030.48",,440857.60
25-12-2024,IMPS-106320085131-Mahesh Sen,746926654348,"16,600.82",,424256.78
25-12-2024,UPI/DR/852450224225/Flipkart/PAYTM/flipkart@ybl/UPI,318009039121,"1,250.37",,423006.41
25-12-2024,UPI/DR/329860043244/Ola/ICICI/olamoney@ola/UPI,221243692871,"1,440.39",,421566.02
26-12-2024,UPI/CR/767556070119/Sangita/UTIB/3793329712@okaxis/UPI,898811639304,,"5,550.20",427116.22
27-12-2024,UPI/DR/669378669567/Airtel/PAYTM/jio@paytm/UPI,605769689087,179.00,,426937.22
27-12-2024,UPI/DR/788379964412/Ajay/BARB/ajay940@apl/UPI,470452608226,"10,050.28",,416886.94
28-12-2024,UPI/DR/543764499309/Uber/PAYTM/uber@paytm/UPI,113216524240,460.37,,416426.57
28-12-2024,UPI/DR/842954363607/Uber/ICICI/uber@paytm/UPI,732476010959,"2,510.20",,413916.37
28-12-2024,INTEREST CREDIT,544377616042,,115.66,414032.03
29-12-2024,ATM CASH WITHDRAWAL/82373/HYDERABAD,174449554817,"5,500.00",,408532.03
29-12-2024,UPI/DR/778870512379/Airtel/PAYTM/jio@paytm/UPI,516362144410,899.00,,407633.03
29-12-2024,UPI/DR/894364205538/Meesho/PAYTM/meesho@ybl/UPI,437217906843,700.26,,406932.77
30-12-2024,POS RELIANCE PETROLEUM HYDERABA,016548592257,"1,500.63",,405432.14
31-12-2024,UPI/DR/072228637783/Dunzo/ICICI/dunzo@razorpay/UPI,060869414128,"2,140.00",,403292.14
01-01-2025,POS BHARAT PETROLEUM HYDERABA,739431455915,"3,000.57",,400291.57
02-01-2025,UPI/DR/718750491178/Shivam/UCBA/shivam.sen@upi/UPI,385767435900,"6,300.43",,393991.14
02-01-2025,UPI/DR/199557807775/Rani/SBIN/rani298@ptaxis/UPI,738474158619,"12,950.87",,381040.27
02-01-2025,UPI/DR/793219232731/Kapil/FDRL/2201934746@axl/UPI,458305075090,"19,500.21",,361540.06
03-01-2025,ATM CASH WITHDRAWAL/03703/HYDERABAD,448237436949,"7,000.00",,354540.06
03-01-2025,POS RELIANCE MART HYDERABAD,185973553048,"1,950.95",,352589.11
03-01-2025,UPI/DR/084236742058/Amazon/PAYTM/amazon@apl/UPI,989854731609,"4,100.18",,348488.93
04-01-2025,UPI/DR/740044805011/Rapido/PAYTM/rapido@icici/UPI,434874112533,190.42,,348298.51
04-01-2025,POS SHELL FUEL STATION HYDERABA,936967082211,"3,350.36",,344948.15
06-01-2025,SALARY CREDIT/S5907746730325/L&T Infotech Ltd,856581768583,,"130,402.21",475350.36
07-01-2025,UPI/DR/402808540123/Jio/ICICI/jio@paytm/UPI,516816230419,460.06,,474890.30
08-01-2025,UPI/CR/949110117457/Saurabh/BDBL/saurabhagar31@okaxis/UPI,558753187398,,"20,700.41",495590.71
10-01-2025,UPI/DR/831922419952/Airtel/PAYTM/jio@paytm/UPI,701080543320,749.00,,494841.71
10-01-2025,NACH/MANDATE/RNT7994778/RENT MANDATE,222173302215,"24,500.00",,470341.71
10-01-2025,ATM CASH WITHDRAWAL/98649/HYDERABAD,512836588908,"6,000.00",,464341.71
12-01-2025,NACH/MANDATE/LN347487248518/Manappuram Finance,344939961014,"11,000.00",,453341.71
12-01-2025,UPI/DR/829212416286/Rapido/PAYTM/rapido@icici/UPI,708928581202,240.14,,453101.57
13-01-2025,ATM CASH WITHDRAWAL/69688/HYDERABAD,041408587097,"9,500.00",,443601.57
14-01-2025,UPI/DR/279579548948/Indane/ICICI/indanegas@upi/UPI,950474873686,"1,950.49",,441651.08
15-01-2025,UPI/DR/511289066920/Myntra/PAYTM/myntra@ybl/UPI,532289697351,650.47,,441000.61
15-01-2025,POS SHOPPERS STOP HYDERABAD,032287850227,"6,600.48",,434400.13
16-01-2025,UPI/DR/872913027658/Swiggy/ICICI/swiggy@icici/UPI,684741685011,900.07,,433500.06
16-01-2025,UPI/DR/877622468087/Swiggy/ICICI/swiggy@icici/UPI,198361774850,820.76,,432679.30
17-01-2025,UPI/DR/585045781874/Spotify/ICICI/spotify@icici/UPI,468144608041,149.00,,432530.30
18-01-2025,UPI/DR/537262968379/Shivam/PUNB/shivamahuj12@okaxis/UPI,130676587531,"21,250.83",,411279.47
18-01-2025,POS STAR BAZAAR HYDERABAD,562292139955,600.99,,410678.48
19-01-2025,UPI/DR/079350288668/BSNL/ICICI/bsnlbroadband@upi/UPI,005433864940,"1,510.76",,409167.72
20-01-2025,UPI/DR/671283703296/Amazon/ICICI/amazon@apl/UPI,641777959588,"2,520.27",,406647.45
21-01-2025,UPI/DR/118598472383/Airtel/PAYTM/jio@paytm/UPI,151873898551,429.00,,406218.45
21-01-2025,UPI/DR/560030351089/Lata/BDBL/lata951@paytm/UPI,014859679339,"12,700.59",,393517.86
23-01-2025,UPI/DR/434242053324/MSEDCL/UPIN/msedclpayment@upi/UPI,399877827627,"1,100.55",,392417.31
23-01-2025,UPI/DR/936508838909/Zepto/ICICI/zepto@apl/UPI,910296727674,960.40,,391456.91
23-01-2025,UPI/DR/664771482746/Meesho/PAYTM/meesho@ybl/UPI,958825241275,550.14,,390906.77
23-01-2025,UPI/DR/241753713345/Rajan/HDFC/rajan.roy@paytm/UPI,413388896210,"6,050.96",,384855.81
24-01-2025,ATM CASH WITHDRAWAL/89894/HYDERABAD,338255964738,"9,500.00",,375355.81
24-01-2025,UPI/CR/178035598041/Vikram/UTIB/vikram558@upi/UPI,029912036249,,"15,850.49",391206.30
25-01-2025,UPI/DR/227660752521/Ola/ICICI/olamoney@ola/UPI,483610193252,"2,040.62",,389165.68
25-01-2025,UPI/DR/644668838236/Apollo/ICICI/apollopharmacy@ybl/UPI,724766070438,330.42,,388835.26
26-01-2025,MAINTENANCE CHARGES,093648667522,280.00,,388555.26
26-01-2025,GST ON CHARGES,821890025824,50.40,,388504.86
26-01-2025,UPI/CR/017824318482/Isha/BDBL/isha903@ptyes/UPI,173917335162,,"6,400.77",394905.63
27-01-2025,UPI/DR/856405031692/BigBasket/ICICI/bigbasket@ybl/UPI,667845719387,"2,110.78",,392794.85
27-01-2025,UPI/CR/272137854212/Mukesh/BARB/mukesh.banerjee@aubank/UPI,414764636196,,300.73,393095.58
27-01-2025,POS STAR BAZAAR HYDERABAD,215155756531,"3,450.91",,389644.67
27-01-2025,UPI/DR/291616983928/Ola/PAYTM/olamoney@ola/UPI,384153778287,820.85,,388823.82
28-01-2025,UPI/DR/023687370539/BSNL/RAZORPAY/broadband@paytm/UPI,817500217982,399.00,,388424.82
28-01-2025,UPI/DR/188679474993/Zepto/ICICI/zepto@apl/UPI,693338494185,990.95,,387433.87
28-01-2025,UPI/DR/398853813871/IRCTC/ICICI/irctc@upi/UPI,373962837422,699.00,,386734.87
28-01-2025,UPI/DR/060004753860/Zepto/ICICI/zepto@apl/UPI,589548431249,"1,230.49",,385504.38
29-01-2025,UPI/DR/301778288569/BSNL/ICICI/bsnlbroadband@upi/UPI,627444890354,"2,570.09",,382934.29
01-02-2025,IMPS-970759869158-Isha Das,457113177485,700.47,,382233.82
01-02-2025,UPI/DR/512109284546/Ola/PAYTM/olamoney@ola/UPI,982450078109,700.99,,381532.83
01-02-2025,POS INDIAN OIL HYDERABA,530918593997,"2,100.67",,379432.16
02-02-2025,UPI/DR/990126895395/Kavita/UTIB/kavita.kapoor@pthdfc/UPI,592424564917,"17,250.85",,362181.31
02-02-2025,UPI/DR/442170288153/Amazon/ICICI/amazon@apl/UPI,541842508556,"2,770.86",,359410.45
02-02-2025,POS METRO CASH CARRY HYDERABAD,266962243869,"4,850.08",,354560.37
02-02-2025,UPI/DR/933930170502/Blinkit/ICICI/blinkit@kotak/UPI,762126796943,910.29,,353650.08
04-02-2025,UPI/DR/035684163399/Shweta/UTIB/9075613339@ybl/UPI,001034171391,"20,350.25",,333299.83
04-02-2025,POS MAX FASHION HYDERABAD,514364165917,"3,100.24",,330199.59
05-02-2025,UPI/DR/181230212456/Ramesh/UTIB/ramesh.pillai@kotak/UPI,735548160338,"7,650.01",,322549.58
05-02-2025,POS METRO CASH CARRY HYDERABAD,619542187442,"5,550.72",,316998.86
05-02-2025,UPI/DR/135743777456/Airtel/PAYTM/jio@paytm/UPI,791019356237,639.00,,316359.86
06-02-2025,POS V MART HYDERABAD,629367636326,"8,050.57",,308309.29
06-02-2025,UPI/DR/322467298303/Amazon/ICICI/amazon@apl/UPI,881689699871,"1,740.40",,306568.89
07-02-2025,SALARY CREDIT/S9954464314332/L&T Infotech Ltd,170609706161,,"129,096.21",435665.10
07-02-2025,ATM CASH WITHDRAWAL/17369/HYDERABAD,229475275818,"1,500.00",,434165.10
07-02-2025,UPI/DR/937459484952/Uber/PAYTM/uber@paytm/UPI,478864880018,680.54,,433484.56
08-02-2025,UPI/DR/532213457799/Flipkart/ICICI/flipkart@ybl/UPI,710865189171,"2,280.53",,431204.03
08-02-2025,NACH/MANDATE/RNT5013247/RENT MANDATE,236670927291,"24,500.00",,406704.03
08-02-2025,UPI/DR/528323837527/Geeta/PUNB/geeta.mukherjee@ptsbi/UPI,646207197709,"6,800.92",,399903.11
09-02-2025,UPI/DR/434249538627/Amazon/PAYTM/amazon@apl/UPI,902247719041,"1,400.77",,398502.34
10-02-2025,POS MAX FASHION HYDERABAD,620452045975,"6,350.50",,392151.84
10-02-2025,UPI/CR/004739027328/Anita/UCBA/anita.pillai@pthdfc/UPI,887773236778,,"2,850.45",395002.29
10-02-2025,UPI/DR/841769940828/Ola/PAYTM/olamoney@ola/UPI,078565677293,80.33,,394921.96
11-02-2025,POS METRO CASH CARRY HYDERABAD,525816045303,"6,750.82",,388171.14
11-02-2025,UPI/DR/880033198921/Swiggy/ICICI/swiggy@icici/UPI,551125676441,"2,030.95",,386140.19
11-02-2025,UPI/DR/742900464967/Indane/ICICI/indanegas@upi/UPI,395361021201,"1,900.44",,384239.75
11-02-2025,UPI/DR/422430929085/Deepa/KKBK/deepabaja97@apl/UPI,808301790548,"12,150.36",,372089.39
12-02-2025,UPI/CR/737689427445/Shreya/HDFC/shreyapati19@oksbi/UPI,684468832646,,"9,650.82",381740.21
13-02-2025,UPI/DR/765770696439/Nykaa/PAYTM/nykaa@razorpay/UPI,620387327549,"4,150.96",,377589.25
13-02-2025,NEFT/N4982301547100/HDFC Life Insurance,104336449531,,"39,500.42",417089.67
15-02-2025,UPI/DR/454076639459/Airtel/PAYTM/jio@paytm/UPI,540787450861,649.00,,416440.67
15-02-2025,NACH/MANDATE/LN347487248518/Manappuram Finance,309615325875,"11,000.00",,405440.67
15-02-2025,UPI/DR/176366447549/Poonam/BDBL/poonam.sethi@ptaxis/UPI,062176332245,"12,050.80",,393389.87
16-02-2025,UPI/CR/052325714978/Harish/FDRL/harish.bose@ptyes/UPI,566111829467,,"2,650.02",396039.89
16-02-2025,POS V MART HYDERABAD,252556359324,"7,500.00",,388539.89
18-02-2025,UPI/DR/306620616159/MSEDCL/UPIN/msedclpayment@upi/UPI,020282013638,"3,600.77",,384939.12
19-02-2025,ATM CASH WITHDRAWAL/59718/HYDERABAD,051698710005,"4,500.00",,380439.12
19-02-2025,UPI/DR/435798474333/Amazon/ICICI/amazon@apl/UPI,144151233245,"2,660.93",,377778.19
21-02-2025,UPI/DR/013634611344/BSNL/ICICI/bsnlbroadband@upi/UPI,846707084029,"1,130.36",,376647.83
21-02-2025,UPI/CR/609374183841/Vishal/PUNB/vishal636@upi/UPI,502485798440,,"11,900.78",388548.61
22-02-2025,UPI/DR/900348680931/Airtel/PAYTM/jio@paytm/UPI,572753725307,749.00,,387799.61
22-02-2025,UPI/DR/566945719275/Flipkart/ICICI/flipkart@ybl/UPI,648119808716,"1,510.58",,386289.03
23-02-2025,UPI/CR/232050468982/Sanjay/FDRL/sanjayverm91@ptsbi/UPI,439606353998,,"6,250.28",392539.31
23-02-2025,POS METRO CASH CARRY HYDERABAD,510385181727,"4,350.87",,388188.44
25-02-2025,POS INDIAN OIL HYDERABA,762835825917,"1,350.97",,386837.47
25-02-2025,UPI/DR/858079975898/Rapido/PAYTM/rapido@icici/UPI,571771996451,240.44,,386597.03
27-02-2025,UPI/DR/281128960916/Vijay/UCBA/vijay974@ptyes/UPI,767373132505,"9,350.35",,377246.68
02-03-2025,UPI/DR/161029777570/Girish/BDBL/girish.patil@okicici/UPI,416430244683,"15,400.25",,361846.43
03-03-2025,UPI/DR/669261073796/Zepto/ICICI/zepto@apl/UPI,924894448852,"2,070.52",,359775.91
03-03-2025,POS V MART HYDERABAD,160013403026,"5,700.49",,354075.42
03-03-2025,UPI/DR/683214080461/Paytm/ICICI/paytm@paytm/UPI,108573604253,"2,790.30",,351285.12
04-03-2025,UPI/DR/029667162251/Airtel/PAYTM/jio@paytm/UPI,813258106397,299.00,,350986.12
07-03-2025,SALARY CREDIT/S4417654142735/L&T Infotech Ltd,057269559851,,"130,501.21",481487.33
07-03-2025,POS RELIANCE MART HYDERABAD,753561972205,"5,450.41",,476036.92
08-03-2025,NACH/MANDATE/RNT4316991/RENT MANDATE,254250826561,"24,500.00",,451536.92
09-03-2025,UPI/DR/327533582874/Airtel/PAYTM/jio@paytm/UPI,107105650424,439.00,,451097.92
09-03-2025,UPI/DR/538446536783/Ola/PAYTM/olamoney@ola/UPI,723887377717,720.06,,450377.86
10-03-2025,UPI/DR/752198290560/Blinkit/ICICI/blinkit@kotak/UPI,162616168221,"1,430.06",,448947.80
10-03-2025,UPI/DR/584158715721/LIC/LICI/licindia@licindia/UPI,671640815144,"7,300.00",,441647.80
10-03-2025,UPI/DR/845283818009/MSEDCL/UPIN/msedclpayment@upi/UPI,926459682899,"3,350.79",,438297.01
12-03-2025,UPI/CR/772590722086/Sanjay/BDBL/2562821659@pthdfc/UPI,465997265893,,"20,750.87",459047.88
12-03-2025,UPI/DR/034424576684/Jio/ICICI/jio@paytm/UPI,349447585217,"1,240.63",,457807.25
12-03-2025,NACH/MANDATE/LN347487248518/Manappuram Finance,692465870372,"11,000.00",,446807.25
13-03-2025,UPI/DR/310564620263/BigBasket/ICICI/bigbasket@ybl/UPI,668966603941,"2,740.46",,444066.79
14-03-2025,UPI/DR/769250982480/Airtel/PAYTM/jio@paytm/UPI,525006578063,699.00,,443367.79
14-03-2025,UPI/DR/451995582691/PhonePe/ICICI/phonepe@ybl/UPI,089003259549,"2,630.93",,440736.86
14-03-2025,UPI/DR/700282504144/Paytm/ICICI/paytm@paytm/UPI,915701092057,"1,140.89",,439595.97
15-03-2025,POS MORE SUPER MARKET HYDERABAD,321209411281,"3,400.80",,436195.17
15-03-2025,UPI/CR/174120242388/Radha/FDRL/radha.pillai@pthdfc/UPI,982432792430,,"21,950.71",458145.88
15-03-2025,UPI/DR/891234980387/Indane/ICICI/indanegas@upi/UPI,561386873612,"2,450.97",,455694.91
16-03-2025,UPI/DR/983734508674/Gaurav/PUNB/6857366934@ibl/UPI,992525109875,"10,800.33",,444894.58
16-03-2025,POS LIFESTYLE STORES HYDERABAD,302132214532,500.31,,444394.27
17-03-2025,IMPS-481939121737-Pooja Kapoor,729472477684,"9,300.78",,435093.49
18-03-2025,POS LIFESTYLE STORES HYDERABAD,548030691860,"7,200.88",,427892.61
19-03-2025,POS RELIANCE MART HYDERABAD,990264055093,"6,700.16",,421192.45
19-03-2025,UPI/DR/914169537335/Airtel/PAYTM/jio@paytm/UPI,862796256288,589.00,,420603.45
19-03-2025,UPI/DR/024452502442/BigBasket/ICICI/bigbasket@ybl/UPI,141984804292,"1,100.27",,419503.18
20-03-2025,POS BHARAT PETROLEUM HYDERABA,399120045214,"3,850.78",,415652.40
20-03-2025,UPI/DR/252817083440/Preeti/BDBL/preetinair66@oksbi/UPI,454068622352,"16,800.37",,398852.03
20-03-2025,POS HP PETROL PUMP HYDERABA,873117460931,"2,100.34",,396751.69
20-03-2025,UPI/CR/976743932700/Rekha/HDFC/rekha769@oksbi/UPI,936614696216,,950.17,397701.86
21-03-2025,UPI/DR/499618634312/PhonePe/ICICI/phonepe@ybl/UPI,572001377771,"1,810.89",,395890.97
21-03-2025,POS INDIAN OIL HYDERABA,577308399294,"1,500.58",,394390.39
21-03-2025,UPI/DR/455643244501/BSNL/RAZORPAY/broadband@paytm/UPI,161509385857,449.00,,393941.39
21-03-2025,UPI/DR/560469552723/Rapido/PAYTM/rapido@icici/UPI,418873848752,340.88,,393600.51
22-03-2025,UPI/CR/998603474986/Mahesh/FDRL/1823239382@ibl/UPI,755093331271,,"21,950.88",415551.39
22-03-2025,UPI/DR/780641439362/Nisha/UTIB/nisha.pandey@aubank/UPI,427311687130,"10,850.76",,404700.63
22-03-2025,UPI/CR/222050222591/Mamta/BARB/mamta327@ybl/UPI,552730525441,,"8,800.03",413500.66
23-03-2025,UPI/DR/129215167405/Ola/ICICI/olamoney@ola/UPI,589647950110,410.83,,413089.83
24-03-2025,UPI/DR/824240623020/Rapido/PAYTM/rapido@icici/UPI,737938087149,210.85,,412878.98
24-03-2025,POS D MART HYDERABAD,135067164824,"2,500.04",,410378.94
24-03-2025,POS MORE SUPER MARKET HYDERABAD,406901622855,"6,250.58",,404128.36
24-03-2025,UPI/DR/685362159008/Sangita/UTIB/sangitabane18@ptyes/UPI,023513924760,"9,000.67",,395127.69
24-03-2025,ATM CASH WITHDRAWAL/56888/HYDERABAD,374255800914,"7,500.00",,387627.69
25-03-2025,UPI/DR/996791213832/Ola/PAYTM/olamoney@ola/UPI,610804013428,870.89,,386756.80
26-03-2025,UPI/DR/086353382002/Ola/ICICI/olamoney@ola/UPI,245868777084,"2,730.48",,384026.32
26-03-2025,UPI/DR/827450250581/Rajan/KKBK/rajan319@ptaxis/UPI,371032905541,"12,850.68",,371175.64
26-03-2025,ATM CASH WITHDRAWAL/37159/HYDERABAD,913170907756,"9,500.00",,361675.64
27-03-2025,INTEREST CREDIT,010793234712,,850.67,362526.31
28-03-2025,UPI/DR/458356555724/Myntra/PAYTM/myntra@ybl/UPI,529403984044,600.86,,361925.45
28-03-2025,UPI/DR/669534175525/Sneha/HDFC/0533550683@pthdfc/UPI,173973948304,"12,600.10",,349325.35
29-03-2025,UPI/DR/540587248075/Ola/PAYTM/olamoney@ola/UPI,217099008283,650.38,,348674.97
30-03-2025,UPI/DR/588201956512/BigBasket/ICICI/bigbasket@ybl/UPI,266991388774,"1,600.68",,347074.29
30-03-2025,UPI/CR/807897675472/Girish/KKBK/6456961902@okicici/UPI,458681725772,,"8,150.21",355224.50
31-03-2025,UPI/CR/951640626994/Renu/UTIB/renu.tiwari@okaxis/UPI,158459579240,,"11,000.16",366224.66
02-04-2025,UPI/CR/642671747002/Vivek/FDRL/1278916563@ptsbi/UPI,495795657024,,"4,350.47",370575.13
03-04-2025,UPI/DR/417637971699/Flipkart/ICICI/flipkart@ybl/UPI,900419121990,"1,270.95",,369304.18
03-04-2025,POS D MART HYDERABAD,209600740830,"3,800.30",,365503.88
04-04-2025,UPI/DR/957373409714/Netmeds/ICICI/netmeds@paytm/UPI,537633378702,"1,750.20",,363753.68
06-04-2025,UPI/DR/620967581352/PhonePe/ICICI/phonepe@ybl/UPI,141125173642,"1,260.24",,362493.44
07-04-2025,UPI/DR/193686322860/Airtel/PAYTM/jio@paytm/UPI,327889957235,599.00,,361894.44
07-04-2025,UPI/DR/924360618132/Airtel/PAYTM/jio@paytm/UPI,920995314126,819.00,,361075.44
07-04-2025,SALARY CREDIT/S7196808438338/L&T Infotech Ltd,026085476662,,"128,849.21",489924.65
07-04-2025,UPI/DR/801778199657/Nykaa/PAYTM/nykaa@razorpay/UPI,509900345662,550.91,,489373.74
08-04-2025,UPI/DR/141784330531/Myntra/PAYTM/myntra@ybl/UPI,677358824582,"4,000.69",,485373.05
09-04-2025,POS BRAND FACTORY HYDERABAD,625838803299,"8,050.29",,477322.76
10-04-2025,NACH/MANDATE/RNT3718105/RENT MANDATE,436220039290,"24,500.00",,452822.76
10-04-2025,UPI/CR/474638883444/Kamal/KKBK/kamal938@kotak/UPI,492570904706,,"1,950.77",454773.53
10-04-2025,UPI/CR/159462994882/Prashant/BDBL/prashant.malhotra@ibl/UPI,613681061165,,"4,850.89",459624.42
10-04-2025,POS SHOPPERS STOP HYDERABAD,483263921570,"2,800.73",,456823.69
10-04-2025,UPI/DR/200772406627/Sanjay/SBIN/9689909218@kotak/UPI,153304382577,"16,050.40",,440773.29
11-04-2025,UPI/DR/810060623420/Nykaa/ICICI/nykaa@razorpay/UPI,800332551049,449.00,,440324.29
11-04-2025,POS SHOPPERS STOP HYDERABAD,547629585883,"5,100.55",,435223.74
11-04-2025,NACH/MANDATE/LN347487248518/Manappuram Finance,713271261378,"11,000.00",,424223.74
12-04-2025,UPI/DR/940167505192/Airtel/PAYTM/jio@paytm/UPI,541599649147,369.00,,423854.74
12-04-2025,POS INDIAN OIL HYDERABA,296119910370,"3,450.12",,420404.62
13-04-2025,UPI/DR/303019215035/Paytm/ICICI/paytm@paytm/UPI,967768273325,290.27,,420114.35
13-04-2025,UPI/DR/341803242189/MSEDCL/UPIN/msedclpayment@upi/UPI,846764456927,750.53,,419363.82
13-04-2025,UPI/DR/484543706165/Swiggy/ICICI/swiggy@icici/UPI,279334495585,"1,380.74",,417983.08
14-04-2025,POS SHELL FUEL STATION HYDERABA,705601218611,"1,600.31",,416382.77
14-04-2025,UPI/DR/462446112123/Airtel/PAYTM/jio@paytm/UPI,099987348472,709.00,,415673.77
14-04-2025,UPI/DR/164681852520/Flipkart/PAYTM/flipkart@ybl/UPI,545736409100,"5,750.10",,409923.67
15-04-2025,UPI/DR/184674703657/Naresh/KKBK/naresh.roy@upi/UPI,548555012546,"1,600.31",,408323.36
16-04-2025,UPI/DR/829317921925/Paytm/ICICI/paytm@paytm/UPI,964958180078,"1,160.51",,407162.85
16-04-2025,UPI/DR/432741673441/Ola/PAYTM/olamoney@ola/UPI,166868615647,550.83,,406612.02
17-04-2025,POS SHELL FUEL STATION HYDERABA,185157662635,"1,450.90",,405161.12
17-04-2025,UPI/CR/207167318290/Shreya/BARB/4071498770@paytm/UPI,702466169320,,"1,750.08",406911.20
17-04-2025,UPI/CR/759497287124/Shreya/KKBK/3347056044@kotak/UPI,931459918709,,"19,850.74",426761.94
17-04-2025,UPI/DR/094466594047/Zomato/ICICI/zomato@axisbank/UPI,559737944700,570.34,,426191.60
18-04-2025,IMPS-587770130653-Akash Desai,456604234445,"22,100.93",,404090.67
19-04-2025,UPI/DR/123099297903/Kapil/PUNB/kapil743@oksbi/UPI,962915753075,"1,500.48",,402590.19
19-04-2025,UPI/DR/238300854953/Airtel/PAYTM/jio@paytm/UPI,275173304387,539.00,,402051.19
20-04-2025,POS D MART HYDERABAD,028036732707,"7,600.91",,394450.28
22-04-2025,ATM CASH WITHDRAWAL/75899/HYDERABAD,176402635753,"4,000.00",,390450.28
22-04-2025,POS LIFESTYLE STORES HYDERABAD,994358150787,"1,250.10",,389200.18
23-04-2025,UPI/DR/505302145047/Kavita/BDBL/kavitapill18@pthdfc/UPI,381501018927,"21,850.27",,367349.91
23-04-2025,UPI/DR/480722368939/Uber/PAYTM/uber@paytm/UPI,086169150314,120.90,,367229.01
23-04-2025,POS BRAND FACTORY HYDERABAD,992975171247,"2,250.19",,364978.82
23-04-2025,ATM CASH WITHDRAWAL/89526/HYDERABAD,818246431924,"5,500.00",,359478.82
23-04-2025,POS RELIANCE MART HYDERABAD,102565235555,"4,250.13",,355228.69
24-04-2025,UPI/CR/603764073164/Mahesh/HDFC/mahesh.desai@apl/UPI,385668037146,,"7,200.71",362429.40
24-04-2025,UPI/DR/012005813545/Indane/ICICI/indanegas@upi/UPI,902795628426,"2,300.64",,360128.76
24-04-2025,ATM CASH WITHDRAWAL/81312/HYDERABAD,215487978975,"1,500.00",,358628.76
24-04-2025,POS SHELL FUEL STATION HYDERABA,905087577744,"3,450.79",,355177.97
26-04-2025,UPI/CR/873693884043/Siddharth/BARB/siddharth479@ptaxis/UPI,871073897672,,"18,150.59",373328.56
26-04-2025,ATM CASH WITHDRAWAL/14383/HYDERABAD,929405844237,"6,500.00",,366828.56
26-04-2025,ATM CASH WITHDRAWAL/85123/HYDERABAD,034062080069,"4,500.00",,362328.56
27-04-2025,UPI/DR/722704934442/Flipkart/ICICI/flipkart@ybl/UPI,875018871230,"2,500.13",,359828.43
27-04-2025,UPI/DR/061409767360/Uber/PAYTM/uber@paytm/UPI,763307467895,730.12,,359098.31
28-04-2025,GST ON CHARGES,505518704944,34.20,,359064.11
28-04-2025,MAINTENANCE CHARGES,511205300943,190.00,,358874.11
29-04-2025,ATM CASH WITHDRAWAL/65649/HYDERABAD,175352363755,"1,000.00",,357874.11
30-04-2025,UPI/CR/054925935102/Suresh/SBIN/suresh.verma@ibl/UPI,763324145988,,"4,800.89",362675.00
30-04-2025,UPI/CR/366702919675/Rohit/PUNB/rohit.nambiar@aubank/UPI,423246051434,,"11,550.23",374225.23
01-05-2025,UPI/DR/758786883192/Paytm/ICICI/paytm@paytm/UPI,449448601724,810.55,,373414.68
01-05-2025,UPI/DR/753967720670/PhonePe/ICICI/phonepe@ybl/UPI,803345425856,"1,670.01",,371744.67
01-05-2025,UPI/CR/775054849197/Usha/BARB/usha749@okhdfcbank/UPI,223018900805,,"17,300.33",389045.00
01-05-2025,UPI/DR/737115636314/Uber/PAYTM/uber@paytm/UPI,986080884035,210.10,,388834.90
01-05-2025,UPI/DR/919184854454/Blinkit/ICICI/blinkit@kotak/UPI,133802149121,"1,520.74",,387314.16
01-05-2025,UPI/DR/118455791454/Sachin/UCBA/sachin.kapoor@ptaxis/UPI,408499847567,"8,750.36",,378563.80
01-05-2025,UPI/DR/989240865270/Siddharth/UTIB/siddharthmish16@upi/UPI,265168605642,"21,750.97",,356812.83
01-05-2025,UPI/DR/840530557079/Jio/ICICI/jio@paytm/UPI,220508422740,900.62,,355912.21
01-05-2025,UPI/CR/780415441104/Sanjay/BARB/3900665293@okhdfcbank/UPI,327134258288,,"18,550.44",374462.65
02-05-2025,UPI/DR/205122273249/Airtel/PAYTM/jio@paytm/UPI,231253232449,669.00,,373793.65
02-05-2025,UPI/DR/644200099125/PhonePe/ICICI/phonepe@ybl/UPI,884423042431,420.96,,373372.69
02-05-2025,UPI/DR/728427751536/Airtel/PAYTM/jio@paytm/UPI,376403593855,739.00,,372633.69
03-05-2025,UPI/CR/363433309236/Arjun/SBIN/0929499518@okicici/UPI,839846220876,,"2,000.02",374633.71
04-05-2025,UPI/DR/092406527810/Varsha/HDFC/7408788397@axl/UPI,670807408208,"4,000.93",,370632.78
04-05-2025,UPI/DR/125292544739/Radha/FDRL/radhagupt83@axl/UPI,246917661967,"6,000.66",,364632.12
05-05-2025,UPI/DR/571638212448/Harish/FDRL/harish702@axl/UPI,724574110060,"6,500.08",,358132.04
06-05-2025,UPI/DR/431700989064/Nisha/BARB/9422451421@paytm/UPI,895013009188,"16,400.90",,341731.14
06-05-2025,POS V MART HYDERABAD,514039044980,500.63,,341230.51
06-05-2025,UPI/DR/024789336447/Swiggy/ICICI/swiggy@icici/UPI,009119188801,"1,380.97",,339849.54
07-05-2025,UPI/CR/630156891035/Yogesh/UCBA/yogesh690@axl/UPI,834501737636,,"15,200.85",355050.39
07-05-2025,SALARY CREDIT/S9511213057738/L&T Infotech Ltd,201106375716,,"126,074.21",481124.60
07-05-2025,UPI/DR/848125228803/Swiggy/ICICI/swiggy@icici/UPI,212984908789,370.21,,480754.39
08-05-2025,UPI/DR/542274827428/Zepto/ICICI/zepto@apl/UPI,601079614688,"1,450.52",,479303.87
08-05-2025,IMPS-405183392959-Prashant Dubey,334295452435,"21,200.37",,458103.50
09-05-2025,UPI/DR/368897487238/Spotify/ICICI/spotify@icici/UPI,218456049998,899.00,,457204.50
10-05-2025,UPI/DR/443093193667/Meesho/PAYTM/meesho@ybl/UPI,324417986419,"5,750.52",,451453.98
10-05-2025,ATM CASH WITHDRAWAL/61277/HYDERABAD,743970601743,"5,000.00",,446453.98
10-05-2025,UPI/DR/697545753024/Swati/PUNB/swatidutt35@okicici/UPI,453661991130,"17,500.64",,428953.34
10-05-2025,UPI/DR/619953016279/BSNL/RAZORPAY/broadband@paytm/UPI,868242375609,499.00,,428454.34
11-05-2025,POS LIFESTYLE STORES HYDERABAD,237368995670,"4,650.89",,423803.45
11-05-2025,NEFT/N5330637289801/Sun Pharmaceutical I,685340617186,,"40,500.10",464303.55
11-05-2025,ATM CASH WITHDRAWAL/55729/HYDERABAD,048534639005,"2,000.00",,462303.55
11-05-2025,UPI/DR/787522873681/Mamta/BKID/8453213654@aubank/UPI,103146712011,"18,900.38",,443403.17
12-05-2025,UPI/DR/252003935725/Amazon/ICICI/amazon@apl/UPI,817359500973,630.97,,442772.20
12-05-2025,NACH/MANDATE/RNT7360936/RENT MANDATE,776530818030,"24,500.00",,418272.20
12-05-2025,UPI/CR/467575810169/Sarita/PUNB/3605873065@kotak/UPI,475401519432,,"10,950.64",429222.84
13-05-2025,POS INDIAN OIL HYDERABA,019681167735,"3,700.94",,425521.90
13-05-2025,UPI/DR/050044145695/Zomato/ICICI/zomato@axisbank/UPI,745235890450,720.35,,424801.55
14-05-2025,POS D MART HYDERABAD,144152764021,"2,800.16",,422001.39
14-05-2025,UPI/DR/370978074424/Sumit/SBIN/sumit947@ptaxis/UPI,485484685724,"1,200.15",,420801.24
15-05-2025,UPI/DR/168239748611/Nykaa/PAYTM/nykaa@razorpay/UPI,261447035611,"2,850.49",,417950.75
15-05-2025,NACH/MANDATE/LN347487248518/Manappuram Finance,288324697723,"11,000.00",,406950.75
15-05-2025,UPI/DR/537413694344/Indane/ICICI/indanegas@upi/UPI,067585245496,"1,400.05",,405550.70
16-05-2025,UPI/DR/530981874053/Dunzo/ICICI/dunzo@razorpay/UPI,938098090993,"2,280.97",,403269.73
16-05-2025,POS RELIANCE MART HYDERABAD,558963335386,"3,500.75",,399768.98
16-05-2025,POS STAR BAZAAR HYDERABAD,047570638553,"3,450.59",,396318.39
17-05-2025,POS RELIANCE PETROLEUM HYDERABA,153831122554,"3,200.87",,393117.52
17-05-2025,UPI/DR/441418555407/Uber/ICICI/uber@paytm/UPI,779357836757,130.64,,392986.88
18-05-2025,UPI/CR/254480327377/Sarita/PUNB/sarita.pandey@pthdfc/UPI,281125560179,,"1,550.98",394537.86
19-05-2025,UPI/DR/542981625277/Flipkart/ICICI/flipkart@ybl/UPI,986465747763,"1,330.70",,393207.16
19-05-2025,UPI/DR/774585352386/Jio/ICICI/jio@paytm/UPI,875329591278,"2,220.77",,390986.39
19-05-2025,POS MORE SUPER MARKET HYDERABAD,238709715446,"1,800.74",,389185.65
19-05-2025,UPI/DR/255714319561/Apollo/ICICI/apollopharmacy@ybl/UPI,615376325815,549.00,,388636.65
20-05-2025,UPI/DR/268661865233/Blinkit/ICICI/blinkit@kotak/UPI,547566793084,"1,850.62",,386786.03
20-05-2025,ATM CASH WITHDRAWAL/62974/HYDERABAD,951225956358,"5,500.00",,381286.03
20-05-2025,UPI/DR/068663774777/Rapido/PAYTM/rapido@icici/UPI,294653994797,870.72,,380415.31
20-05-2025,UPI/DR/907308873821/Meena/BDBL/meena.sharma@okicici/UPI,743042536005,"13,650.18",,366765.13
21-05-2025,UPI/DR/417533108601/MSEDCL/UPIN/msedclpayment@upi/UPI,356665648541,"1,500.16",,365264.97
22-05-2025,UPI/DR/933339440961/Mukesh/BDBL/7684645999@ptsbi/UPI,893624533302,"3,050.21",,362214.76
22-05-2025,UPI/DR/272525619929/BSNL/ICICI/bsnlbroadband@upi/UPI,431422417706,840.97,,361373.79
22-05-2025,UPI/DR/944133272092/Rapido/PAYTM/rapido@icici/UPI,961785546245,400.95,,360972.84
23-05-2025,POS D MART HYDERABAD,628478101689,"3,300.90",,357671.94
23-05-2025,UPI/DR/992056092260/Vandana/BDBL/vandana645@ptaxis/UPI,403537639773,"8,700.04",,348971.90
23-05-2025,UPI/DR/113421063210/Blinkit/ICICI/blinkit@kotak/UPI,483790905878,330.07,,348641.83
23-05-2025,UPI/CR/667328224150/Arun/UCBA/arun541@okhdfcbank/UPI,260313674784,,"2,450.58",351092.41
24-05-2025,UPI/DR/288066212208/Pooja/PUNB/6482494372@apl/UPI,981978898301,"7,850.33",,343242.08
24-05-2025,ATM CASH WITHDRAWAL/04723/HYDERABAD,037706762808,"3,000.00",,340242.08
26-05-2025,UPI/DR/566366879868/Airtel/PAYTM/jio@paytm/UPI,255667330586,229.00,,340013.08
26-05-2025,UPI/DR/250967924381/Amazon/ICICI/amazon@apl/UPI,121305973851,"2,730.02",,337283.06
26-05-2025,UPI/DR/264235845907/Swiggy/ICICI/swiggy@icici/UPI,233390485483,140.28,,337142.78
26-05-2025,ATM CASH WITHDRAWAL/40387/HYDERABAD,730365712065,"9,000.00",,328142.78
27-05-2025,UPI/DR/009374605719/Ola/PAYTM/olamoney@ola/UPI,729193014200,540.99,,327601.79
27-05-2025,UPI/DR/801380082126/Flipkart/ICICI/flipkart@ybl/UPI,992164506590,"1,480.28",,326121.51
27-05-2025,UPI/DR/335776191951/Rapido/PAYTM/rapido@icici/UPI,690441339367,430.94,,325690.57
27-05-2025,UPI/DR/103455818097/Airtel/PAYTM/jio@paytm/UPI,230684656919,999.00,,324691.57
28-05-2025,ATM CASH WITHDRAWAL/73372/HYDERABAD,341999044561,"9,500.00",,315191.57
28-05-2025,UPI/DR/046935168998/Netmeds/ICICI/netmeds@paytm/UPI,325099209281,310.30,,314881.27
30-05-2025,UPI/DR/131785060261/Kamal/SBIN/kamal.agarwal@paytm/UPI,764607879458,"14,350.39",,300530.88
01-06-2025,POS PANTALOONS HYDERABAD,972393132114,"1,300.11",,299230.77
03-06-2025,UPI/DR/987864441352/BigBasket/ICICI/bigbasket@ybl/UPI,186321965197,"2,070.35",,297160.42
03-06-2025,UPI/DR/836801443331/Ola/ICICI/olamoney@ola/UPI,594448432665,"1,730.54",,295429.88
04-06-2025,UPI/DR/464328753510/Rajesh/HDFC/rajesh.ahuja@apl/UPI,513287964642,"4,200.08",,291229.80
04-06-2025,UPI/DR/604953305528/Seema/BKID/seema215@oksbi/UPI,822615713790,"15,100.80",,276129.00
05-06-2025,UPI/DR/923071518634/Airtel/PAYTM/jio@paytm/UPI,543444115769,869.00,,275260.00
06-06-2025,SALARY CREDIT/S9542102309802/L&T Infotech Ltd,384419642553,,"126,024.21",401284.21
06-06-2025,UPI/CR/213061318103/Ramesh/HDFC/ramesh.verma@upi/UPI,871312989301,,"12,400.39",413684.60
06-06-2025,UPI/DR/292324919080/Prashant/FDRL/prashant892@ibl/UPI,187710399028,"20,350.69",,393333.91
06-06-2025,UPI/DR/294628553535/Flipkart/ICICI/flipkart@ybl/UPI,851100788108,"1,740.99",,391592.92
06-06-2025,UPI/DR/089060432755/Airtel/PAYTM/jio@paytm/UPI,528101409258,499.00,,391093.92
07-06-2025,UPI/CR/120712269217/Rahul/UCBA/rahul652@ibl/UPI,618905311550,,"20,800.60",411894.52
07-06-2025,ATM CASH WITHDRAWAL/63054/HYDERABAD,951589322345,"4,500.00",,407394.52
07-06-2025,UPI/DR/970076962792/Airtel/PAYTM/jio@paytm/UPI,585198516055,539.00,,406855.52
08-06-2025,UPI/DR/626652529697/BigBasket/ICICI/bigbasket@ybl/UPI,191826997360,710.72,,406144.80
08-06-2025,NACH/MANDATE/RNT2426834/RENT MANDATE,725377873487,"24,500.00",,381644.80
09-06-2025,UPI/CR/894945547136/Vishal/UTIB/vishal.kapoor@okaxis/UPI,009351681126,,"19,600.04",401244.84
10-06-2025,UPI/CR/597247818504/Vandana/BDBL/vandanadas54@ptaxis/UPI,950245195937,,"17,250.92",418495.76
10-06-2025,UPI/DR/693061730772/LIC/LICI/licindia@licindia/UPI,376357287175,"7,300.00",,411195.76
10-06-2025,UPI/DR/505074506235/MSEDCL/UPIN/msedclpayment@upi/UPI,400484702843,"2,000.99",,409194.77
10-06-2025,UPI/DR/848068562161/Anita/UTIB/anita448@okicici/UPI,576216002945,"2,450.53",,406744.24
11-06-2025,UPI/DR/275374837458/Amazon/ICICI/amazon@apl/UPI,711270356504,"1,960.44",,404783.80
12-06-2025,UPI/DR/910429293272/Amazon/PAYTM/amazon@apl/UPI,374292556081,"5,800.71",,398983.09
12-06-2025,UPI/DR/857338893163/Practo/ICICI/practo@paytm/UPI,329212243401,449.00,,398534.09
12-06-2025,UPI/DR/358458748425/Rapido/PAYTM/rapido@icici/UPI,206241571843,520.38,,398013.71
12-06-2025,UPI/DR/316061089123/Ola/ICICI/olamoney@ola/UPI,071235189808,"2,130.78",,395882.93
12-06-2025,UPI/DR/929367463806/Sushma/UTIB/3361603510@upi/UPI,563032159144,"13,200.85",,382682.08
13-06-2025,NACH/MANDATE/LN347487248518/Manappuram Finance,547996116042,"11,000.00",,371682.08
13-06-2025,UPI/DR/741465467975/Ola/PAYTM/olamoney@ola/UPI,258856762981,270.55,,371411.53
14-06-2025,POS BIG BAZAAR HYDERABAD,003578643153,"7,550.67",,363860.86
15-06-2025,ATM CASH WITHDRAWAL/37818/HYDERABAD,422066618837,"9,500.00",,354360.86
15-06-2025,UPI/DR/860024072288/Airtel/PAYTM/jio@paytm/UPI,817449305634,229.00,,354131.86
16-06-2025,UPI/CR/155434017068/Geeta/UCBA/geeta594@axl/UPI,080456730122,,"5,950.02",360081.88
17-06-2025,POS RELIANCE PETROLEUM HYDERABA,178647930010,"3,550.57",,356531.31
18-06-2025,POS METRO CASH CARRY HYDERABAD,574245573384,"8,450.11",,348081.20
18-06-2025,UPI/DR/847195153677/Maya/UTIB/8212294410@ptaxis/UPI,374275754565,"8,150.74",,339930.46
18-06-2025,POS BRAND FACTORY HYDERABAD,660049991595,"7,000.62",,332929.84
19-06-2025,UPI/DR/682544075387/Blinkit/ICICI/blinkit@kotak/UPI,882315299695,"1,100.37",,331829.47
19-06-2025,UPI/DR/922170875118/Dunzo/ICICI/dunzo@razorpay/UPI,118619795895,"2,270.42",,329559.05
22-06-2025,POS BHARAT PETROLEUM HYDERABA,825416203932,"2,750.20",,326808.85
22-06-2025,UPI/DR/878851650077/Yogesh/SBIN/yogesh791@ptsbi/UPI,910918479014,"8,450.26",,318358.59
22-06-2025,POS RELIANCE PETROLEUM HYDERABA,611264040848,"4,400.49",,313958.10
22-06-2025,UPI/DR/868802188752/Sonia/KKBK/3570426255@oksbi/UPI,862373712708,"2,900.88",,311057.22
23-06-2025,UPI/DR/163100481714/Neha/UCBA/neha856@oksbi/UPI,060820355028,"13,250.41",,297806.81
23-06-2025,UPI/DR/323184205684/Indane/ICICI/indanegas@upi/UPI,282246964738,"2,400.28",,295406.53
24-06-2025,UPI/DR/080122247927/Apollo/ICICI/apollopharmacy@ybl/UPI,666432132517,620.92,,294785.61
24-06-2025,UPI/DR/107099952717/Arun/BKID/2240505549@ptsbi/UPI,837783740352,"8,850.64",,285934.97
24-06-2025,IMPS-548484034136-Maya Singh,386121937714,"38,300.05",,247634.92
24-06-2025,ATM CASH WITHDRAWAL/28185/HYDERABAD,490663953230,"3,500.00",,244134.92
26-06-2025,POS CENTRAL MALL HYDERABAD,568833859871,"8,350.79",,235784.13
27-06-2025,UPI/DR/226313035104/Uber/PAYTM/uber@paytm/UPI,133729631687,680.74,,235103.39
27-06-2025,UPI/DR/898601872093/Ola/ICICI/olamoney@ola/UPI,504275066062,920.57,,234182.82
28-06-2025,UPI/DR/460132289681/Zepto/ICICI/zepto@apl/UPI,154644153268,"2,790.32",,231392.50
28-06-2025,INTEREST CREDIT,873693696908,,815.42,232207.92
29-06-2025,UPI/DR/339710441907/Swiggy/ICICI/swiggy@icici/UPI,840394760084,"2,320.11",,229887.81
01-07-2025,GST ON CHARGES,320669534045,23.40,,229864.41
01-07-2025,POS INDIAN OIL HYDERABA,428700462279,"3,700.71",,226163.70
01-07-2025,MAINTENANCE CHARGES,310313751270,130.00,,226033.70
02-07-2025,UPI/CR/992309915914/Siddharth/UTIB/siddharth362@aubank/UPI,135700794190,,"4,600.74",230634.44
02-07-2025,UPI/CR/363561824000/Amit/UTIB/7072518106@ybl/UPI,683091287165,,"15,550.13",246184.57
02-07-2025,UPI/CR/698181083238/Usha/UTIB/usha.chopra@apl/UPI,021422069897,,"19,600.37",265784.94
03-07-2025,ATM CASH WITHDRAWAL/99899/HYDERABAD,542093650978,"10,000.00",,255784.94
03-07-2025,UPI/DR/744416739379/Uber/PAYTM/uber@paytm/UPI,802246372723,440.58,,255344.36
03-07-2025,UPI/CR/222576827398/Ritu/BARB/ritu852@ibl/UPI,686626188340,,"18,400.30",273744.66
03-07-2025,POS VISHAL MEGA MART HYDERABAD,313598521102,"2,900.56",,270844.10
04-07-2025,UPI/DR/351583043093/BSNL/RAZORPAY/broadband@paytm/UPI,252604292060,"1,299.00",,269545.10
04-07-2025,UPI/DR/618991652116/Rapido/PAYTM/rapido@icici/UPI,606005323822,540.64,,269004.46
04-07-2025,UPI/DR/555977166384/PhonePe/ICICI/phonepe@ybl/UPI,853509991209,"1,340.56",,267663.90
05-07-2025,UPI/DR/468991765577/Airtel/PAYTM/jio@paytm/UPI,517917734239,999.00,,266664.90
06-07-2025,UPI/CR/649311126483/Shweta/BDBL/shweta124@upi/UPI,195603627337,,"13,550.95",280215.85
06-07-2025,POS RELIANCE MART HYDERABAD,657632808968,"6,600.21",,273615.64
07-07-2025,UPI/DR/876612370102/Rapido/PAYTM/rapido@icici/UPI,593999701712,400.65,,273214.99
07-07-2025,SALARY CREDIT/S3141775922180/L&T Infotech Ltd,132864249852,,"127,430.21",400645.20
08-07-2025,UPI/DR/721392608563/Hotstar/ICICI/hotstar@hdfcbank/UPI,414165986437,649.00,,399996.20
08-07-2025,UPI/DR/644814944469/Nykaa/PAYTM/nykaa@razorpay/UPI,902997259179,"3,650.86",,396345.34
09-07-2025,UPI/DR/377586092668/Rapido/PAYTM/rapido@icici/UPI,375224355664,800.80,,395544.54
09-07-2025,UPI/CR/386898935290/Mukesh/KKBK/mukesh631@aubank/UPI,314790529909,,"7,250.75",402795.29
09-07-2025,UPI/DR/785035989721/Amazon/ICICI/amazon@apl/UPI,065619689808,"2,490.44",,400304.85
10-07-2025,ATM CASH WITHDRAWAL/75941/HYDERABAD,516852631657,"10,000.00",,390304.85
10-07-2025,UPI/CR/652543593337/Kapil/UTIB/9122331639@ibl/UPI,985191028064,,"12,850.36",403155.21
12-07-2025,UPI/DR/370369688349/Flipkart/ICICI/flipkart@ybl/UPI,501868106868,480.33,,402674.88
12-07-2025,NACH/MANDATE/RNT3441731/RENT MANDATE,913998151004,"24,500.00",,378174.88
12-07-2025,NACH/MANDATE/LN347487248518/Manappuram Finance,193784185082,"11,000.00",,367174.88
12-07-2025,IMPS-290191255378-Vikram Chatterje,554246701378,"2,100.19",,365074.69
13-07-2025,UPI/CR/862166435193/Manish/KKBK/manish630@okicici/UPI,125762153188,,"6,800.82",371875.51
13-07-2025,UPI/DR/452874517342/Airtel/PAYTM/jio@paytm/UPI,839577026491,929.00,,370946.51
14-07-2025,UPI/CR/658509065571/Preeti/SBIN/5695594840@okaxis/UPI,833578986044,,"13,500.93",384447.44
14-07-2025,UPI/DR/754915802190/Ola/PAYTM/olamoney@ola/UPI,168159327729,690.15,,383757.29
16-07-2025,UPI/DR/364911333982/Paytm/ICICI/paytm@paytm/UPI,274399606090,"1,050.95",,382706.34
16-07-2025,UPI/DR/225685651789/MSEDCL/UPIN/msedclpayment@upi/UPI,633148207825,"1,500.91",,381205.43
17-07-2025,UPI/CR/682292640919/Swati/PUNB/swati616@ptsbi/UPI,172860552244,,750.21,381955.64
18-07-2025,POS INDIAN OIL HYDERABA,501693844776,"3,850.21",,378105.43
18-07-2025,UPI/DR/013987288923/Airtel/PAYTM/jio@paytm/UPI,733390625498,339.00,,377766.43
18-07-2025,POS CENTRAL MALL HYDERABAD,148197516606,"3,000.01",,374766.42
19-07-2025,POS SHOPPERS STOP HYDERABAD,298883412571,"4,050.56",,370715.86
20-07-2025,NEFT/N4204545884345/Cipla Limited,254085793293,,"8,000.62",378716.48
20-07-2025,UPI/DR/437723005282/Ajay/FDRL/2746993002@upi/UPI,652996080227,"17,650.32",,361066.16
20-07-2025,UPI/DR/694246307387/BSNL/ICICI/bsnlbroadband@upi/UPI,232651627256,"2,620.98",,358445.18
20-07-2025,IMPS-820708331169-Poonam Gupta,151688276958,"21,100.14",,337345.04
21-07-2025,UPI/DR/433048054113/Amazon/ICICI/amazon@apl/UPI,233668106851,610.15,,336734.89
22-07-2025,POS VISHAL MEGA MART HYDERABAD,109404575590,"8,300.69",,328434.20
23-07-2025,UPI/DR/184513632616/Indane/ICICI/indanegas@upi/UPI,190636796063,"1,600.81",,326833.39
23-07-2025,UPI/DR/965166821258/Uber/PAYTM/uber@paytm/UPI,315193946860,370.61,,326462.78
24-07-2025,UPI/DR/352541113300/Swiggy/ICICI/swiggy@icici/UPI,216554293652,"1,300.10",,325162.68
24-07-2025,UPI/DR/168034856807/PhonePe/ICICI/phonepe@ybl/UPI,411674362342,"1,070.69",,324091.99
26-07-2025,UPI/CR/901576770014/Vandana/BARB/5333311842@kotak/UPI,540951319946,,"8,900.00",332991.99
27-07-2025,MAINTENANCE CHARGES,213047138814,490.00,,332501.99
27-07-2025,UPI/DR/883218779315/Airtel/PAYTM/jio@paytm/UPI,422876712550,709.00,,331792.99
27-07-2025,GST ON CHARGES,398752160368,88.20,,331704.79
29-07-2025,ATM CASH WITHDRAWAL/58370/HYDERABAD,049362893838,"5,500.00",,326204.79
29-07-2025,UPI/DR/723812066218/Netmeds/ICICI/netmeds@paytm/UPI,998271103849,"1,690.25",,324514.54
29-07-2025,UPI/DR/077056729847/Akash/FDRL/1646766576@axl/UPI,242007515386,"10,900.70",,313613.84
30-07-2025,POS V MART HYDERABAD,460343916539,"4,600.53",,309013.31
30-07-2025,UPI/DR/263809665553/Radha/UCBA/radhakuma40@okaxis/UPI,038891191097,"1,600.60",,307412.71
30-07-2025,UPI/DR/806801712024/Amazon/ICICI/amazon@apl/UPI,618896223198,"2,430.76",,304981.95
30-07-2025,POS CENTRAL MALL HYDERABAD,988494275184,"5,500.40",,299481.55
31-07-2025,UPI/DR/999887834298/Amazon/ICICI/amazon@apl/UPI,407730460625,570.76,,298910.79
01-08-2025,UPI/DR/328082876102/Amazon/ICICI/amazon@apl/UPI,974157590452,"1,400.99",,297509.80
01-08-2025,UPI/CR/563492477257/Mohit/BARB/5733297056@ibl/UPI,101630054709,,"8,950.67",306460.47
02-08-2025,UPI/DR/827716459940/Swiggy/ICICI/swiggy@icici/UPI,458177985071,490.09,,305970.38
03-08-2025,UPI/DR/638833422935/Uber/PAYTM/uber@paytm/UPI,032702670764,550.32,,305420.06
03-08-2025,UPI/DR/190682937895/Geeta/BDBL/geetakhan43@apl/UPI,344746852828,"6,850.55",,298569.51
04-08-2025,UPI/CR/033047027765/Gaurav/BDBL/9016537071@upi/UPI,984030734041,,"9,250.91",307820.42
04-08-2025,UPI/CR/474154021556/Kamal/BARB/kamal919@okhdfcbank/UPI,592007207966,,"1,000.56",308820.98
05-08-2025,POS SHOPPERS STOP HYDERABAD,300950425162,"7,650.96",,301170.02
05-08-2025,ATM CASH WITHDRAWAL/39069/HYDERABAD,634595775569,"6,500.00",,294670.02
05-08-2025,UPI/DR/618423682747/Airtel/PAYTM/jio@paytm/UPI,915955860939,699.00,,293971.02
06-08-2025,ATM CASH WITHDRAWAL/00019/HYDERABAD,978848367832,"3,000.00",,290971.02
06-08-2025,UPI/DR/747630907365/Amazon/ICICI/amazon@apl/UPI,976893849240,"2,640.96",,288330.06
07-08-2025,SALARY CREDIT/S6869667203489/L&T Infotech Ltd,302388334688,,"131,397.21",419727.27
08-08-2025,NACH/MANDATE/RNT2964989/RENT MANDATE,943481800439,"24,500.00",,395227.27
08-08-2025,UPI/DR/746314021109/Uber/PAYTM/uber@paytm/UPI,263651474193,780.00,,394447.27
09-08-2025,UPI/DR/446213415954/Ola/PAYTM/olamoney@ola/UPI,494148315016,600.27,,393847.00
09-08-2025,UPI/DR/830713180887/Brijesh/SBIN/brijesh336@pthdfc/UPI,454609545649,"5,800.23",,388046.77
09-08-2025,UPI/DR/323358244256/Rakesh/BARB/rakesh.patel@apl/UPI,032339681592,"2,500.93",,385545.84
09-08-2025,UPI/CR/936114608699/Mahesh/UTIB/maheshiyer99@ptaxis/UPI,636749839157,,"21,750.59",407296.43
09-08-2025,POS HP PETROL PUMP HYDERABA,940920618149,"4,450.18",,402846.25
09-08-2025,UPI/DR/870195667043/MSEDCL/UPIN/msedclpayment@upi/UPI,201403385659,"3,100.99",,399745.26
09-08-2025,UPI/DR/069502314533/BSNL/RAZORPAY/broadband@paytm/UPI,200218080145,649.00,,399096.26
10-08-2025,UPI/DR/187743657953/PhonePe/ICICI/phonepe@ybl/UPI,479984007541,"1,580.31",,397515.95
11-08-2025,UPI/DR/950430103245/Ramesh/UTIB/ramesh476@ibl/UPI,855603618052,"15,250.03",,382265.92
11-08-2025,UPI/DR/117654986800/PhonePe/ICICI/phonepe@ybl/UPI,529132914792,"2,570.95",,379694.97
11-08-2025,UPI/DR/340408280710/Arjun/UCBA/arjun201@okaxis/UPI,412478021237,400.21,,379294.76
12-08-2025,UPI/DR/533518331616/Dinesh/SBIN/dinesh.nambiar@aubank/UPI,962678444996,"10,250.47",,369044.29
12-08-2025,UPI/DR/581425428127/Paytm/ICICI/paytm@paytm/UPI,194205747078,"1,370.00",,367674.29
13-08-2025,NACH/MANDATE/LN347487248518/Manappuram Finance,161215444498,"11,000.00",,356674.29
15-08-2025,POS METRO CASH CARRY HYDERABAD,203914089561,"5,150.90",,351523.39
15-08-2025,UPI/DR/205497527465/Sachin/BARB/sachin.singh@aubank/UPI,614421230846,"20,650.54",,330872.85
16-08-2025,UPI/DR/131249197397/Airtel/PAYTM/jio@paytm/UPI,703434412050,909.00,,329963.85
17-08-2025,UPI/DR/210309194927/Jio/ICICI/jio@paytm/UPI,875023162373,"1,190.15",,328773.70
17-08-2025,UPI/DR/292382051974/Airtel/PAYTM/jio@paytm/UPI,044971040672,279.00,,328494.70
17-08-2025,UPI/DR/065155109668/Ola/PAYTM/olamoney@ola/UPI,195064765597,350.02,,328144.68
19-08-2025,POS RELIANCE PETROLEUM HYDERABA,896470505472,"4,050.28",,324094.40
19-08-2025,POS MORE SUPER MARKET HYDERABAD,066175466933,"2,750.80",,321343.60
20-08-2025,UPI/DR/246157898991/Uber/ICICI/uber@paytm/UPI,201590071983,640.64,,320702.96
20-08-2025,UPI/DR/293309492068/Flipkart/ICICI/flipkart@ybl/UPI,768830311228,430.05,,320272.91
21-08-2025,UPI/CR/229043471469/Anjali/KKBK/anjaligupt80@upi/UPI,825988529951,,"20,350.10",340623.01
22-08-2025,UPI/DR/795608476792/Pooja/FDRL/poojakulk10@upi/UPI,453195672210,"3,400.79",,337222.22
23-08-2025,UPI/DR/240647035637/Airtel/PAYTM/jio@paytm/UPI,045361410543,709.00,,336513.22
24-08-2025,UPI/DR/114241910348/Saurabh/UCBA/saurabhpill14@okicici/UPI,288093192494,"20,800.83",,315712.39
24-08-2025,POS STAR BAZAAR HYDERABAD,267340517700,"7,550.41",,308161.98
26-08-2025,UPI/DR/236132348694/Dunzo/ICICI/dunzo@razorpay/UPI,699560364860,"2,400.45",,305761.53
26-08-2025,UPI/DR/338850731161/Indane/ICICI/indanegas@upi/UPI,643931702528,850.29,,304911.24
27-08-2025,POS INDIAN OIL HYDERABA,073625969077,"2,950.45",,301960.79
27-08-2025,UPI/DR/979167689107/Rapido/PAYTM/rapido@icici/UPI,311871139639,520.79,,301440.00
28-08-2025,UPI/DR/881176389365/Nykaa/PAYTM/nykaa@razorpay/UPI,911270259968,"5,700.76",,295739.24
28-08-2025,UPI/DR/300106583835/Amazon/ICICI/amazon@apl/UPI,300124893848,990.17,,294749.07
28-08-2025,UPI/DR/669016831681/BigBasket/ICICI/bigbasket@ybl/UPI,740286374871,380.12,,294368.95
28-08-2025,POS BHARAT PETROLEUM HYDERABA,054748578576,"1,000.08",,293368.87
30-08-2025,UPI/DR/711647173124/Zomato/ICICI/zomato@axisbank/UPI,027149168257,120.90,,293247.97
30-08-2025,UPI/DR/571577842321/Swiggy/ICICI/swiggy@icici/UPI,711440697544,740.72,,292507.25
31-08-2025,UPI/DR/031127441170/Zepto/ICICI/zepto@apl/UPI,924840037465,"1,890.08",,290617.17
31-08-2025,MAINTENANCE CHARGES,655908461576,130.00,,290487.17
31-08-2025,GST ON CHARGES,611213774670,23.40,,290463.77
01-09-2025,UPI/DR/987068876375/Vishal/SBIN/6250017806@pthdfc/UPI,262763771576,"9,700.95",,280762.82
01-09-2025,UPI/CR/385125041079/Dinesh/UCBA/dinesh.bose@oksbi/UPI,463347246410,,"14,150.61",294913.43
02-09-2025,UPI/DR/297984728849/Meena/BARB/meenadesa40@apl/UPI,700296085336,"9,450.17",,285463.26
03-09-2025,POS MAX FASHION HYDERABAD,881760488108,"8,100.86",,277362.40
04-09-2025,UPI/DR/554337605768/Flipkart/PAYTM/flipkart@ybl/UPI,948438811047,550.03,,276812.37
04-09-2025,UPI/DR/839317626453/Uber/PAYTM/uber@paytm/UPI,924239434345,620.75,,276191.62
04-09-2025,UPI/DR/759846268923/Airtel/PAYTM/jio@paytm/UPI,147819751178,999.00,,275192.62
06-09-2025,UPI/DR/581059840479/BSNL/RAZORPAY/broadband@paytm/UPI,590685434648,749.00,,274443.62
06-09-2025,UPI/DR/774710704844/LIC/LICI/licindia@licindia/UPI,287065615044,"7,300.00",,267143.62
06-09-2025,ATM CASH WITHDRAWAL/69273/HYDERABAD,134240754974,"9,500.00",,257643.62
07-09-2025,UPI/DR/984272052582/Paytm/ICICI/paytm@paytm/UPI,402234653156,430.89,,257212.73
07-09-2025,SALARY CREDIT/S9196869141535/L&T Infotech Ltd,268391180134,,"126,320.21",383532.94
07-09-2025,UPI/CR/294021622649/Tarun/UTIB/tarun384@ybl/UPI,786487394644,,"17,400.06",400933.00
08-09-2025,UPI/DR/873302264170/Ola/ICICI/olamoney@ola/UPI,378168701923,"1,780.33",,399152.67
10-09-2025,NACH/MANDATE/LN347487248518/Manappuram Finance,555775030715,"11,000.00",,388152.67
10-09-2025,UPI/DR/683473217743/Zepto/ICICI/zepto@apl/UPI,291162106943,"2,270.05",,385882.62
10-09-2025,UPI/DR/612111194098/Blinkit/ICICI/blinkit@kotak/UPI,874599029165,"2,700.72",,383181.90
11-09-2025,UPI/CR/559157495355/Kapil/BARB/7076405334@apl/UPI,396826124151,,"13,100.14",396282.04
12-09-2025,NACH/MANDATE/RNT2287543/RENT MANDATE,863634299572,"24,500.00",,371782.04
12-09-2025,UPI/DR/367928682780/Jio/ICICI/jio@paytm/UPI,731450636201,"2,390.52",,369391.52
12-09-2025,UPI/CR/860267784540/Arjun/SBIN/arjundutt48@okhdfcbank/UPI,649938672115,,"16,050.67",385442.19
13-09-2025,POS INDIAN OIL HYDERABA,337959744296,"3,450.57",,381991.62
13-09-2025,POS V MART HYDERABAD,973654158843,400.31,,381591.31
15-09-2025,UPI/DR/700789096370/Ola/ICICI/olamoney@ola/UPI,857477482555,710.08,,380881.23
15-09-2025,UPI/DR/963967828522/Flipkart/ICICI/flipkart@ybl/UPI,386476177135,940.14,,379941.09
15-09-2025,UPI/DR/406590484672/Flipkart/ICICI/flipkart@ybl/UPI,984705980805,"2,650.69",,377290.40
16-09-2025,UPI/DR/072773539451/Ola/ICICI/olamoney@ola/UPI,474881462902,"2,740.28",,374550.12
16-09-2025,UPI/DR/571316013021/Rapido/PAYTM/rapido@icici/UPI,755170009006,460.40,,374089.72
16-09-2025,UPI/DR/355061516207/Geeta/BKID/geeta.mishra@oksbi/UPI,536507167071,"1,300.02",,372789.70
17-09-2025,POS CENTRAL MALL HYDERABAD,863932850780,"2,200.45",,370589.25
18-09-2025,UPI/DR/344234267564/Rapido/PAYTM/rapido@icici/UPI,722087697736,870.24,,369719.01
19-09-2025,UPI/DR/086835355921/Myntra/PAYTM/myntra@ybl/UPI,357987713004,"4,250.79",,365468.22
19-09-2025,UPI/DR/723987807518/Indane/ICICI/indanegas@upi/UPI,602877783997,"2,450.62",,363017.60
20-09-2025,UPI/DR/163806890912/Swiggy/ICICI/swiggy@icici/UPI,617695056396,440.81,,362576.79
20-09-2025,UPI/DR/192637317923/Airtel/PAYTM/jio@paytm/UPI,139229252941,509.00,,362067.79
21-09-2025,UPI/DR/935754165008/MSEDCL/UPIN/msedclpayment@upi/UPI,780244960748,"2,400.47",,359667.32
21-09-2025,UPI/DR/990281963276/Ola/PAYTM/olamoney@ola/UPI,239516360316,430.63,,359236.69
22-09-2025,UPI/DR/609909434387/Airtel/PAYTM/jio@paytm/UPI,104542516446,649.00,,358587.69
23-09-2025,UPI/DR/132514600108/Jio/ICICI/jio@paytm/UPI,959181812773,280.78,,358306.91
23-09-2025,UPI/DR/600849714265/Airtel/PAYTM/jio@paytm/UPI,960351697707,919.00,,357387.91
24-09-2025,UPI/DR/674322629166/Amazon/ICICI/amazon@apl/UPI,195301259681,820.83,,356567.08
24-09-2025,POS SHOPPERS STOP HYDERABAD,661085736187,"6,800.45",,349766.63
25-09-2025,UPI/DR/396989536743/Mohit/SBIN/mohitsriv68@aubank/UPI,081034378295,"10,200.64",,339565.99
26-09-2025,ATM CASH WITHDRAWAL/78171/HYDERABAD,217255580350,"3,000.00",,336565.99
26-09-2025,UPI/DR/342819863459/Airtel/PAYTM/jio@paytm/UPI,574162139388,189.00,,336376.99
27-09-2025,UPI/DR/500424711546/Ola/ICICI/olamoney@ola/UPI,888207811701,"1,900.19",,334476.80
27-09-2025,INTEREST CREDIT,559326349300,,345.63,334822.43
28-09-2025,POS BHARAT PETROLEUM HYDERABA,760994448910,"2,900.66",,331921.77
29-09-2025,UPI/DR/090660612016/Amazon/ICICI/amazon@apl/UPI,306473002516,"2,230.17",,329691.60
30-09-2025,UPI/DR/074285247174/Dunzo/ICICI/dunzo@razorpay/UPI,360769911352,220.45,,329471.15
30-09-2025,UPI/DR/275489704352/Naveen/BKID/4715021753@ptyes/UPI,546993617918,"20,050.05",,309421.10
01-10-2025,UPI/DR/785548195459/Sangita/BDBL/sangita.iyer@ptaxis/UPI,523751915839,850.95,,308570.15
01-10-2025,UPI/DR/259455269282/PhonePe/ICICI/phonepe@ybl/UPI,011371840233,"2,760.06",,305810.09
01-10-2025,UPI/DR/688504881769/Paytm/ICICI/paytm@paytm/UPI,526076332674,"1,380.14",,304429.95
02-10-2025,UPI/DR/495046363423/Nykaa/ICICI/nykaa@razorpay/UPI,162694502762,399.00,,304030.95
02-10-2025,UPI/DR/830051889248/BSNL/RAZORPAY/broadband@paytm/UPI,771268585093,299.00,,303731.95
03-10-2025,POS HP PETROL PUMP HYDERABA,942093423963,"2,650.10",,301081.85
04-10-2025,UPI/CR/431616368282/Ritu/SBIN/5007091034@kotak/UPI,718029900799,,"13,100.96",314182.81
04-10-2025,UPI/DR/977128539320/Zepto/ICICI/zepto@apl/UPI,097995198707,"1,730.30",,312452.51
04-10-2025,UPI/DR/995714534072/Airtel/PAYTM/jio@paytm/UPI,830384962624,789.00,,311663.51
04-10-2025,POS VISHAL MEGA MART HYDERABAD,841400017129,"6,900.91",,304762.60
05-10-2025,UPI/DR/557670386259/Nykaa/PAYTM/nykaa@razorpay/UPI,015020787363,"1,150.42",,303612.18
06-10-2025,UPI/DR/892055815070/Dunzo/ICICI/dunzo@razorpay/UPI,934962436574,"2,670.14",,300942.04
06-10-2025,POS METRO CASH CARRY HYDERABAD,700462933533,"3,400.10",,297541.94
07-10-2025,SALARY CREDIT/S6160816616041/L&T Infotech Ltd,360405731254,,"127,437.21",424979.15
07-10-2025,UPI/DR/823124698997/PhonePe/ICICI/phonepe@ybl/UPI,787722718759,560.61,,424418.54
08-10-2025,UPI/DR/969278122870/Ola/PAYTM/olamoney@ola/UPI,634702148080,100.13,,424318.41
08-10-2025,UPI/CR/783195631558/Lalit/BARB/lalit.ghosh@ybl/UPI,806912229626,,"19,800.73",444119.14
08-10-2025,UPI/DR/986400833217/Zomato/ICICI/zomato@axisbank/UPI,350535276144,"2,420.03",,441699.11
09-10-2025,UPI/CR/541132153412/Rajan/SBIN/rajandube52@apl/UPI,327522344656,,"8,500.45",450199.56
11-10-2025,NACH/MANDATE/RNT7831358/RENT MANDATE,374448157283,"24,500.00",,425699.56
11-10-2025,UPI/DR/942892018166/BigBasket/ICICI/bigbasket@ybl/UPI,709915889334,"1,200.38",,424499.18
11-10-2025,UPI/DR/432744340410/BigBasket/ICICI/bigbasket@ybl/UPI,030393284943,"1,870.65",,422628.53
12-10-2025,UPI/DR/038636414371/Indane/ICICI/indanegas@upi/UPI,691820309948,"2,000.45",,420628.08
12-10-2025,UPI/DR/664520409433/BigBasket/ICICI/bigbasket@ybl/UPI,533693665735,"2,040.02",,418588.06
12-10-2025,UPI/DR/395525335146/Himanshu/UTIB/himanshupill56@apl/UPI,725651958721,"19,700.77",,398887.29
13-10-2025,UPI/DR/212462815795/Airtel/PAYTM/jio@paytm/UPI,188797808426,539.00,,398348.29
13-10-2025,UPI/DR/596710247100/Paytm/ICICI/paytm@paytm/UPI,016024463277,620.12,,397728.17
14-10-2025,NACH/MANDATE/LN347487248518/Manappuram Finance,544085265049,"11,000.00",,386728.17
15-10-2025,UPI/DR/007918755607/PhonePe/ICICI/phonepe@ybl/UPI,787257213578,"2,190.88",,384537.29
15-10-2025,UPI/DR/679195226464/Deepa/SBIN/deepasen93@kotak/UPI,500926497163,"15,750.12",,368787.17
17-10-2025,UPI/DR/654836434243/MSEDCL/UPIN/msedclpayment@upi/UPI,626326704991,"3,900.76",,364886.41
17-10-2025,UPI/DR/715739164062/Airtel/PAYTM/jio@paytm/UPI,966628868959,579.00,,364307.41
17-10-2025,UPI/CR/223639298994/Priya/HDFC/priya.patel@axl/UPI,618895363050,,"11,300.90",375608.31
18-10-2025,ATM CASH WITHDRAWAL/74332/HYDERABAD,526785624884,"5,000.00",,370608.31
18-10-2025,ATM CASH WITHDRAWAL/61063/HYDERABAD,263109240660,"9,000.00",,361608.31
18-10-2025,POS RELIANCE PETROLEUM HYDERABA,790144926330,"3,250.30",,358358.01
19-10-2025,UPI/DR/777428490353/Rapido/PAYTM/rapido@icici/UPI,613856763329,760.89,,357597.12
19-10-2025,UPI/DR/757760930036/Uber/PAYTM/uber@paytm/UPI,333431040320,400.97,,357196.15
19-10-2025,UPI/DR/253223177293/Deepak/UTIB/deepakpill57@ptaxis/UPI,085858183321,"21,450.74",,335745.41
20-10-2025,UPI/DR/878860352240/Maya/HDFC/5504081489@axl/UPI,462753977385,"1,800.08",,333945.33
21-10-2025,UPI/CR/199324876417/Gaurav/KKBK/gauravverm40@ybl/UPI,827213966135,,"1,650.36",335595.69
21-10-2025,UPI/DR/035657832262/Flipkart/ICICI/flipkart@ybl/UPI,303649416126,"1,930.75",,333664.94
24-10-2025,IMPS-037941108717-Isha Shukla,888674283375,"32,000.48",,301664.46
24-10-2025,UPI/DR/627073295199/Divya/FDRL/divyachau67@axl/UPI,549703820204,"13,150.09",,288514.37
24-10-2025,POS INDIAN OIL HYDERABA,945922790156,"3,050.66",,285463.71
24-10-2025,UPI/DR/313327655334/Swati/UCBA/swati.pandey@ibl/UPI,883229613162,"5,550.49",,279913.22
24-10-2025,UPI/DR/238839242832/Ola/PAYTM/olamoney@ola/UPI,579438983729,810.54,,279102.68
25-10-2025,UPI/DR/128601956130/Swiggy/ICICI/swiggy@icici/UPI,482336783485,"1,030.49",,278072.19
25-10-2025,UPI/DR/641231860028/Zepto/ICICI/zepto@apl/UPI,414673173907,"2,550.72",,275521.47
26-10-2025,UPI/DR/590084401385/Ajay/UTIB/ajaypand18@pthdfc/UPI,049988119268,"18,550.29",,256971.18
26-10-2025,UPI/DR/266046983658/Airtel/PAYTM/jio@paytm/UPI,885637352617,519.00,,256452.18
27-10-2025,UPI/DR/996957621729/Rapido/PAYTM/rapido@icici/UPI,936552963197,200.66,,256251.52
27-10-2025,UPI/DR/747020192257/Vishal/UTIB/vishalmukh28@ptyes/UPI,257302043836,"15,700.18",,240551.34
29-10-2025,UPI/DR/510264462874/Swiggy/ICICI/swiggy@icici/UPI,625753388655,"1,460.77",,239090.57
31-10-2025,POS BRAND FACTORY HYDERABAD,073845526358,"2,000.72",,237089.85
01-11-2025,POS PANTALOONS HYDERABAD,557945694014,"1,600.06",,235489.79
02-11-2025,UPI/DR/848433225236/Dunzo/ICICI/dunzo@razorpay/UPI,274848138372,"1,440.69",,234049.10
03-11-2025,UPI/DR/684193050810/Airtel/PAYTM/jio@paytm/UPI,182962670493,579.00,,233470.10
04-11-2025,UPI/DR/767971866652/Ankit/FDRL/6386444303@okhdfcbank/UPI,110259263816,"2,100.89",,231369.21
04-11-2025,UPI/DR/411482511323/Flipkart/ICICI/flipkart@ybl/UPI,046187775974,480.76,,230888.45
04-11-2025,UPI/CR/715090774147/Divya/HDFC/divya.iyer@kotak/UPI,882929438536,,"13,050.60",243939.05
04-11-2025,UPI/DR/636783932603/Rapido/PAYTM/rapido@icici/UPI,251642506547,790.39,,243148.66
05-11-2025,UPI/DR/311459677063/Saurabh/UTIB/saurabhmeht21@paytm/UPI,267419595494,"7,250.72",,235897.94
07-11-2025,UPI/CR/936940889532/Kapil/UCBA/kapildas64@ibl/UPI,819580269425,,"9,500.93",245398.87
07-11-2025,SALARY CREDIT/S3345790841074/L&T Infotech Ltd,065360125849,,"128,092.21",373491.08
09-11-2025,POS HP PETROL PUMP HYDERABA,008640930808,"1,650.69",,371840.39
10-11-2025,UPI/DR/096778502108/Lalit/UCBA/lalit395@ptyes/UPI,789241441264,"9,000.33",,362840.06
10-11-2025,NACH/MANDATE/RNT6941541/RENT MANDATE,302289310566,"24,500.00",,338340.06
10-11-2025,POS INDIAN OIL HYDERABA,294207369491,"3,450.30",,334889.76
11-11-2025,POS SHOPPERS STOP HYDERABAD,585398695047,"7,750.52",,327139.24
11-11-2025,UPI/CR/153075604833/Mukesh/KKBK/mukeshmeht71@aubank/UPI,146216997127,,"14,300.51",341439.75
12-11-2025,UPI/DR/707485302881/Airtel/PAYTM/jio@paytm/UPI,599871366769,899.00,,340540.75
12-11-2025,UPI/CR/681677609737/Suresh/HDFC/suresh.khanna@okhdfcbank/UPI,376871675883,,"10,750.95",351291.70
12-11-2025,NACH/MANDATE/LN347487248518/Manappuram Finance,277355110459,"11,000.00",,340291.70
12-11-2025,UPI/CR/911100714581/Ramesh/BARB/2629166325@axl/UPI,337696948657,,"14,050.09",354341.79
13-11-2025,UPI/DR/327846306692/Ola/ICICI/olamoney@ola/UPI,322428829032,"1,480.40",,352861.39
14-11-2025,UPI/DR/897897840415/Kavya/HDFC/kavya479@kotak/UPI,469371089446,"16,350.24",,336511.15
15-11-2025,UPI/DR/610472683978/BSNL/RAZORPAY/broadband@paytm/UPI,612653557033,699.00,,335812.15
15-11-2025,POS MORE SUPER MARKET HYDERABAD,890475711048,"7,950.31",,327861.84
16-11-2025,UPI/DR/166301115760/Amazon/ICICI/amazon@apl/UPI,394604760368,530.99,,327330.85
16-11-2025,POS LIFESTYLE STORES HYDERABAD,742480946278,"6,500.68",,320830.17
16-11-2025,UPI/DR/489004224704/Swiggy/ICICI/swiggy@icici/UPI,745555102256,"1,210.88",,319619.29
18-11-2025,POS BRAND FACTORY HYDERABAD,518782878651,"7,750.87",,311868.42
18-11-2025,UPI/CR/625524995450/Jyoti/BKID/jyoti830@pthdfc/UPI,284795932614,,"13,250.01",325118.43
19-11-2025,UPI/DR/505205958781/Uber/PAYTM/uber@paytm/UPI,756341779329,300.37,,324818.06
19-11-2025,UPI/DR/337982703536/Indane/ICICI/indanegas@upi/UPI,914453392402,"1,700.90",,323117.16
19-11-2025,UPI/DR/653308622571/Airtel/PAYTM/jio@paytm/UPI,483807399721,759.00,,322358.16
19-11-2025,UPI/DR/725563728717/Ola/PAYTM/olamoney@ola/UPI,518842259808,820.28,,321537.88
20-11-2025,IMPS-344948298620-Sangita Khanna,251089095581,"37,200.64",,284337.24
20-11-2025,UPI/DR/329532503598/Uber/PAYTM/uber@paytm/UPI,211492292221,490.08,,283847.16
20-11-2025,UPI/CR/683807936779/Pallavi/UCBA/pallavi.mehta@oksbi/UPI,685463505366,,"2,350.88",286198.04
20-11-2025,UPI/DR/890248017624/MSEDCL/UPIN/msedclpayment@upi/UPI,922438934844,700.86,,285497.18
21-11-2025,UPI/DR/083794945511/BigBasket/ICICI/bigbasket@ybl/UPI,069960321598,"1,070.45",,284426.73
21-11-2025,UPI/DR/769856456844/Ola/PAYTM/olamoney@ola/UPI,986443291854,350.49,,284076.24
22-11-2025,UPI/DR/984573866978/Amazon/ICICI/amazon@apl/UPI,606522953184,"1,810.97",,282265.27
22-11-2025,UPI/DR/193621221237/Meena/UCBA/6132424585@kotak/UPI,018526606820,"10,850.92",,271414.35
22-11-2025,POS MAX FASHION HYDERABAD,342379751242,"2,550.69",,268863.66
22-11-2025,UPI/DR/001010420571/Zepto/ICICI/zepto@apl/UPI,934479036927,670.45,,268193.21
25-11-2025,UPI/DR/051763634771/Amazon/PAYTM/amazon@apl/UPI,417362905292,"5,400.40",,262792.81
25-11-2025,UPI/CR/331510667531/Manoj/PUNB/manoj638@ibl/UPI,320150057780,,"2,700.85",265493.66
26-11-2025,UPI/DR/524889632637/Netmeds/ICICI/netmeds@paytm/UPI,236384321490,650.54,,264843.12
26-11-2025,POS BIG BAZAAR HYDERABAD,242571773478,"1,850.35",,262992.77
26-11-2025,UPI/DR/146993636093/Amazon/PAYTM/amazon@apl/UPI,268513677504,"2,300.52",,260692.25
27-11-2025,ATM CASH WITHDRAWAL/59368/HYDERABAD,393596073924,"2,000.00",,258692.25
27-11-2025,MAINTENANCE CHARGES,086574756324,360.00,,258332.25
27-11-2025,GST ON CHARGES,193187642206,64.80,,258267.45
27-11-2025,UPI/DR/422722871707/Myntra/PAYTM/myntra@ybl/UPI,210010279560,"2,350.17",,255917.28
28-11-2025,UPI/DR/872278243318/Lata/KKBK/latashuk33@okaxis/UPI,340203765892,"1,350.07",,254567.21
29-11-2025,POS SHELL FUEL STATION HYDERABA,091309324800,"1,750.01",,252817.20
01-12-2025,POS SHOPPERS STOP HYDERABAD,748161581369,"5,100.92",,247716.28
01-12-2025,UPI/DR/255186338332/Varsha/KKBK/varsha.banerjee@kotak/UPI,243846003644,"16,200.65",,231515.63
01-12-2025,ATM CASH WITHDRAWAL/09055/HYDERABAD,926223036973,"3,000.00",,228515.63
03-12-2025,POS STAR BAZAAR HYDERABAD,672679417918,"1,750.95",,226764.68
03-12-2025,UPI/DR/072588800502/Rapido/PAYTM/rapido@icici/UPI,151919064690,230.05,,226534.63
04-12-2025,UPI/DR/254603591099/Zepto/ICICI/zepto@apl/UPI,674383249267,730.93,,225803.70
04-12-2025,ATM CASH WITHDRAWAL/95228/HYDERABAD,674010944456,"1,000.00",,224803.70
05-12-2025,UPI/DR/845422920091/Airtel/PAYTM/jio@paytm/UPI,400085389169,579.00,,224224.70
05-12-2025,ATM CASH WITHDRAWAL/91143/HYDERABAD,946663637091,"4,000.00",,220224.70
05-12-2025,UPI/DR/005201745458/Dunzo/ICICI/dunzo@razorpay/UPI,498906965566,"1,420.33",,218804.37
05-12-2025,UPI/DR/522199570118/BigBasket/ICICI/bigbasket@ybl/UPI,340308295306,"1,110.29",,217694.08
05-12-2025,UPI/CR/001108233229/Isha/UTIB/isha384@paytm/UPI,159682672818,,"4,250.24",221944.32
06-12-2025,UPI/DR/892808963406/Flipkart/ICICI/flipkart@ybl/UPI,765849002209,"2,800.03",,219144.29
06-12-2025,POS VISHAL MEGA MART HYDERABAD,878845961649,"3,500.48",,215643.81
07-12-2025,UPI/DR/455780385933/Paytm/ICICI/paytm@paytm/UPI,546866373765,"2,440.61",,213203.20
07-12-2025,UPI/DR/004163352114/Suresh/UTIB/sureshroy17@kotak/UPI,811338275429,"9,650.42",,203552.78
07-12-2025,SALARY CREDIT/S9160248507687/L&T Infotech Ltd,512468080665,,"131,228.21",334780.99
08-12-2025,NACH/MANDATE/RNT7639522/RENT MANDATE,317021615067,"24,500.00",,310280.99
08-12-2025,UPI/DR/982765027937/PhonePe/ICICI/phonepe@ybl/UPI,260010111561,"2,410.07",,307870.92
08-12-2025,UPI/DR/840552868791/LIC/LICI/licindia@licindia/UPI,719110672990,"7,300.00",,300570.92
09-12-2025,NACH/MANDATE/LN347487248518/Manappuram Finance,325574109024,"11,000.00",,289570.92
09-12-2025,UPI/CR/745941471324/Babita/SBIN/babita.mehta@ptsbi/UPI,812873079602,,"16,700.80",306271.72
09-12-2025,UPI/DR/039983392892/Vijay/PUNB/1714451063@upi/UPI,704473835702,"6,100.49",,300171.23
10-12-2025,POS HP PETROL PUMP HYDERABA,018569729403,"3,000.92",,297170.31
11-12-2025,ATM CASH WITHDRAWAL/78766/HYDERABAD,586435749937,"9,500.00",,287670.31
12-12-2025,UPI/DR/872484016741/Airtel/PAYTM/jio@paytm/UPI,555969995529,399.00,,287271.31
12-12-2025,UPI/DR/458524020072/Radha/FDRL/radha.shukla@ibl/UPI,176721417960,"2,050.23",,285221.08
13-12-2025,UPI/CR/699147082639/Anil/BARB/anil508@ptsbi/UPI,941234573404,,"8,200.35",293421.43
13-12-2025,UPI/DR/132430574397/Uber/PAYTM/uber@paytm/UPI,945157341972,850.07,,292571.36
14-12-2025,POS METRO CASH CARRY HYDERABAD,826066510664,"2,850.90",,289720.46
15-12-2025,POS STAR BAZAAR HYDERABAD,871964063508,"4,050.65",,285669.81
15-12-2025,UPI/DR/458595715351/Uber/PAYTM/uber@paytm/UPI,735539681475,710.56,,284959.25
15-12-2025,UPI/DR/948156190025/BSNL/RAZORPAY/broadband@paytm/UPI,893403919423,399.00,,284560.25
16-12-2025,UPI/DR/550750006224/Zepto/ICICI/zepto@apl/UPI,208081357365,"2,270.41",,282289.84
16-12-2025,POS PANTALOONS HYDERABAD,064299655368,"5,500.07",,276789.77
16-12-2025,UPI/DR/058846532107/Uber/PAYTM/uber@paytm/UPI,514883286239,840.42,,275949.35
16-12-2025,UPI/DR/149633579016/Uber/PAYTM/uber@paytm/UPI,353002314702,690.82,,275258.53
17-12-2025,UPI/DR/051742518760/Nykaa/ICICI/nykaa@razorpay/UPI,097142148067,999.00,,274259.53
17-12-2025,UPI/DR/195424459189/BigBasket/ICICI/bigbasket@ybl/UPI,280457455840,"1,660.25",,272599.28
17-12-2025,UPI/DR/203181787116/Sanjay/UCBA/1327766369@kotak/UPI,422854403770,"19,750.39",,252848.89
17-12-2025,UPI/DR/282475816643/Rapido/PAYTM/rapido@icici/UPI,182980447618,440.80,,252408.09
17-12-2025,UPI/DR/782937996950/Rajan/SBIN/rajan142@ptsbi/UPI,106054825030,"5,400.39",,247007.70
19-12-2025,UPI/DR/222200891844/Uber/ICICI/uber@paytm/UPI,836519959655,"2,390.01",,244617.69
19-12-2025,UPI/DR/470806150877/Airtel/PAYTM/jio@paytm/UPI,665468711869,399.00,,244218.69
19-12-2025,UPI/DR/988116825070/Flipkart/PAYTM/flipkart@ybl/UPI,981641318273,"5,000.39",,239218.30
19-12-2025,UPI/DR/945654905679/MSEDCL/UPIN/msedclpayment@upi/UPI,626818244592,"2,150.49",,237067.81
21-12-2025,UPI/DR/088227071019/Airtel/PAYTM/jio@paytm/UPI,346625440357,809.00,,236258.81
21-12-2025,UPI/DR/691296404129/Indane/ICICI/indanegas@upi/UPI,355304119570,"2,800.83",,233457.98
21-12-2025,UPI/DR/007568112818/PhonePe/ICICI/phonepe@ybl/UPI,879861646417,"2,570.76",,230887.22
21-12-2025,UPI/DR/098662679507/Girish/PUNB/girishmukh61@paytm/UPI,272329804644,"15,550.69",,215336.53
21-12-2025,UPI/DR/645201794567/BSNL/ICICI/bsnlbroadband@upi/UPI,774031322586,510.88,,214825.65
22-12-2025,UPI/DR/400359008783/PhonePe/ICICI/phonepe@ybl/UPI,716223934312,"1,930.52",,212895.13
23-12-2025,ATM CASH WITHDRAWAL/02411/HYDERABAD,702534669100,"5,000.00",,207895.13
23-12-2025,ATM CASH WITHDRAWAL/58032/HYDERABAD,703653336711,"2,500.00",,205395.13
23-12-2025,UPI/DR/413125894498/Uber/ICICI/uber@paytm/UPI,310277659214,"1,130.71",,204264.42
24-12-2025,UPI/DR/529482209475/Naveen/PUNB/naveenmukh43@axl/UPI,866903995440,"11,450.36",,192814.06
24-12-2025,UPI/DR/535177686972/Vijay/PUNB/vijay173@oksbi/UPI,468072386361,"6,150.04",,186664.02
24-12-2025,UPI/DR/790592758932/Ola/ICICI/olamoney@ola/UPI,607902449880,"1,350.22",,185313.80
26-12-2025,POS SHOPPERS STOP HYDERABAD,758264551893,"2,350.35",,182963.45
26-12-2025,UPI/DR/210878662489/Amazon/PAYTM/amazon@apl/UPI,105806362084,"2,700.30",,180263.15
27-12-2025,UPI/DR/578229071655/Nykaa/ICICI/nykaa@razorpay/UPI,006296964487,649.00,,179614.15
27-12-2025,ATM CASH WITHDRAWAL/50767/HYDERABAD,255045714697,"3,500.00",,176114.15
27-12-2025,UPI/DR/000741735171/Himanshu/BKID/himanshu518@axl/UPI,887180699003,"19,000.06",,157114.09
27-12-2025,UPI/DR/740373535027/Kavita/BARB/kavitayada14@aubank/UPI,088454169934,"14,200.21",,142913.88
27-12-2025,UPI/DR/434628482754/Varun/KKBK/varun789@okicici/UPI,595587266380,"8,150.17",,134763.71
28-12-2025,INTEREST CREDIT,211730919779,,290.70,135054.41
29-12-2025,UPI/CR/121544726577/Girish/BARB/girish.kapoor@axl/UPI,596617840445,,"7,350.98",142405.39
29-12-2025,UPI/DR/607069435894/Zepto/ICICI/zepto@apl/UPI,826624611800,"2,310.69",,140094.70
30-12-2025,POS RELIANCE PETROLEUM HYDERABA,544436985491,"1,050.03",,139044.67
30-12-2025,POS RELIANCE MART HYDERABAD,915689908054,"2,400.38",,136644.29
01-01-2026,UPI/DR/483452252578/Swiggy/ICICI/swiggy@icici/UPI,863454830760,740.17,,135904.12
02-01-2026,POS SHOPPERS STOP HYDERABAD,203590101728,"7,450.24",,128453.88
02-01-2026,UPI/CR/282962008199/Lata/BKID/2821389098@paytm/UPI,494417737763,,"5,650.97",134104.85
02-01-2026,UPI/CR/921501365638/Siddharth/FDRL/4144050760@ptaxis/UPI,818913093635,,"6,350.60",140455.45
03-01-2026,ATM CASH WITHDRAWAL/61105/HYDERABAD,495981119281,"4,500.00",,135955.45
03-01-2026,UPI/DR/826038078785/Myntra/ICICI/myntra@ybl/UPI,056336938363,749.00,,135206.45
04-01-2026,UPI/DR/288398269767/Priya/FDRL/priya111@ybl/UPI,709331578307,"10,900.62",,124305.83
04-01-2026,UPI/DR/242575401633/Usha/SBIN/ushaahuj54@okaxis/UPI,288293284731,"20,350.11",,103955.72
04-01-2026,UPI/DR/194357111221/Ola/PAYTM/olamoney@ola/UPI,709298946587,110.99,,103844.73
04-01-2026,UPI/DR/599047433964/Airtel/PAYTM/jio@paytm/UPI,619461646876,759.00,,103085.73
05-01-2026,IMPS-998413194381-Pankaj Patel,935666705530,"10,000.87",,93084.86
05-01-2026,UPI/DR/952566601259/Nykaa/PAYTM/nykaa@razorpay/UPI,115287594879,"5,100.12",,87984.74
05-01-2026,POS METRO CASH CARRY HYDERABAD,087751066642,"1,650.09",,86334.65
06-01-2026,UPI/DR/525415320059/Flipkart/ICICI/flipkart@ybl/UPI,316832321116,"2,460.72",,83873.93
06-01-2026,UPI/DR/133010896259/BSNL/ICICI/bsnlbroadband@upi/UPI,418068738345,850.68,,83023.25
06-01-2026,UPI/DR/485059469940/Uber/ICICI/uber@paytm/UPI,762169713261,"2,440.41",,80582.84
07-01-2026,SALARY CREDIT/S5062667127595/L&T Infotech Ltd,086360564129,,"129,944.21",210527.05
09-01-2026,UPI/DR/876789848074/Airtel/PAYTM/jio@paytm/UPI,732231212340,739.00,,209788.05
09-01-2026,UPI/CR/784353647843/Ritu/PUNB/rituahuj89@ptyes/UPI,572998118983,,"7,300.14",217088.19
09-01-2026,NACH/MANDATE/RNT3510746/RENT MANDATE,767356221299,"24,500.00",,192588.19
09-01-2026,UPI/DR/599221429214/Poonam/KKBK/1104270367@paytm/UPI,797890631823,"11,250.40",,181337.79
10-01-2026,UPI/DR/676530429943/MSEDCL/UPIN/msedclpayment@upi/UPI,536255245773,"3,500.05",,177837.74
10-01-2026,UPI/DR/401133829111/Rapido/PAYTM/rapido@icici/UPI,214804966597,540.01,,177297.73
10-01-2026,UPI/DR/664962452497/Uber/ICICI/uber@paytm/UPI,172426288094,"2,570.18",,174727.55
11-01-2026,UPI/CR/760493993310/Sushma/FDRL/7430469964@pthdfc/UPI,449757426549,,"15,400.72",190128.27
12-01-2026,UPI/CR/343410459482/Ritu/KKBK/ritu592@axl/UPI,855324853327,,"17,150.22",207278.49
12-01-2026,UPI/DR/185968665751/Zepto/ICICI/zepto@apl/UPI,203605665549,"1,390.37",,205888.12
12-01-2026,UPI/DR/857779753162/Indane/ICICI/indanegas@upi/UPI,034165046021,"2,450.28",,203437.84
13-01-2026,UPI/CR/854187286094/Rajesh/FDRL/rajesh790@okaxis/UPI,442026885876,,"12,650.54",216088.38
13-01-2026,UPI/DR/016173887009/Uber/PAYTM/uber@paytm/UPI,871954597235,390.08,,215698.30
13-01-2026,ATM CASH WITHDRAWAL/64843/HYDERABAD,991395089027,"1,500.00",,214198.30
13-01-2026,UPI/DR/697013896202/Renu/BKID/renu715@okaxis/UPI,381965353589,"6,750.91",,207447.39
13-01-2026,UPI/DR/854085050484/BigBasket/ICICI/bigbasket@ybl/UPI,163573121783,"1,070.76",,206376.63
14-01-2026,POS VISHAL MEGA MART HYDERABAD,247909828417,"5,700.51",,200676.12
14-01-2026,ATM CASH WITHDRAWAL/27796/HYDERABAD,942614263528,"5,000.00",,195676.12
15-01-2026,NACH/MANDATE/LN347487248518/Manappuram Finance,944680507468,"11,000.00",,184676.12
16-01-2026,UPI/DR/624524205052/Jio/ICICI/jio@paytm/UPI,340395424658,700.23,,183975.89
17-01-2026,UPI/DR/985602239688/Anjali/PUNB/1754091939@ptsbi/UPI,221678988052,"9,850.52",,174125.37
17-01-2026,ATM CASH WITHDRAWAL/26413/HYDERABAD,295640539403,"10,000.00",,164125.37
18-01-2026,UPI/DR/121422508240/Sangita/PUNB/sangita.chatterjee@okicici/UPI,209061436403,"10,650.52",,153474.85
18-01-2026,UPI/DR/896300004316/BSNL/RAZORPAY/broadband@paytm/UPI,081110161658,299.00,,153175.85
18-01-2026,POS MAX FASHION HYDERABAD,347273394561,"6,950.00",,146225.85
19-01-2026,UPI/DR/172657873092/Ramesh/UTIB/rameshjain13@ptsbi/UPI,029223687224,"16,800.64",,129425.21
19-01-2026,UPI/DR/947263614239/Paytm/ICICI/paytm@paytm/UPI,557919879147,"1,310.16",,128115.05
20-01-2026,UPI/DR/631862668259/Airtel/PAYTM/jio@paytm/UPI,706234582894,229.00,,127886.05
21-01-2026,UPI/DR/038526858905/Jio/ICICI/jio@paytm/UPI,445458541867,"1,990.31",,125895.74
21-01-2026,UPI/DR/830476914411/Ola/PAYTM/olamoney@ola/UPI,587824994097,580.72,,125315.02
22-01-2026,UPI/DR/773484295610/Archana/UTIB/3965241323@ibl/UPI,622577361264,"7,900.32",,117414.70
22-01-2026,UPI/DR/546777115459/Ola/ICICI/olamoney@ola/UPI,917392321055,"2,530.36",,114884.34
22-01-2026,UPI/DR/343283526613/Airtel/PAYTM/jio@paytm/UPI,769852004412,499.00,,114385.34
23-01-2026,UPI/DR/456343729590/Paytm/ICICI/paytm@paytm/UPI,128949381292,"1,840.31",,112545.03
23-01-2026,UPI/DR/727310736551/Kavya/SBIN/kavya801@ybl/UPI,183796618692,"2,150.55",,110394.48
24-01-2026,UPI/DR/117838840582/BigBasket/ICICI/bigbasket@ybl/UPI,152685045322,"1,780.33",,108614.15
24-01-2026,POS SHELL FUEL STATION HYDERABA,431371222920,800.02,,107814.13
25-01-2026,UPI/DR/768159986718/Ola/ICICI/olamoney@ola/UPI,640318660159,190.60,,107623.53
26-01-2026,UPI/DR/021885574840/BSNL/ICICI/bsnlbroadband@upi/UPI,188215946004,"1,060.26",,106563.27
26-01-2026,POS BHARAT PETROLEUM HYDERABA,746880354957,"1,500.79",,105062.48
26-01-2026,ATM CASH WITHDRAWAL/23422/HYDERABAD,222187808524,"3,500.00",,101562.48
29-01-2026,UPI/DR/257369630723/Airtel/PAYTM/jio@paytm/UPI,778717649489,719.00,,100843.48
29-01-2026,POS RELIANCE PETROLEUM HYDERABA,438424848122,950.81,,99892.67
29-01-2026,UPI/DR/393362722394/Flipkart/ICICI/flipkart@ybl/UPI,351865336335,370.69,,99521.98
29-01-2026,ATM CASH WITHDRAWAL/82876/HYDERABAD,982565940266,"7,500.00",,92021.98
30-01-2026,POS HP PETROL PUMP HYDERABA,546568306894,850.72,,91171.26
31-01-2026,UPI/CR/837108185889/Neha/BDBL/nehachop68@axl/UPI,265528817333,,"9,600.51",100771.77
31-01-2026,UPI/DR/812378970651/Ravi/FDRL/ravi.dubey@ybl/UPI,702359486553,"15,950.54",,84821.23
31-01-2026,UPI/CR/245348914976/Naresh/BDBL/nareshpati90@ptaxis/UPI,776190686016,,"7,400.98",92222.21
01-02-2026,UPI/DR/115978276787/Ola/PAYTM/olamoney@ola/UPI,969468193876,540.34,,91681.87
02-02-2026,UPI/DR/884837399486/Blinkit/ICICI/blinkit@kotak/UPI,183040189848,440.60,,91241.27
03-02-2026,UPI/DR/612690632736/Ola/ICICI/olamoney@ola/UPI,823894909974,"2,530.89",,88710.38
03-02-2026,UPI/DR/777866966201/Paytm/ICICI/paytm@paytm/UPI,800962344180,"1,620.68",,87089.70
04-02-2026,UPI/DR/734689327081/Maya/UTIB/maya.chopra@ptsbi/UPI,046500066127,"4,300.43",,82789.27
04-02-2026,ATM CASH WITHDRAWAL/69259/HYDERABAD,447244950795,"8,000.00",,74789.27
06-02-2026,ATM CASH WITHDRAWAL/82888/HYDERABAD,579876403737,"5,500.00",,69289.27
06-02-2026,SALARY CREDIT/S7863779007522/L&T Infotech Ltd,350035867739,,"129,204.21",198493.48
07-02-2026,POS SHELL FUEL STATION HYDERABA,233096204523,900.54,,197592.94
07-02-2026,UPI/DR/829405157325/PhonePe/ICICI/phonepe@ybl/UPI,013022075963,270.56,,197322.38
09-02-2026,ATM CASH WITHDRAWAL/52965/HYDERABAD,992197084259,"2,000.00",,195322.38
09-02-2026,NACH/MANDATE/LN347487248518/Manappuram Finance,961188805680,"11,000.00",,184322.38
09-02-2026,UPI/DR/131342551884/Airtel/PAYTM/jio@paytm/UPI,883285362946,749.00,,183573.38
09-02-2026,UPI/DR/948807535987/Flipkart/PAYTM/flipkart@ybl/UPI,012931972598,"3,650.92",,179922.46
10-02-2026,UPI/DR/858549988729/Jio/ICICI/jio@paytm/UPI,777658072758,"1,790.42",,178132.04
10-02-2026,UPI/DR/963478904458/Jio/ICICI/jio@paytm/UPI,538497271690,"1,240.47",,176891.57
10-02-2026,UPI/DR/454598081566/Uber/ICICI/uber@paytm/UPI,342382424373,160.98,,176730.59
11-02-2026,UPI/DR/965053007799/Airtel/PAYTM/jio@paytm/UPI,248878387136,859.00,,175871.59
11-02-2026,UPI/DR/192075970980/Flipkart/ICICI/flipkart@ybl/UPI,194238271046,760.41,,175111.18
11-02-2026,POS VISHAL MEGA MART HYDERABAD,967003907332,"4,000.17",,171111.01
11-02-2026,NACH/MANDATE/RNT9427026/RENT MANDATE,770446096105,"24,500.00",,146611.01
11-02-2026,UPI/DR/772695358289/Rapido/PAYTM/rapido@icici/UPI,657275463523,570.06,,146040.95
12-02-2026,UPI/DR/277905077075/BigBasket/ICICI/bigbasket@ybl/UPI,177110305136,"2,350.33",,143690.62
12-02-2026,POS SHELL FUEL STATION HYDERABA,207740417625,"2,900.01",,140790.61
13-02-2026,UPI/DR/967912849860/BigBasket/ICICI/bigbasket@ybl/UPI,203220984149,"2,400.05",,138390.56
13-02-2026,UPI/DR/697072847024/Indane/ICICI/indanegas@upi/UPI,880212385702,"1,500.56",,136890.00
14-02-2026,UPI/DR/234963976116/BigBasket/ICICI/bigbasket@ybl/UPI,065695759098,"1,090.37",,135799.63
14-02-2026,UPI/DR/066508928731/Amazon/ICICI/amazon@apl/UPI,796069045428,"1,270.95",,134528.68
14-02-2026,UPI/CR/510403502695/Kunal/KKBK/kunalshah34@okaxis/UPI,891639796671,,"20,250.49",154779.17
14-02-2026,UPI/DR/908978117342/Flipkart/ICICI/flipkart@ybl/UPI,387206981095,890.27,,153888.90
16-02-2026,UPI/CR/163549662156/Sunil/BDBL/sunildutt85@axl/UPI,039478009591,,"7,400.74",161289.64
16-02-2026,UPI/DR/451611615632/Zepto/ICICI/zepto@apl/UPI,031728228532,"2,570.81",,158718.83
17-02-2026,UPI/DR/032193467424/MSEDCL/UPIN/msedclpayment@upi/UPI,758846943130,"2,950.64",,155768.19
18-02-2026,UPI/DR/743554919646/Airtel/PAYTM/jio@paytm/UPI,989556888306,569.00,,155199.19
19-02-2026,UPI/DR/603577608997/Rapido/PAYTM/rapido@icici/UPI,147367135736,290.39,,154908.80
19-02-2026,UPI/DR/512374120573/Kunal/BARB/kunal.shah@ybl/UPI,336130443034,"3,050.76",,151858.04
20-02-2026,UPI/DR/500120243081/Manish/FDRL/manish209@paytm/UPI,035526444677,"20,700.12",,131157.92
20-02-2026,UPI/DR/171883761550/PhonePe/ICICI/phonepe@ybl/UPI,007839098499,"1,430.51",,129727.41
21-02-2026,UPI/DR/519668971723/Uber/PAYTM/uber@paytm/UPI,721260562615,340.61,,129386.80
21-02-2026,UPI/CR/065801233269/Varun/PUNB/varunpill93@kotak/UPI,262154669481,,"1,150.98",130537.78
21-02-2026,UPI/DR/725848004724/Ola/PAYTM/olamoney@ola/UPI,121583424898,610.72,,129927.06
22-02-2026,UPI/CR/593669323202/Himanshu/PUNB/2067355387@oksbi/UPI,232489553697,,"16,300.26",146227.32
22-02-2026,UPI/DR/032735898451/Airtel/PAYTM/jio@paytm/UPI,697585297599,549.00,,145678.32
23-02-2026,UPI/DR/090249868587/BSNL/RAZORPAY/broadband@paytm/UPI,665128602800,649.00,,145029.32
23-02-2026,UPI/DR/607047595385/Uber/PAYTM/uber@paytm/UPI,497186795918,500.20,,144529.12
24-02-2026,UPI/CR/384208568053/Pallavi/BDBL/7645545666@pthdfc/UPI,525928541841,,"18,550.92",163080.04
25-02-2026,UPI/DR/326971746324/Pankaj/UTIB/pankaj601@okicici/UPI,340419069160,"10,800.35",,152279.69
28-02-2026,UPI/CR/522027302010/Babita/FDRL/babitaroy33@ptaxis/UPI,311124314957,,"5,100.71",157380.40
28-02-2026,UPI/DR/287184513087/Flipkart/PAYTM/flipkart@ybl/UPI,895666172753,"2,450.07",,154930.33
01-03-2026,UPI/DR/891945299614/Dunzo/ICICI/dunzo@razorpay/UPI,257779874218,"1,540.78",,153389.55
01-03-2026,UPI/DR/490140060661/Amazon/ICICI/amazon@apl/UPI,967487356641,680.02,,152709.53
01-03-2026,POS STAR BAZAAR HYDERABAD,328177716714,"6,950.34",,145759.19
02-03-2026,UPI/DR/832491860573/BSNL/ICICI/bsnlbroadband@upi/UPI,665763684508,"1,780.25",,143978.94
02-03-2026,ATM CASH WITHDRAWAL/02949/HYDERABAD,141636380875,"8,000.00",,135978.94
02-03-2026,POS LIFESTYLE STORES HYDERABAD,268495564250,"5,350.27",,130628.67
03-03-2026,UPI/DR/467207838871/Neha/UCBA/neha333@ybl/UPI,521044502134,"21,300.47",,109328.20
04-03-2026,POS MAX FASHION HYDERABAD,055019917050,"3,900.81",,105427.39
05-03-2026,UPI/DR/972176057626/Varun/BDBL/9024080931@pthdfc/UPI,701518549617,"17,650.61",,87776.78
05-03-2026,UPI/CR/579610086589/Rakesh/PUNB/rakeshroy58@ibl/UPI,593325401741,,"17,700.60",105477.38
06-03-2026,UPI/DR/433604780929/Jio/ICICI/jio@paytm/UPI,856547267990,"1,910.65",,103566.73
06-03-2026,UPI/DR/640935448400/Rapido/PAYTM/rapido@icici/UPI,379384143099,390.11,,103176.62
06-03-2026,UPI/DR/393214847270/Myntra/PAYTM/myntra@ybl/UPI,156090712816,"4,700.62",,98476.00
07-03-2026,UPI/DR/783974248350/Airtel/PAYTM/jio@paytm/UPI,394570888507,369.00,,98107.00
07-03-2026,UPI/DR/839763904280/Nikhil/UCBA/nikhil.srivastava@ibl/UPI,126097756373,"18,700.88",,79406.12
07-03-2026,UPI/DR/512847872349/LIC/LICI/licindia@licindia/UPI,848982189434,"7,300.00",,72106.12
07-03-2026,UPI/DR/680366732649/BigBasket/ICICI/bigbasket@ybl/UPI,336573796541,700.68,,71405.44
07-03-2026,UPI/DR/898844487921/Airtel/PAYTM/jio@paytm/UPI,227044763454,379.00,,71026.44
07-03-2026,SALARY CREDIT/S6418274362167/L&T Infotech Ltd,390958034097,,"127,599.21",198625.65
09-03-2026,UPI/DR/040649707232/Rapido/PAYTM/rapido@icici/UPI,919683690126,860.62,,197765.03
09-03-2026,UPI/DR/940862053239/Abhishek/PUNB/abhishek.saxena@apl/UPI,770376353886,"20,200.23",,177564.80
09-03-2026,UPI/DR/738414502855/Airtel/PAYTM/jio@paytm/UPI,206967383985,809.00,,176755.80
09-03-2026,NACH/MANDATE/LN347487248518/Manappuram Finance,255327054155,"11,000.00",,165755.80
09-03-2026,UPI/DR/021313740221/Rapido/PAYTM/rapido@icici/UPI,716400515445,650.78,,165105.02
10-03-2026,UPI/CR/809766531729/Seema/KKBK/seemaiyer65@okicici/UPI,854974954279,,"11,700.55",176805.57
10-03-2026,POS BHARAT PETROLEUM HYDERABA,940550483543,"1,950.81",,174854.76
10-03-2026,UPI/DR/256288955127/Nykaa/PAYTM/nykaa@razorpay/UPI,937870371499,"3,300.68",,171554.08
11-03-2026,POS CENTRAL MALL HYDERABAD,427113468745,650.97,,170903.11
11-03-2026,NACH/MANDATE/RNT1595870/RENT MANDATE,255979594654,"24,500.00",,146403.11
12-03-2026,ATM CASH WITHDRAWAL/53421/HYDERABAD,322029060464,"6,000.00",,140403.11
12-03-2026,UPI/DR/821750533201/Siddharth/UCBA/siddharth.rao@ptsbi/UPI,801160393315,"9,200.13",,131202.98
12-03-2026,UPI/CR/282070245980/Rajan/BARB/rajanverm89@ibl/UPI,669737213442,,"19,900.59",151103.57
12-03-2026,UPI/DR/973449221656/Archana/HDFC/9773201014@apl/UPI,891705908427,"13,050.91",,138052.66
13-03-2026,UPI/DR/163454814421/Indane/ICICI/indanegas@upi/UPI,320475009263,"1,650.96",,136401.70
14-03-2026,ATM CASH WITHDRAWAL/45506/HYDERABAD,478133360975,"9,000.00",,127401.70
14-03-2026,UPI/DR/100255050727/Uber/PAYTM/uber@paytm/UPI,425356968016,170.08,,127231.62
16-03-2026,POS BHARAT PETROLEUM HYDERABA,143423083266,"2,100.74",,125130.88
16-03-2026,UPI/DR/169782886653/Uber/ICICI/uber@paytm/UPI,052398208057,570.58,,124560.30
17-03-2026,UPI/DR/926927117060/Flipkart/ICICI/flipkart@ybl/UPI,175190116798,500.12,,124060.18
17-03-2026,UPI/CR/811968555588/Rani/KKBK/rani639@apl/UPI,858380445773,,"5,500.52",129560.70
17-03-2026,UPI/DR/567061623965/MSEDCL/UPIN/msedclpayment@upi/UPI,526569492731,900.93,,128659.77
17-03-2026,UPI/DR/410376592585/Airtel/PAYTM/jio@paytm/UPI,281046465042,479.00,,128180.77
18-03-2026,UPI/DR/422314245792/Amazon/PAYTM/amazon@apl/UPI,905270912197,"3,500.62",,124680.15
18-03-2026,UPI/DR/676168437648/MakeMyTrip/ICICI/makemytrip@axisbank/UPI,569342006865,249.00,,124431.15
18-03-2026,UPI/DR/019918781287/BSNL/RAZORPAY/broadband@paytm/UPI,562625458278,549.00,,123882.15
19-03-2026,UPI/CR/812568132223/Rekha/KKBK/rekhapati73@ptsbi/UPI,810662146714,,"6,350.10",130232.25
19-03-2026,UPI/DR/362885024064/Vijay/BDBL/vijayseth54@aubank/UPI,403150664531,"10,650.14",,119582.11
19-03-2026,POS MAX FASHION HYDERABAD,047282869648,"1,350.88",,118231.23
19-03-2026,UPI/DR/688535130625/Dunzo/ICICI/dunzo@razorpay/UPI,906693398120,"2,590.65",,115640.58
20-03-2026,UPI/DR/989886130114/Spotify/ICICI/spotify@icici/UPI,611548399703,249.00,,115391.58
20-03-2026,UPI/DR/166765461118/Flipkart/ICICI/flipkart@ybl/UPI,000690929302,260.07,,115131.51
23-03-2026,UPI/DR/467158203067/Kavita/SBIN/kavita593@kotak/UPI,518942153925,"10,050.27",,105081.24
23-03-2026,UPI/DR/109580072966/Ola/PAYTM/olamoney@ola/UPI,126964307944,150.67,,104930.57
23-03-2026,UPI/CR/714300330163/Manish/SBIN/manish.kapoor@okicici/UPI,561202625584,,"16,000.57",120931.14
24-03-2026,UPI/DR/957279986313/BSNL/ICICI/bsnlbroadband@upi/UPI,775957883319,"1,980.47",,118950.67
25-03-2026,ATM CASH WITHDRAWAL/45105/HYDERABAD,753821426058,"8,500.00",,110450.67
25-03-2026,UPI/CR/717250677802/Harish/UTIB/harish.shah@ibl/UPI,889926321270,,"4,250.27",114700.94
26-03-2026,POS STAR BAZAAR HYDERABAD,180510824732,800.69,,113900.25
26-03-2026,UPI/DR/371985089039/Saurabh/BKID/saurabh204@axl/UPI,272833312594,"14,050.10",,99850.15
26-03-2026,UPI/DR/503664535469/Mina/UTIB/2857682935@kotak/UPI,201800223027,"3,100.31",,96749.84
27-03-2026,UPI/DR/263456535181/Flipkart/ICICI/flipkart@ybl/UPI,406315711336,"2,130.95",,94618.89
27-03-2026,UPI/DR/155114402018/Uber/ICICI/uber@paytm/UPI,715410083923,160.22,,94458.67
27-03-2026,POS MAX FASHION HYDERABAD,788675347390,"1,250.04",,93208.63
28-03-2026,POS VISHAL MEGA MART HYDERABAD,461688798444,"2,100.61",,91108.02
28-03-2026,INTEREST CREDIT,828331317172,,200.88,91308.90
28-03-2026,UPI/DR/168545123093/BigBasket/ICICI/bigbasket@ybl/UPI,030499313388,"2,160.47",,89148.43
30-03-2026,UPI/CR/505776590439/Shivam/BARB/shivam.singh@ptyes/UPI,500953444816,,"4,550.63",93699.06
30-03-2026,UPI/DR/834789159848/Blinkit/ICICI/blinkit@kotak/UPI,704935944641,180.35,,93518.71
30-03-2026,UPI/DR/937826149912/Ola/ICICI/olamoney@ola/UPI,360232109908,"2,800.79",,90717.92
30-03-2026,UPI/CR/571139061866/Akash/KKBK/akash.patil@okicici/UPI,301515212396,,"4,500.58",95218.50
01-04-2026,ATM CASH WITHDRAWAL/78478/HYDERABAD,693298209093,"7,500.00",,87718.50
01-04-2026,UPI/DR/392043200101/Rapido/PAYTM/rapido@icici/UPI,896341046169,180.81,,87537.69
02-04-2026,UPI/DR/672985375915/Ola/PAYTM/olamoney@ola/UPI,095823430001,560.03,,86977.66
04-04-2026,UPI/CR/541035487706/Rani/BKID/rani656@okhdfcbank/UPI,437948368386,,"20,200.04",107177.70
05-04-2026,UPI/DR/691956982946/Sonia/HDFC/0725403585@ptaxis/UPI,967680022410,"15,900.44",,91277.26
05-04-2026,UPI/DR/260135244936/Rapido/PAYTM/rapido@icici/UPI,786555330679,770.42,,90506.84
06-04-2026,UPI/DR/642989256617/Rapido/PAYTM/rapido@icici/UPI,278220204757,280.33,,90226.51
06-04-2026,UPI/DR/220088126656/Ankit/KKBK/ankit730@upi/UPI,513740431968,"19,750.27",,70476.24
06-04-2026,UPI/DR/938412593937/PhonePe/ICICI/phonepe@ybl/UPI,354338087577,"2,630.13",,67846.11
07-04-2026,SALARY CREDIT/S3707276391862/L&T Infotech Ltd,964693297154,,"130,411.21",198257.32
08-04-2026,POS LIFESTYLE STORES HYDERABAD,352134311841,"4,000.09",,194257.23
09-04-2026,UPI/DR/192806843690/Myntra/PAYTM/myntra@ybl/UPI,152384814011,"5,650.76",,188606.47
09-04-2026,UPI/DR/803169065637/Vikram/FDRL/vikramchat57@okaxis/UPI,185500160517,"9,100.62",,179505.85
10-04-2026,UPI/CR/308968629274/Arun/HDFC/6560319948@okaxis/UPI,284603051305,,"18,300.55",197806.40
10-04-2026,UPI/CR/756018744921/Sangita/UCBA/3861229276@axl/UPI,692933884657,,"20,550.77",218357.17
10-04-2026,UPI/DR/785387902564/Uber/ICICI/uber@paytm/UPI,883221738514,440.51,,217916.66
12-04-2026,UPI/DR/511120014643/Vijay/KKBK/vijay.nair@apl/UPI,522990086729,"15,350.29",,202566.37
12-04-2026,NACH/MANDATE/LN347487248518/Manappuram Finance,944792318433,"11,000.00",,191566.37
12-04-2026,POS METRO CASH CARRY HYDERABAD,180086476277,"1,700.88",,189865.49
12-04-2026,UPI/DR/273234230878/Airtel/PAYTM/jio@paytm/UPI,668586706989,479.00,,189386.49
12-04-2026,NACH/MANDATE/RNT8392049/RENT MANDATE,189277513949,"24,500.00",,164886.49
13-04-2026,UPI/CR/529153245834/Sangita/UCBA/sangita.yadav@okaxis/UPI,360754199178,,"19,500.92",184387.41
14-04-2026,UPI/DR/236876413110/MakeMyTrip/ICICI/makemytrip@axisbank/UPI,555213569352,199.00,,184188.41
14-04-2026,ATM CASH WITHDRAWAL/24129/HYDERABAD,491820858846,"7,000.00",,177188.41
14-04-2026,POS BIG BAZAAR HYDERABAD,281211532008,"7,900.44",,169287.97
14-04-2026,UPI/DR/008421823236/Kapil/BKID/kapilsaxe55@okicici/UPI,190613142477,500.19,,168787.78
14-04-2026,UPI/DR/771576531728/Rapido/PAYTM/rapido@icici/UPI,544766568131,180.54,,168607.24
14-04-2026,UPI/DR/048808330822/Rapido/PAYTM/rapido@icici/UPI,529997132770,730.63,,167876.61
15-04-2026,UPI/DR/964225541682/Airtel/PAYTM/jio@paytm/UPI,435903443155,629.00,,167247.61
16-04-2026,UPI/DR/192744914901/Akash/SBIN/akash.dutta@okaxis/UPI,255477380657,850.10,,166397.51
16-04-2026,UPI/DR/922663212617/Indane/ICICI/indanegas@upi/UPI,413613969813,"2,050.38",,164347.13
17-04-2026,POS V MART HYDERABAD,480056043790,"4,450.04",,159897.09
17-04-2026,UPI/DR/398776410660/Dunzo/ICICI/dunzo@razorpay/UPI,111599301585,"2,070.96",,157826.13
17-04-2026,UPI/DR/426272157445/Krishna/KKBK/krishna.srivastava@ibl/UPI,441372459049,"1,750.10",,156076.03
18-04-2026,POS RELIANCE PETROLEUM HYDERABA,817988532797,"4,450.93",,151625.10
18-04-2026,ATM CASH WITHDRAWAL/82099/HYDERABAD,325463555219,"5,500.00",,146125.10
18-04-2026,ATM CASH WITHDRAWAL/55930/HYDERABAD,985901326134,"9,500.00",,136625.10
19-04-2026,UPI/DR/607499885331/Airtel/PAYTM/jio@paytm/UPI,629555086077,399.00,,136226.10
20-04-2026,UPI/DR/794256029369/PhonePe/ICICI/phonepe@ybl/UPI,757022501187,"1,050.97",,135175.13
20-04-2026,ATM CASH WITHDRAWAL/27644/HYDERABAD,220755971802,"6,000.00",,129175.13
21-04-2026,UPI/DR/856052303169/Airtel/PAYTM/jio@paytm/UPI,911992484202,179.00,,128996.13
21-04-2026,UPI/DR/943856400970/Jio/ICICI/jio@paytm/UPI,936673914942,"1,180.49",,127815.64
22-04-2026,POS STAR BAZAAR HYDERABAD,335789550251,"1,450.70",,126364.94
22-04-2026,UPI/DR/858742121594/BSNL/RAZORPAY/broadband@paytm/UPI,050782403249,749.00,,125615.94
22-04-2026,UPI/CR/518058690726/Lalit/KKBK/lalit637@okhdfcbank/UPI,139892329730,,"15,200.36",140816.30
23-04-2026,UPI/DR/292338402794/Zepto/ICICI/zepto@apl/UPI,703903636502,"1,070.07",,139746.23
23-04-2026,UPI/DR/176238256162/MSEDCL/UPIN/msedclpayment@upi/UPI,702844716269,"2,450.81",,137295.42
23-04-2026,POS MORE SUPER MARKET HYDERABAD,757084585697,"3,800.98",,133494.44
24-04-2026,UPI/DR/524951179031/Sushma/HDFC/sushma.das@okaxis/UPI,572280239224,"4,950.18",,128544.26
24-04-2026,UPI/DR/604557633690/PhonePe/ICICI/phonepe@ybl/UPI,689798038097,"1,810.50",,126733.76
27-04-2026,UPI/DR/591175383517/Maya/FDRL/mayameht89@upi/UPI,639255113397,"21,050.67",,105683.09
27-04-2026,POS BHARAT PETROLEUM HYDERABA,431960770061,900.15,,104782.94
27-04-2026,UPI/DR/872702184565/Harish/UTIB/harishpati17@ptsbi/UPI,645261131116,"5,900.99",,98881.95
28-04-2026,UPI/DR/342030069155/PhonePe/ICICI/phonepe@ybl/UPI,231692070960,"1,530.01",,97351.94
29-04-2026,UPI/DR/298615829458/Meesho/PAYTM/meesho@ybl/UPI,966069363759,600.24,,96751.70
29-04-2026,UPI/DR/614319789370/Ajay/PUNB/ajaypill51@okicici/UPI,110201560672,"6,100.05",,90651.65
29-04-2026,POS MORE SUPER MARKET HYDERABAD,917398228330,"4,050.53",,86601.12
29-04-2026,UPI/DR/312640366211/Paytm/ICICI/paytm@paytm/UPI,574466222541,"1,460.16",,85140.96
29-04-2026,UPI/DR/548115277609/Vikas/SBIN/vikas.chaudhary@kotak/UPI,314139616054,"3,600.99",,81539.97
01-05-2026,GST ON CHARGES,270291282171,55.80,,81484.17
01-05-2026,UPI/DR/403649433356/Vijay/BDBL/vijay462@axl/UPI,934668597332,"18,550.30",,62933.87
01-05-2026,UPI/DR/735595214896/Flipkart/ICICI/flipkart@ybl/UPI,988742894809,880.99,,62052.88
01-05-2026,MAINTENANCE CHARGES,208319022181,310.00,,61742.88
02-05-2026,UPI/DR/769981382733/Airtel/PAYTM/jio@paytm/UPI,244389598257,229.00,,61513.88
02-05-2026,UPI/DR/276231390469/Dunzo/ICICI/dunzo@razorpay/UPI,176860651543,"1,720.31",,59793.57
02-05-2026,UPI/DR/045070993342/Krishna/BDBL/krishna985@aubank/UPI,730967359435,"7,000.33",,52793.24
03-05-2026,UPI/DR/587348979443/Ola/PAYTM/olamoney@ola/UPI,848649334487,390.76,,52402.48
03-05-2026,UPI/DR/123935157122/Mukesh/UTIB/mukesh.rao@apl/UPI,213231750643,"13,000.75",,39401.73
04-05-2026,UPI/DR/206610101021/Jio/ICICI/jio@paytm/UPI,999374465485,450.93,,38950.80
05-05-2026,UPI/CR/947405012560/Harish/BKID/9446070214@aubank/UPI,621089005036,,"7,250.71",46201.51
05-05-2026,UPI/DR/050575050574/Suresh/UCBA/suresh.mukherjee@ibl/UPI,545964527380,"14,050.38",,32151.13
05-05-2026,ATM CASH WITHDRAWAL/37216/HYDERABAD,680710422648,"8,000.00",,24151.13
05-05-2026,POS BHARAT PETROLEUM HYDERABA,928587590989,"2,350.67",,21800.46
06-05-2026,POS HP PETROL PUMP HYDERABA,668663518509,"2,400.08",,19400.38
06-05-2026,SALARY CREDIT/S2707892112924/L&T Infotech Ltd,646671893336,,"131,479.21",150879.59
07-05-2026,UPI/DR/426674733708/Deepa/UCBA/4739163655@ptaxis/UPI,525359831471,"18,500.91",,132378.68
07-05-2026,UPI/DR/242820673575/Meesho/PAYTM/meesho@ybl/UPI,503283763183,"1,800.47",,130578.21
07-05-2026,UPI/DR/483869499005/Jio/ICICI/jio@paytm/UPI,311706036923,"1,150.67",,129427.54
07-05-2026,UPI/DR/841044066645/Kamal/KKBK/kamalghos33@paytm/UPI,413175594168,"11,450.07",,117977.47
08-05-2026,UPI/DR/871825706675/Rapido/PAYTM/rapido@icici/UPI,206251643557,170.17,,117807.30
09-05-2026,UPI/DR/210464108697/Ola/PAYTM/olamoney@ola/UPI,618091064795,300.20,,117507.10
