Bank Name,UCO BANK
Account Number,6752720432718688
Account Holder Name,MEENA SHUKLA
Branch,SECTOR 18 NOIDA
IFSC Code,UCBA0383801
Statement Period,03-12-2024 To 09-05-2026

Date,Description,Ref/ChequeNo,Debit,Credit,Balance
03-12-2024,SALARY CREDIT/S7651143687778/Blue Dart Express Ltd,504092874155,,"98,827.98",896995.30
03-12-2024,UPI/DR/499517299293/Naveen/PUNB/naveen328@oksbi/UPI,625325894229,"5,050.39",,891944.91
04-12-2024,POS HP PETROL PUMP AMRITSAR,531881145339,"1,400.82",,890544.09
05-12-2024,NACH/MANDATE/RNT1110857/RENT MANDATE,655842967758,"24,500.00",,866044.09
05-12-2024,UPI/DR/035981961889/Ola/PAYTM/olamoney@ola/UPI,919882700868,810.34,,865233.75
05-12-2024,UPI/DR/343275590443/Sonia/SBIN/soniapati13@okhdfcbank/UPI,528370114665,"8,100.58",,857133.17
06-12-2024,UPI/CR/678250564238/Sonia/BARB/sonia.banerjee@apl/UPI,700935161664,,"7,900.65",865033.82
06-12-2024,UPI/CR/892766991419/Varsha/BARB/varsha.nair@ybl/UPI,718548638260,,"19,150.99",884184.81
07-12-2024,UPI/DR/315380112383/Jio/PAYTM/airtel@axis/UPI,059674966419,799.00,,883385.81
07-12-2024,UPI/DR/526433272394/LIC/LICI/licindia@licindia/UPI,660887227137,"8,200.00",,875185.81
09-12-2024,POS V MART AMRITSAR,181408528136,"2,500.42",,872685.39
09-12-2024,UPI/CR/476207534612/Sapna/SBIN/4667893779@upi/UPI,036511076639,,"9,900.31",882585.70
09-12-2024,POS D MART AMRITSAR,057482932527,"8,450.00",,874135.70
10-12-2024,UPI/DR/888225265312/BigBasket/ICICI/bigbasket@ybl/UPI,136051268087,"1,300.60",,872835.10
10-12-2024,UPI/CR/550916750864/Arun/UTIB/arun334@okicici/UPI,645278574937,,"10,750.60",883585.70
10-12-2024,NACH/MANDATE/LN135530784778/HDFC Ltd,831628351199,"8,000.00",,875585.70
12-12-2024,POS V MART AMRITSAR,550965692381,"8,300.95",,867284.75
12-12-2024,UPI/DR/343010924096/Jio/ICICI/jio@paytm/UPI,917309121111,"2,100.23",,865184.52
12-12-2024,ATM CASH WITHDRAWAL/89688/AMRITSAR,348610032513,"1,500.00",,863684.52
12-12-2024,POS CENTRAL MALL AMRITSAR,162152153491,"4,850.89",,858833.63
12-12-2024,UPI/DR/647728593190/Flipkart/PAYTM/flipkart@ybl/UPI,978381752574,"2,250.30",,856583.33
13-12-2024,UPI/DR/201183501712/Dinesh/BKID/dinesh576@oksbi/UPI,093452437749,"4,850.34",,851732.99
13-12-2024,UPI/DR/851699502735/Swiggy/ICICI/swiggy@icici/UPI,819786307828,470.18,,851262.81
14-12-2024,UPI/DR/361613630283/Jio/PAYTM/airtel@axis/UPI,004387818182,749.00,,850513.81
14-12-2024,POS BHARAT PETROLEUM AMRITSAR,263639449455,"3,650.55",,846863.26
14-12-2024,UPI/DR/766721114702/Uber/PAYTM/uber@paytm/UPI,837118915146,820.80,,846042.46
15-12-2024,UPI/DR/411551655476/Blinkit/ICICI/blinkit@kotak/UPI,042679338671,740.59,,845301.87
15-12-2024,UPI/DR/084647324381/Paytm/ICICI/paytm@paytm/UPI,098557100124,650.90,,844650.97
15-12-2024,UPI/DR/227089323867/Dunzo/ICICI/dunzo@razorpay/UPI,558724476120,540.27,,844110.70
16-12-2024,UPI/DR/584730976222/Uber/PAYTM/uber@paytm/UPI,520781298411,550.27,,843560.43
17-12-2024,UPI/DR/579583639848/Tarun/HDFC/tarun.dutta@kotak/UPI,763974579589,"10,600.68",,832959.75
17-12-2024,UPI/DR/862399479908/Flipkart/PAYTM/flipkart@ybl/UPI,251261134304,800.95,,832158.80
18-12-2024,UPI/DR/416148767558/Ola/PAYTM/olamoney@ola/UPI,874161651091,870.28,,831288.52
19-12-2024,ATM CASH WITHDRAWAL/03047/AMRITSAR,592721678764,"1,500.00",,829788.52
19-12-2024,UPI/DR/084237729286/Rapido/PAYTM/rapido@icici/UPI,135000151358,160.69,,829627.83
20-12-2024,UPI/DR/334126557776/Ola/PAYTM/olamoney@ola/UPI,686159673417,810.56,,828817.27
20-12-2024,UPI/DR/314637974747/KSEB/UPIN/ksebpayment@upi/UPI,743237505524,"3,500.07",,825317.20
21-12-2024,UPI/DR/946999830209/Indane/ICICI/indanegas@upi/UPI,138362183720,"2,300.58",,823016.62
21-12-2024,UPI/DR/532518413257/Uber/ICICI/uber@paytm/UPI,385042624365,850.22,,822166.40
22-12-2024,UPI/DR/352780886089/Swiggy/ICICI/swiggy@icici/UPI,630676338741,810.92,,821355.48
22-12-2024,UPI/DR/449183507214/Girish/KKBK/8710529750@ptaxis/UPI,153171062732,"18,900.21",,802455.27
22-12-2024,POS MAX FASHION AMRITSAR,723176087681,"6,350.89",,796104.38
22-12-2024,UPI/DR/494541879519/Meena/BDBL/meena.rao@okhdfcbank/UPI,950907252127,"21,600.67",,774503.71
23-12-2024,POS PANTALOONS AMRITSAR,960970032243,"1,800.27",,772703.44
23-12-2024,ATM CASH WITHDRAWAL/26140/AMRITSAR,051926342400,"8,000.00",,764703.44
23-12-2024,UPI/CR/803342647917/Mohan/KKBK/3816949844@upi/UPI,290415408780,,"7,350.42",772053.86
24-12-2024,UPI/DR/548876203238/Hathway/RAZORPAY/broadband@paytm/UPI,907563476288,399.00,,771654.86
24-12-2024,POS MAX FASHION AMRITSAR,483460977655,"8,200.86",,763454.00
24-12-2024,IMPS-469177456590-Anita Menon,296666037035,"9,800.02",,753653.98
24-12-2024,POS INDIAN OIL AMRITSAR,822290382905,"4,100.92",,749553.06
26-12-2024,UPI/DR/689406291247/Flipkart/PAYTM/flipkart@ybl/UPI,279580861875,"1,700.56",,747852.50
27-12-2024,UPI/CR/424451305691/Kavita/BARB/kavitapill65@oksbi/UPI,886765807813,,"12,300.40",760152.90
27-12-2024,INTEREST CREDIT,422752063932,,840.62,760993.52
29-12-2024,POS CENTRAL MALL AMRITSAR,338472221477,"4,650.87",,756342.65
29-12-2024,UPI/DR/720654624093/Harish/HDFC/harishbane53@ybl/UPI,663290237684,"19,250.31",,737092.34
29-12-2024,UPI/DR/345080160858/Jio/PAYTM/airtel@axis/UPI,201780093472,789.00,,736303.34
31-12-2024,UPI/CR/167632009804/Rajan/BKID/rajan330@apl/UPI,259699711972,,"12,300.10",748603.44
01-01-2025,UPI/DR/610154475419/Zomato/ICICI/zomato@axisbank/UPI,895704595552,"2,740.07",,745863.37
03-01-2025,UPI/DR/004699768122/Anil/BDBL/0862525920@paytm/UPI,587854962720,"13,700.08",,732163.29
03-01-2025,UPI/CR/871996062232/Ajay/SBIN/ajay.kumar@ptsbi/UPI,721775650434,,"2,600.67",734763.96
04-01-2025,UPI/DR/080994719939/PhonePe/ICICI/phonepe@ybl/UPI,637277830245,"2,770.68",,731993.28
04-01-2025,UPI/DR/608608096643/Ola/ICICI/olamoney@ola/UPI,442136613364,"1,940.91",,730052.37
04-01-2025,UPI/DR/655832843430/Rapido/PAYTM/rapido@icici/UPI,813198168354,270.56,,729781.81
05-01-2025,SALARY CREDIT/S3387035790256/Blue Dart Express Ltd,233932374684,,"96,831.98",826613.79
05-01-2025,UPI/DR/476181660196/Uber/PAYTM/uber@paytm/UPI,533254836884,660.50,,825953.29
06-01-2025,POS D MART AMRITSAR,233911885141,"2,050.67",,823902.62
06-01-2025,POS VISHAL MEGA MART AMRITSAR,044016462667,450.40,,823452.22
08-01-2025,UPI/DR/204969978492/LIC/LICI/licindia@licindia/UPI,309109875567,"8,200.00",,815252.22
08-01-2025,UPI/CR/693163062673/Prashant/BDBL/prashant103@aubank/UPI,103913867518,,"18,900.59",834152.81
08-01-2025,POS RELIANCE PETROLEUM AMRITSAR,081086127296,"1,100.82",,833051.99
08-01-2025,NACH/MANDATE/RNT6525408/RENT MANDATE,795056179209,"24,500.00",,808551.99
09-01-2025,ATM CASH WITHDRAWAL/13119/AMRITSAR,598577790765,"4,000.00",,804551.99
09-01-2025,UPI/DR/986847317164/Apollo/ICICI/apollopharmacy@ybl/UPI,494089728308,499.00,,804052.99
10-01-2025,UPI/CR/567444795279/Mohit/KKBK/mohit.thapar@axl/UPI,502472528754,,"10,150.38",814203.37
10-01-2025,UPI/DR/523926576730/Hathway/RAZORPAY/broadband@paytm/UPI,110751642803,"1,249.00",,812954.37
10-01-2025,UPI/DR/528142831072/KSEB/UPIN/ksebpayment@upi/UPI,500443746665,"2,150.91",,810803.46
10-01-2025,UPI/DR/057095328906/Jio/PAYTM/airtel@axis/UPI,719834689036,609.00,,810194.46
11-01-2025,UPI/DR/595756084935/Rapido/PAYTM/rapido@icici/UPI,748328229487,610.46,,809584.00
11-01-2025,UPI/DR/786596574615/Indane/ICICI/indanegas@upi/UPI,981694479609,"2,600.91",,806983.09
12-01-2025,ATM CASH WITHDRAWAL/43598/AMRITSAR,033229162149,"5,000.00",,801983.09
12-01-2025,UPI/DR/415969384923/BSNL/ICICI/bsnlbroadband@upi/UPI,384605698420,"2,480.45",,799502.64
13-01-2025,NACH/MANDATE/LN135530784778/HDFC Ltd,869962353965,"8,000.00",,791502.64
13-01-2025,UPI/DR/564319195232/Anil/HDFC/7544263852@upi/UPI,423484979065,"15,250.82",,776251.82
13-01-2025,UPI/CR/693014437665/Amit/KKBK/amit383@ibl/UPI,587652398390,,"10,100.68",786352.50
13-01-2025,UPI/DR/319212280873/Zepto/ICICI/zepto@apl/UPI,567276858521,"2,430.34",,783922.16
14-01-2025,UPI/DR/929007434840/Ola/ICICI/olamoney@ola/UPI,237480948912,750.26,,783171.90
14-01-2025,UPI/DR/403021881228/Zomato/ICICI/zomato@axisbank/UPI,611811542110,"1,830.49",,781341.41
14-01-2025,UPI/CR/895316035636/Mohit/UTIB/mohitbose19@ptyes/UPI,405247172883,,"15,500.57",796841.98
14-01-2025,UPI/DR/014724817278/Rapido/PAYTM/rapido@icici/UPI,548394353560,280.31,,796561.67
15-01-2025,UPI/CR/167099315652/Ravi/PUNB/ravidube21@kotak/UPI,913330349198,,"18,900.29",815461.96
15-01-2025,UPI/DR/785186420947/Ankit/HDFC/ankit.khanna@aubank/UPI,133873489229,"8,200.39",,807261.57
16-01-2025,UPI/CR/581291665577/Sneha/BDBL/9218559244@okicici/UPI,300412922916,,"19,650.09",826911.66
16-01-2025,UPI/DR/608118785888/Lalit/UTIB/lalit.mukherjee@ptyes/UPI,656396331004,"3,850.16",,823061.50
17-01-2025,UPI/DR/232293481971/Uber/ICICI/uber@paytm/UPI,582081772767,"2,190.11",,820871.39
18-01-2025,UPI/DR/952472148232/BSNL/ICICI/bsnlbroadband@upi/UPI,565990509021,"1,140.81",,819730.58
18-01-2025,UPI/DR/280719926095/Jio/ICICI/jio@paytm/UPI,231717057694,"2,230.62",,817499.96
18-01-2025,UPI/DR/960247660925/Blinkit/ICICI/blinkit@kotak/UPI,082953789714,"1,660.00",,815839.96
19-01-2025,UPI/CR/181289112066/Sangita/BDBL/sangita.thapar@apl/UPI,888120682809,,"14,700.04",830540.00
19-01-2025,POS BRAND FACTORY AMRITSAR,635125561883,"7,700.04",,822839.96
19-01-2025,UPI/DR/773960005439/MakeMyTrip/ICICI/makemytrip@axisbank/UPI,795320314266,199.00,,822640.96
19-01-2025,UPI/DR/691994703069/Uber/ICICI/uber@paytm/UPI,940396464085,"2,690.53",,819950.43
20-01-2025,UPI/DR/122147842473/Renu/HDFC/renutiwa64@ptyes/UPI,077717908146,"19,550.76",,800399.67
20-01-2025,UPI/DR/291164419575/Dunzo/ICICI/dunzo@razorpay/UPI,537695774770,"2,490.82",,797908.85
20-01-2025,UPI/DR/906598279800/Deepak/UCBA/deepak629@upi/UPI,160235659021,"16,100.78",,781808.07
21-01-2025,UPI/DR/091340870569/Manish/FDRL/1787400666@okaxis/UPI,224797024688,"21,000.01",,760808.06
21-01-2025,UPI/DR/113581251439/Amazon/ICICI/amazon@apl/UPI,728868363228,"2,160.91",,758647.15
22-01-2025,UPI/DR/009462075260/Rapido/PAYTM/rapido@icici/UPI,527482139127,360.67,,758286.48
23-01-2025,UPI/CR/642658201216/Suresh/BKID/8678648815@oksbi/UPI,582845949254,,"12,400.54",770687.02
23-01-2025,UPI/DR/068381233865/Jio/PAYTM/airtel@axis/UPI,367924808308,869.00,,769818.02
23-01-2025,UPI/DR/342198527561/Sonia/SBIN/sonia548@aubank/UPI,878886390654,"15,350.06",,754467.96
23-01-2025,UPI/DR/289710729252/Uber/ICICI/uber@paytm/UPI,387766536349,680.01,,753787.95
25-01-2025,UPI/DR/386830745282/Amazon/ICICI/amazon@apl/UPI,642817855184,"2,000.67",,751787.28
26-01-2025,UPI/DR/744074661454/Jio/PAYTM/airtel@axis/UPI,749811738175,669.00,,751118.28
26-01-2025,UPI/CR/156294440531/Sushma/FDRL/sushma965@ptsbi/UPI,795405241545,,"7,000.83",758119.11
27-01-2025,UPI/DR/870257183270/Myntra/PAYTM/myntra@ybl/UPI,197050736840,"4,750.43",,753368.68
28-01-2025,ATM CASH WITHDRAWAL/41954/AMRITSAR,964442207842,"5,000.00",,748368.68
29-01-2025,POS HP PETROL PUMP AMRITSAR,351876778543,"4,200.89",,744167.79
29-01-2025,UPI/DR/501579286993/Uber/PAYTM/uber@paytm/UPI,939854760743,770.13,,743397.66
29-01-2025,POS BIG BAZAAR AMRITSAR,136098967831,"3,400.65",,739997.01
30-01-2025,UPI/DR/867768463664/Lata/UCBA/lata.tiwari@apl/UPI,020381058417,"12,850.07",,727146.94
30-01-2025,UPI/DR/462144457432/Sushma/HDFC/sushmadube96@okaxis/UPI,247377349064,"4,100.76",,723046.18
30-01-2025,POS RELIANCE MART AMRITSAR,335784184031,"5,000.54",,718045.64
30-01-2025,UPI/DR/096409479985/Kamal/BARB/kamaljosh49@oksbi/UPI,207796164363,"15,300.03",,702745.61
31-01-2025,POS VISHAL MEGA MART AMRITSAR,214787360095,"4,600.07",,698145.54
31-01-2025,POS MAX FASHION AMRITSAR,887387185749,"1,250.75",,696894.79
01-02-2025,UPI/CR/261711342453/Mohit/BKID/1927796142@oksbi/UPI,247872987709,,"18,200.24",715095.03
01-02-2025,UPI/DR/032864616367/Nisha/FDRL/8416171259@axl/UPI,688397594777,"9,200.60",,705894.43
01-02-2025,UPI/DR/544299015202/Rohit/HDFC/rohitkuma37@axl/UPI,971197227521,"4,650.11",,701244.32
01-02-2025,UPI/DR/474076197373/Swiggy/ICICI/swiggy@icici/UPI,071062558497,500.86,,700743.46
02-02-2025,UPI/DR/630874957339/Hathway/RAZORPAY/broadband@paytm/UPI,579898810405,"1,299.00",,699444.46
02-02-2025,UPI/DR/763198034739/Jio/PAYTM/airtel@axis/UPI,939024911941,929.00,,698515.46
02-02-2025,UPI/DR/954687350858/Ola/ICICI/olamoney@ola/UPI,933808225726,"2,090.58",,696424.88
03-02-2025,POS RELIANCE MART AMRITSAR,346805905951,"5,250.57",,691174.31
04-02-2025,UPI/DR/447881855543/Rapido/PAYTM/rapido@icici/UPI,095123457649,450.41,,690723.90
04-02-2025,UPI/CR/036315792271/Meena/KKBK/meenathap10@ptsbi/UPI,850844364821,,"7,700.29",698424.19
05-02-2025,UPI/DR/246115373236/Zomato/ICICI/zomato@axisbank/UPI,927459312266,"2,680.96",,695743.23
06-02-2025,SALARY CREDIT/S2542495690840/Blue Dart Express Ltd,799346456929,,"97,619.98",793363.21
06-02-2025,IMPS-998922963981-Lalit Patel,277975259957,"31,000.36",,762362.85
07-02-2025,POS SHELL FUEL STATION AMRITSAR,414718225851,"3,550.07",,758812.78
08-02-2025,UPI/DR/153613369662/Girish/PUNB/girishrao33@oksbi/UPI,574854462797,"18,300.76",,740512.02
08-02-2025,UPI/CR/848885880373/Asha/FDRL/ashaagar97@ptyes/UPI,828587052527,,"17,450.92",757962.94
09-02-2025,UPI/DR/887645081532/LIC/LICI/licindia@licindia/UPI,430481716118,"8,200.00",,749762.94
10-02-2025,UPI/CR/272942519477/Mina/UTIB/mina256@kotak/UPI,392900857789,,"18,150.04",767912.98
10-02-2025,POS SHOPPERS STOP AMRITSAR,043733705296,"8,400.50",,759512.48
11-02-2025,NACH/MANDATE/RNT8279578/RENT MANDATE,239215331629,"24,500.00",,735012.48
12-02-2025,NACH/MANDATE/LN135530784778/HDFC Ltd,743850509257,"8,000.00",,727012.48
13-02-2025,UPI/DR/196594115275/PhonePe/ICICI/phonepe@ybl/UPI,068105984855,470.17,,726542.31
13-02-2025,UPI/DR/644465752010/Deepa/KKBK/deepa563@kotak/UPI,948325412430,"3,600.42",,722941.89
14-02-2025,UPI/DR/515591175770/BigBasket/ICICI/bigbasket@ybl/UPI,940564734593,"1,770.54",,721171.35
14-02-2025,UPI/DR/830419887472/Jio/PAYTM/airtel@axis/UPI,348504229784,639.00,,720532.35
15-02-2025,UPI/DR/001270873344/BSNL/ICICI/bsnlbroadband@upi/UPI,634151153704,180.55,,720351.80
15-02-2025,UPI/CR/495563705900/Lata/FDRL/lata.mehta@apl/UPI,522190576820,,"19,800.43",740152.23
16-02-2025,ATM CASH WITHDRAWAL/19278/AMRITSAR,220542419475,"7,000.00",,733152.23
16-02-2025,POS SHELL FUEL STATION AMRITSAR,882973981464,"2,650.56",,730501.67
16-02-2025,POS SHELL FUEL STATION AMRITSAR,290803080966,"4,350.69",,726150.98
17-02-2025,ATM CASH WITHDRAWAL/64610/AMRITSAR,780770040289,"3,000.00",,723150.98
17-02-2025,UPI/DR/980854250500/BSNL/ICICI/bsnlbroadband@upi/UPI,618152191910,"1,920.66",,721230.32
18-02-2025,UPI/DR/088633693076/Manish/BARB/manish.pillai@paytm/UPI,878370412890,"4,200.30",,717030.02
18-02-2025,UPI/DR/491827645144/Dunzo/ICICI/dunzo@razorpay/UPI,834555058829,660.50,,716369.52
18-02-2025,UPI/DR/129285201658/Apollo/ICICI/apollopharmacy@ybl/UPI,356869119652,"3,230.89",,713138.63
18-02-2025,UPI/DR/289974938641/Akash/FDRL/akash340@pthdfc/UPI,811714785788,"12,250.66",,700887.97
19-02-2025,UPI/DR/799381770632/Amazon/PAYTM/amazon@apl/UPI,244476275973,"4,450.39",,696437.58
19-02-2025,UPI/DR/687986377302/KSEB/UPIN/ksebpayment@upi/UPI,984195064893,"3,900.15",,692537.43
20-02-2025,UPI/CR/472104176297/Pallavi/BKID/2941656601@okaxis/UPI,645360764923,,"10,250.63",702788.06
20-02-2025,UPI/DR/245202232466/Jio/PAYTM/airtel@axis/UPI,125472552906,389.00,,702399.06
21-02-2025,UPI/DR/356424459503/Ola/PAYTM/olamoney@ola/UPI,969629886921,780.30,,701618.76
21-02-2025,NEFT/N1549902364335/L&T Infotech Ltd,979432402199,,"22,500.12",724118.88
22-02-2025,UPI/DR/892317990826/Indane/ICICI/indanegas@upi/UPI,104282449603,"1,750.30",,722368.58
23-02-2025,POS METRO CASH CARRY AMRITSAR,528870658488,"3,500.88",,718867.70
23-02-2025,UPI/DR/569913195944/Ola/ICICI/olamoney@ola/UPI,984054044031,300.26,,718567.44
24-02-2025,ATM CASH WITHDRAWAL/79746/AMRITSAR,105979437386,"8,500.00",,710067.44
25-02-2025,UPI/DR/198969534658/BigBasket/ICICI/bigbasket@ybl/UPI,977803144243,"1,190.21",,708877.23
25-02-2025,POS HP PETROL PUMP AMRITSAR,591020987774,"4,350.93",,704526.30
25-02-2025,ATM CASH WITHDRAWAL/25415/AMRITSAR,699600763598,"8,500.00",,696026.30
25-02-2025,UPI/DR/358469963665/IRCTC/ICICI/irctc@upi/UPI,146643387426,599.00,,695427.30
27-02-2025,UPI/DR/838937593695/PhonePe/ICICI/phonepe@ybl/UPI,003132887090,"2,680.13",,692747.17
28-02-2025,UPI/DR/806036589089/Rapido/PAYTM/rapido@icici/UPI,924777186676,260.66,,692486.51
28-02-2025,UPI/CR/763840378307/Poonam/BARB/poonam331@paytm/UPI,745331811993,,"12,550.48",705036.99
01-03-2025,GST ON CHARGES,952552215174,73.80,,704963.19
01-03-2025,UPI/DR/009411478810/Tarun/KKBK/tarun191@apl/UPI,984735774906,"15,850.47",,689112.72
01-03-2025,UPI/CR/295346555091/Siddharth/UTIB/siddharthjain51@ptsbi/UPI,372565131176,,"13,300.36",702413.08
01-03-2025,UPI/DR/603511166747/Nisha/UTIB/nisha.kapoor@okhdfcbank/UPI,131861556738,"5,000.73",,697412.35
01-03-2025,UPI/CR/864964741505/Anil/FDRL/anilchau53@aubank/UPI,197428382562,,"5,800.00",703212.35
01-03-2025,MAINTENANCE CHARGES,013202122299,410.00,,702802.35
01-03-2025,UPI/DR/562752978393/Sarita/PUNB/sarita.patel@ptaxis/UPI,783366956549,"3,150.24",,699652.11
01-03-2025,POS MORE SUPER MARKET AMRITSAR,295938284859,500.22,,699151.89
02-03-2025,UPI/DR/421701873745/BigBasket/ICICI/bigbasket@ybl/UPI,115022554655,"1,790.45",,697361.44
03-03-2025,UPI/DR/233230828062/Gaurav/SBIN/gaurav.pillai@upi/UPI,468402057358,"11,650.56",,685710.88
03-03-2025,SALARY CREDIT/S2257945100856/Blue Dart Express Ltd,893732629237,,"97,843.98",783554.86
03-03-2025,POS SHELL FUEL STATION AMRITSAR,417449982236,"1,700.34",,781854.52
04-03-2025,UPI/CR/759674896621/Pooja/PUNB/poojachop97@ibl/UPI,345334624804,,"2,250.82",784105.34
05-03-2025,NACH/MANDATE/RNT1673823/RENT MANDATE,656573285003,"24,500.00",,759605.34
05-03-2025,ATM CASH WITHDRAWAL/10394/AMRITSAR,537034779743,"6,000.00",,753605.34
07-03-2025,NEFT/N3459143145644/Accenture India Pvt ,099589675906,,"22,500.29",776105.63
07-03-2025,UPI/CR/563483869454/Sangita/BDBL/sangita.pandey@apl/UPI,379734137285,,"16,350.91",792456.54
07-03-2025,UPI/DR/808327555512/Rakesh/BARB/rakesh172@ptsbi/UPI,706896391856,"17,300.40",,775156.14
07-03-2025,POS RELIANCE PETROLEUM AMRITSAR,114943177290,"2,150.14",,773006.00
07-03-2025,POS STAR BAZAAR AMRITSAR,932784181665,"8,150.60",,764855.40
07-03-2025,UPI/DR/595614996124/Uber/ICICI/uber@paytm/UPI,237676841433,230.74,,764624.66
08-03-2025,UPI/DR/562966308006/Jio/PAYTM/airtel@axis/UPI,117893819959,309.00,,764315.66
08-03-2025,NACH/MANDATE/LN135530784778/HDFC Ltd,466938691542,"8,000.00",,756315.66
09-03-2025,UPI/DR/825656198007/Hathway/RAZORPAY/broadband@paytm/UPI,724385059063,799.00,,755516.66
09-03-2025,UPI/DR/128874862284/Jio/PAYTM/airtel@axis/UPI,750686753265,909.00,,754607.66
09-03-2025,UPI/DR/249108511825/Amazon/ICICI/amazon@apl/UPI,268442814465,"1,040.43",,753567.23
09-03-2025,UPI/DR/202164190441/MedPlus/ICICI/medplus@icici/UPI,294556522912,210.10,,753357.13
10-03-2025,UPI/CR/256803318421/Varsha/UCBA/varshamukh17@pthdfc/UPI,555919597794,,"1,200.97",754558.10
10-03-2025,UPI/DR/775599305236/Jio/PAYTM/airtel@axis/UPI,446900237598,239.00,,754319.10
10-03-2025,UPI/DR/282252934574/Zomato/ICICI/zomato@axisbank/UPI,072588740827,"1,050.19",,753268.91
10-03-2025,UPI/DR/634530675781/Rapido/PAYTM/rapido@icici/UPI,613582446227,440.88,,752828.03
10-03-2025,UPI/CR/448725055159/Kunal/UTIB/kunal890@ibl/UPI,910985180667,,"2,850.10",755678.13
11-03-2025,UPI/DR/332774263065/Deepak/UTIB/deepak.chopra@ibl/UPI,963325130166,"11,700.90",,743977.23
12-03-2025,UPI/DR/715235394859/Meesho/PAYTM/meesho@ybl/UPI,465951949584,"2,650.06",,741327.17
12-03-2025,UPI/DR/989014449206/LIC/LICI/licindia@licindia/UPI,734468982215,"8,200.00",,733127.17
13-03-2025,UPI/DR/652133081763/Kapil/BDBL/kapil.sethi@apl/UPI,073125197466,"11,900.35",,721226.82
13-03-2025,UPI/DR/756717607330/Ola/PAYTM/olamoney@ola/UPI,251475698918,370.60,,720856.22
13-03-2025,UPI/DR/938011258517/Zepto/ICICI/zepto@apl/UPI,398080056014,"2,070.99",,718785.23
14-03-2025,UPI/DR/087768168748/Uber/PAYTM/uber@paytm/UPI,363142500253,520.99,,718264.24
14-03-2025,UPI/DR/263679560800/Flipkart/PAYTM/flipkart@ybl/UPI,339628954008,700.71,,717563.53
14-03-2025,UPI/DR/510494606721/Kamal/UTIB/kamal.rao@ptyes/UPI,863591331224,"10,450.98",,707112.55
14-03-2025,UPI/DR/686954419949/Jio/PAYTM/airtel@axis/UPI,972581664955,199.00,,706913.55
15-03-2025,UPI/DR/413414906687/Sarita/BDBL/saritamalh18@paytm/UPI,514977682082,"11,900.43",,695013.12
15-03-2025,UPI/DR/934617745419/Jio/PAYTM/airtel@axis/UPI,383665476756,589.00,,694424.12
15-03-2025,POS LIFESTYLE STORES AMRITSAR,859429211967,"6,250.85",,688173.27
16-03-2025,POS V MART AMRITSAR,926705142054,"4,000.60",,684172.67
16-03-2025,UPI/DR/966752004594/Rohit/BARB/rohitredd91@ptaxis/UPI,043080905898,"11,550.30",,672622.37
17-03-2025,POS BHARAT PETROLEUM AMRITSAR,914130884642,"1,300.56",,671321.81
17-03-2025,UPI/DR/030471369217/Flipkart/ICICI/flipkart@ybl/UPI,679136294605,"2,620.26",,668701.55
18-03-2025,UPI/DR/954145052933/Anil/FDRL/anil.banerjee@okicici/UPI,973692788863,"12,600.82",,656100.73
19-03-2025,UPI/DR/181244032536/Indane/ICICI/indanegas@upi/UPI,968211796774,"1,400.35",,654700.38
19-03-2025,UPI/DR/994797137347/Meena/BKID/0945320505@okaxis/UPI,059294119498,"1,850.40",,652849.98
19-03-2025,UPI/DR/648129230295/Flipkart/ICICI/flipkart@ybl/UPI,300527287489,"1,960.66",,650889.32
19-03-2025,UPI/DR/276650781233/Zomato/ICICI/zomato@axisbank/UPI,354782479126,"1,170.13",,649719.19
19-03-2025,UPI/DR/764686786009/Flipkart/ICICI/flipkart@ybl/UPI,219151698119,"1,790.99",,647928.20
19-03-2025,UPI/DR/221607021739/Deepak/BARB/deepak762@ptyes/UPI,712191896012,"3,950.81",,643977.39
20-03-2025,UPI/DR/540910280347/KSEB/UPIN/ksebpayment@upi/UPI,449852395112,"1,300.56",,642676.83
20-03-2025,UPI/DR/201917459159/BigBasket/ICICI/bigbasket@ybl/UPI,244576928120,"2,600.86",,640075.97
20-03-2025,POS VISHAL MEGA MART AMRITSAR,054892815021,"5,200.83",,634875.14
20-03-2025,UPI/DR/061671693930/Kunal/HDFC/kunal.dutta@axl/UPI,855296399315,"17,800.30",,617074.84
20-03-2025,UPI/DR/754563151160/Amazon/PAYTM/amazon@apl/UPI,980779311868,"5,500.15",,611574.69
20-03-2025,ATM CASH WITHDRAWAL/91507/AMRITSAR,987065546230,"6,000.00",,605574.69
21-03-2025,UPI/DR/720994121728/Ola/PAYTM/olamoney@ola/UPI,706694982489,230.69,,605344.00
21-03-2025,POS D MART AMRITSAR,631103827124,"5,350.84",,599993.16
22-03-2025,IMPS-626793747867-Rajan Mishra,623499667909,"39,000.59",,560992.57
22-03-2025,POS RELIANCE PETROLEUM AMRITSAR,110851929797,"2,900.56",,558092.01
23-03-2025,UPI/DR/982822751224/Uber/ICICI/uber@paytm/UPI,027637908315,930.48,,557161.53
23-03-2025,POS SHOPPERS STOP AMRITSAR,095188979583,"2,250.23",,554911.30
23-03-2025,UPI/DR/770550448545/Jio/ICICI/jio@paytm/UPI,034204231390,"1,550.39",,553360.91
23-03-2025,UPI/DR/186261126742/Swiggy/ICICI/swiggy@icici/UPI,604631400718,"1,790.79",,551570.12
24-03-2025,UPI/CR/546925859946/Rakesh/BARB/rakesh.banerjee@apl/UPI,117976458095,,"15,400.46",566970.58
25-03-2025,POS SHOPPERS STOP AMRITSAR,093051050257,"4,200.83",,562769.75
27-03-2025,INTEREST CREDIT,482962422647,,855.05,563624.80
27-03-2025,UPI/DR/427627657641/Dunzo/ICICI/dunzo@razorpay/UPI,857515949397,"1,260.30",,562364.50
27-03-2025,UPI/DR/654742184387/PhonePe/ICICI/phonepe@ybl/UPI,412946750166,"1,860.76",,560503.74
29-03-2025,ATM CASH WITHDRAWAL/42260/AMRITSAR,598989228021,"5,500.00",,555003.74
29-03-2025,UPI/DR/966747683933/Kiran/PUNB/kiran422@paytm/UPI,456515427371,"7,150.43",,547853.31
30-03-2025,POS METRO CASH CARRY AMRITSAR,950536220571,"4,450.19",,543403.12
30-03-2025,MAINTENANCE CHARGES,364112162072,70.00,,543333.12
30-03-2025,GST ON CHARGES,250376808261,12.60,,543320.52
31-03-2025,UPI/CR/167693793253/Isha/FDRL/ishakhan19@ptaxis/UPI,533222747521,,"7,750.27",551070.79
31-03-2025,UPI/DR/813863716830/Kavita/FDRL/4408252684@aubank/UPI,204592533495,"6,900.01",,544170.78
31-03-2025,ATM CASH WITHDRAWAL/78866/AMRITSAR,953264177932,"9,000.00",,535170.78
02-04-2025,UPI/DR/916769218555/IRCTC/ICICI/irctc@upi/UPI,334061731587,749.00,,534421.78
02-04-2025,UPI/CR/673581635551/Sunil/KKBK/sunil257@oksbi/UPI,404642285651,,"12,600.72",547022.50
02-04-2025,UPI/CR/072771000687/Rajan/UTIB/rajanpand22@pthdfc/UPI,755370830507,,"12,400.49",559422.99
03-04-2025,UPI/DR/117185844382/Jio/PAYTM/airtel@axis/UPI,669370008220,719.00,,558703.99
03-04-2025,UPI/DR/444322283980/Usha/BKID/ushashar87@okhdfcbank/UPI,711848540838,"19,600.43",,539103.56
04-04-2025,UPI/DR/431579402973/Neha/BDBL/6563397566@ybl/UPI,157811503240,"14,600.19",,524503.37
04-04-2025,POS LIFESTYLE STORES AMRITSAR,597107696018,"2,350.58",,522152.79
05-04-2025,POS BHARAT PETROLEUM AMRITSAR,924087058107,"2,500.25",,519652.54
05-04-2025,UPI/DR/779240402857/Rapido/PAYTM/rapido@icici/UPI,579786511481,290.04,,519362.50
05-04-2025,SALARY CREDIT/S5081251136274/Blue Dart Express Ltd,110979819754,,"96,559.98",615922.48
06-04-2025,NACH/MANDATE/RNT4188494/RENT MANDATE,433050165920,"24,500.00",,591422.48
06-04-2025,UPI/DR/499547194451/Uber/ICICI/uber@paytm/UPI,759380630644,420.47,,591002.01
07-04-2025,NACH/MANDATE/LN135530784778/HDFC Ltd,943396527446,"8,000.00",,583002.01
07-04-2025,UPI/CR/696418046012/Ankit/UCBA/ankit.chaudhary@okaxis/UPI,807145309207,,"15,950.66",598952.67
08-04-2025,UPI/DR/076997044591/Mukesh/HDFC/mukesh182@ibl/UPI,176393658841,"13,050.06",,585902.61
08-04-2025,UPI/DR/950910059166/LIC/LICI/licindia@licindia/UPI,008047058497,"8,200.00",,577702.61
09-04-2025,UPI/DR/834304056937/Ola/PAYTM/olamoney@ola/UPI,569139843625,680.23,,577022.38
09-04-2025,UPI/CR/281111064021/Shweta/SBIN/shwetachau80@oksbi/UPI,383355822179,,"10,950.18",587972.56
10-04-2025,ATM CASH WITHDRAWAL/71253/AMRITSAR,718255360591,"3,000.00",,584972.56
10-04-2025,ATM CASH WITHDRAWAL/35627/AMRITSAR,571148841421,"2,500.00",,582472.56
10-04-2025,UPI/DR/371698772823/KSEB/UPIN/ksebpayment@upi/UPI,174593782631,"1,450.79",,581021.77
11-04-2025,UPI/DR/196181107694/Shreya/UTIB/shreyanamb19@ybl/UPI,539628562554,"2,700.06",,578321.71
12-04-2025,ATM CASH WITHDRAWAL/39685/AMRITSAR,762927361400,"8,000.00",,570321.71
12-04-2025,UPI/DR/429139984015/Jio/PAYTM/airtel@axis/UPI,653971171296,619.00,,569702.71
13-04-2025,UPI/DR/060826139912/Uber/PAYTM/uber@paytm/UPI,088499352842,490.67,,569212.04
13-04-2025,POS HP PETROL PUMP AMRITSAR,074653704733,"2,850.72",,566361.32
13-04-2025,UPI/DR/546302869695/Indane/ICICI/indanegas@upi/UPI,505259764828,"2,200.23",,564161.09
13-04-2025,UPI/DR/219678538700/Meesho/PAYTM/meesho@ybl/UPI,789292434115,"2,300.30",,561860.79
14-04-2025,UPI/DR/193680285926/Uber/ICICI/uber@paytm/UPI,319708349421,"1,240.51",,560620.28
15-04-2025,UPI/DR/409164770621/Krishna/KKBK/0256089415@oksbi/UPI,321273906280,"12,250.05",,548370.23
15-04-2025,ATM CASH WITHDRAWAL/84914/AMRITSAR,204904878458,"6,000.00",,542370.23
17-04-2025,UPI/DR/009770510906/Jio/PAYTM/airtel@axis/UPI,929328016205,309.00,,542061.23
17-04-2025,UPI/DR/664544855418/MedPlus/ICICI/medplus@icici/UPI,353672645896,"1,350.28",,540710.95
17-04-2025,UPI/DR/766871101649/Jio/PAYTM/airtel@axis/UPI,115292604604,379.00,,540331.95
18-04-2025,UPI/DR/635433105497/BigBasket/ICICI/bigbasket@ybl/UPI,994835036206,"1,440.09",,538891.86
18-04-2025,UPI/DR/889430226747/Common/UCO/prashant71@kotak/UPI,580122021174,"6,240.71",,532651.15
18-04-2025,POS LIFESTYLE STORES AMRITSAR,082742612717,"7,050.86",,525600.29
19-04-2025,UPI/DR/990327117100/Swiggy/ICICI/swiggy@icici/UPI,496754829650,120.18,,525480.11
19-04-2025,IMPS-505631115154-Shweta Verma,387809125141,"2,500.30",,522979.81
19-04-2025,UPI/CR/198951739170/Swati/UCBA/swati.mukherjee@upi/UPI,228392179116,,"6,950.73",529930.54
20-04-2025,UPI/DR/666857681887/Kunal/UTIB/kunalredd41@upi/UPI,116310332384,"18,450.33",,511480.21
20-04-2025,UPI/CR/162729730217/Sonia/BKID/soniameht33@ibl/UPI,687509949070,,"8,100.96",519581.17
20-04-2025,UPI/DR/959071078458/Gopal/BARB/gopal846@aubank/UPI,671250342977,"9,850.70",,509730.47
22-04-2025,UPI/CR/073966261393/Gopal/FDRL/gopal293@pthdfc/UPI,578487508513,,"10,400.59",520131.06
22-04-2025,POS BHARAT PETROLEUM AMRITSAR,052279158930,"3,950.95",,516180.11
22-04-2025,UPI/DR/020574016605/Uber/ICICI/uber@paytm/UPI,310197973539,280.11,,515900.00
22-04-2025,UPI/CR/918177574369/Kamal/KKBK/kamal.jain@ptaxis/UPI,791621224734,,"14,050.88",529950.88
23-04-2025,UPI/CR/987754401364/Kavita/KKBK/kavita254@pthdfc/UPI,988673145382,,"14,250.69",544201.57
23-04-2025,ATM CASH WITHDRAWAL/64801/AMRITSAR,091719639936,"9,000.00",,535201.57
23-04-2025,ATM CASH WITHDRAWAL/26774/AMRITSAR,742579081385,"5,000.00",,530201.57
24-04-2025,UPI/DR/646569427969/Uber/PAYTM/uber@paytm/UPI,491127970283,830.93,,529370.64
25-04-2025,UPI/DR/142789343650/Myntra/PAYTM/myntra@ybl/UPI,021275371418,400.20,,528970.44
25-04-2025,UPI/DR/642754578894/Amazon/PAYTM/amazon@apl/UPI,737593305217,"5,100.79",,523869.65
26-04-2025,UPI/CR/503762147771/Ajay/BKID/ajaydube79@ptsbi/UPI,018015679232,,"13,900.43",537770.08
27-04-2025,UPI/DR/136008607654/Ola/PAYTM/olamoney@ola/UPI,241446879681,220.06,,537550.02
27-04-2025,UPI/CR/989898911025/Santosh/BARB/4058714729@ptaxis/UPI,327531595631,,"3,600.46",541150.48
28-04-2025,UPI/DR/703507954762/Swiggy/ICICI/swiggy@icici/UPI,756017928274,"1,000.21",,540150.27
28-04-2025,UPI/DR/366112484584/Ravi/BDBL/ravi.mehta@ptsbi/UPI,050353866186,"6,050.38",,534099.89
28-04-2025,UPI/CR/954706815451/Seema/HDFC/seema138@okaxis/UPI,675368326194,,"21,000.02",555099.91
28-04-2025,UPI/DR/926863843752/PhonePe/ICICI/phonepe@ybl/UPI,484000329023,"1,380.40",,553719.51
28-04-2025,UPI/CR/671747413812/Sangita/UTIB/sangita.desai@aubank/UPI,555000667709,,"19,450.48",573169.99
29-04-2025,POS MORE SUPER MARKET AMRITSAR,568105706208,"2,400.18",,570769.81
29-04-2025,UPI/DR/242943272209/Hathway/RAZORPAY/broadband@paytm/UPI,739764622103,449.00,,570320.81
29-04-2025,POS SHOPPERS STOP AMRITSAR,614981352800,"8,450.49",,561870.32
01-05-2025,UPI/DR/783370264846/Ola/ICICI/olamoney@ola/UPI,574871881567,"1,500.20",,560370.12
01-05-2025,UPI/DR/550260613049/BigBasket/ICICI/bigbasket@ybl/UPI,648931605608,"1,320.00",,559050.12
01-05-2025,UPI/CR/370759312464/Poonam/BARB/poonam.chaudhary@axl/UPI,743896383155,,"10,300.47",569350.59
03-05-2025,UPI/CR/631490691003/Girish/BARB/girishsen52@pthdfc/UPI,708271325869,,"14,300.63",583651.22
04-05-2025,UPI/DR/424708941608/PhonePe/ICICI/phonepe@ybl/UPI,946680659130,180.90,,583470.32
05-05-2025,UPI/DR/287234495439/Rapido/PAYTM/rapido@icici/UPI,907553607097,810.63,,582659.69
06-05-2025,SALARY CREDIT/S9980947863292/Blue Dart Express Ltd,829345225409,,"94,827.98",677487.67
08-05-2025,UPI/CR/535862399501/Sonia/HDFC/sonia437@upi/UPI,914087249430,,"9,900.93",687388.60
09-05-2025,UPI/DR/676244999516/Paytm/ICICI/paytm@paytm/UPI,676039611488,"1,210.09",,686178.51
10-05-2025,UPI/DR/297826508506/Gopal/BARB/gopal578@paytm/UPI,383125995118,"9,250.44",,676928.07
11-05-2025,UPI/DR/479388172955/Mohit/BARB/mohit802@aubank/UPI,495542449080,"19,850.43",,657077.64
11-05-2025,NACH/MANDATE/RNT2121175/RENT MANDATE,173705337484,"24,500.00",,632577.64
11-05-2025,NACH/MANDATE/LN135530784778/HDFC Ltd,584966412996,"8,000.00",,624577.64
11-05-2025,UPI/CR/704247132231/Mina/HDFC/minaseth44@pthdfc/UPI,350055281828,,"9,400.90",633978.54
12-05-2025,UPI/DR/191870772690/Renu/BKID/renumish80@apl/UPI,771701623449,"21,300.94",,612677.60
13-05-2025,UPI/DR/033453168006/LIC/LICI/licindia@licindia/UPI,133430579105,"8,200.00",,604477.60
13-05-2025,UPI/DR/473151088034/Zomato/ICICI/zomato@axisbank/UPI,265747179197,"2,380.76",,602096.84
13-05-2025,POS HP PETROL PUMP AMRITSAR,753474928472,"2,850.19",,599246.65
13-05-2025,UPI/DR/696996985434/Spotify/ICICI/spotify@icici/UPI,336950721975,399.00,,598847.65
15-05-2025,UPI/DR/462502973222/BSNL/ICICI/bsnlbroadband@upi/UPI,821796655072,"1,910.67",,596936.98
16-05-2025,POS VISHAL MEGA MART AMRITSAR,151156479400,"5,100.96",,591836.02
17-05-2025,UPI/DR/851914637206/Zepto/ICICI/zepto@apl/UPI,155832163463,500.28,,591335.74
17-05-2025,UPI/DR/646544577279/Swiggy/ICICI/swiggy@icici/UPI,708369992809,"2,320.33",,589015.41
17-05-2025,UPI/DR/600804710732/Dunzo/ICICI/dunzo@razorpay/UPI,474375523176,"2,050.63",,586964.78
17-05-2025,ATM CASH WITHDRAWAL/27027/AMRITSAR,246607290223,"5,500.00",,581464.78
17-05-2025,UPI/DR/926118507523/Uber/PAYTM/uber@paytm/UPI,510482336142,820.88,,580643.90
18-05-2025,UPI/DR/842795904356/Mohan/UCBA/0725853775@ptaxis/UPI,550858028404,"7,850.01",,572793.89
19-05-2025,UPI/CR/157732146406/Lata/FDRL/latadutt88@aubank/UPI,432450776529,,"21,400.39",594194.28
19-05-2025,UPI/DR/011297661708/Hathway/RAZORPAY/broadband@paytm/UPI,209847997251,999.00,,593195.28
20-05-2025,UPI/DR/548203703973/BSNL/ICICI/bsnlbroadband@upi/UPI,109367900128,"1,500.66",,591694.62
20-05-2025,UPI/DR/479366858297/Indane/ICICI/indanegas@upi/UPI,333181547268,"2,200.54",,589494.08
21-05-2025,POS HP PETROL PUMP AMRITSAR,635860503924,"4,450.88",,585043.20
21-05-2025,UPI/DR/860119067861/Lata/UCBA/lata196@pthdfc/UPI,463566197477,"4,050.72",,580992.48
21-05-2025,UPI/DR/642770696461/Manoj/SBIN/manojthap11@apl/UPI,969647477848,"4,100.77",,576891.71
21-05-2025,UPI/DR/516447889896/Ola/PAYTM/olamoney@ola/UPI,523480586243,710.49,,576181.22
22-05-2025,POS VISHAL MEGA MART AMRITSAR,672912223073,"2,750.38",,573430.84
22-05-2025,UPI/DR/253823371764/Jio/PAYTM/airtel@axis/UPI,320603312594,769.00,,572661.84
22-05-2025,UPI/DR/585282320501/KSEB/UPIN/ksebpayment@upi/UPI,563843532938,"4,050.79",,568611.05
23-05-2025,POS D MART AMRITSAR,437163218289,"4,650.82",,563960.23
23-05-2025,POS MORE SUPER MARKET AMRITSAR,503829409519,450.12,,563510.11
23-05-2025,UPI/DR/588215379032/Meesho/PAYTM/meesho@ybl/UPI,725488086342,"3,750.03",,559760.08
23-05-2025,UPI/DR/465702891961/Babita/KKBK/babitamukh73@okicici/UPI,629500851004,"14,150.07",,545610.01
24-05-2025,UPI/DR/864564762517/Hotstar/ICICI/hotstar@hdfcbank/UPI,978725753299,399.00,,545211.01
24-05-2025,POS V MART AMRITSAR,505791926222,"6,700.76",,538510.25
25-05-2025,ATM CASH WITHDRAWAL/83025/AMRITSAR,287903455787,"4,000.00",,534510.25
25-05-2025,UPI/CR/701703959964/Manoj/BKID/manojchau93@apl/UPI,028229698576,,"10,250.48",544760.73
25-05-2025,UPI/DR/531752503297/Nykaa/PAYTM/nykaa@razorpay/UPI,654785821118,"5,850.12",,538910.61
25-05-2025,POS V MART AMRITSAR,122833411475,"1,550.80",,537359.81
26-05-2025,UPI/DR/983128219939/Jio/PAYTM/airtel@axis/UPI,567901036188,639.00,,536720.81
26-05-2025,UPI/DR/413963879882/BSNL/ICICI/bsnlbroadband@upi/UPI,716628500962,180.25,,536540.56
26-05-2025,UPI/DR/606178054510/Ola/PAYTM/olamoney@ola/UPI,626417709860,300.34,,536240.22
26-05-2025,UPI/DR/361953131161/Flipkart/PAYTM/flipkart@ybl/UPI,963156117508,"3,750.13",,532490.09
27-05-2025,UPI/DR/714392400477/Jio/PAYTM/airtel@axis/UPI,813305497226,329.00,,532161.09
27-05-2025,UPI/DR/137797858308/Rapido/PAYTM/rapido@icici/UPI,968961391015,150.37,,532010.72
28-05-2025,UPI/DR/834441952920/Jio/PAYTM/airtel@axis/UPI,765098064007,849.00,,531161.72
28-05-2025,ATM CASH WITHDRAWAL/21668/AMRITSAR,385500101735,"9,000.00",,522161.72
28-05-2025,UPI/DR/043982594947/Kavya/UCBA/kavya.roy@apl/UPI,906046912435,"10,850.49",,511311.23
29-05-2025,UPI/DR/563555806431/Rajan/UCBA/rajannair75@oksbi/UPI,979216936943,"18,200.43",,493110.80
29-05-2025,ATM CASH WITHDRAWAL/90849/AMRITSAR,277337553621,"7,000.00",,486110.80
29-05-2025,UPI/DR/105547303471/Dunzo/ICICI/dunzo@razorpay/UPI,620840860437,"1,760.33",,484350.47
29-05-2025,UPI/DR/332929475839/Vandana/SBIN/8862618043@okhdfcbank/UPI,189890351134,"17,050.72",,467299.75
31-05-2025,POS VISHAL MEGA MART AMRITSAR,201390034958,"6,750.66",,460549.09
31-05-2025,UPI/CR/432518716053/Rohit/BDBL/rohitmukh65@ibl/UPI,983640997947,,"7,200.50",467749.59
01-06-2025,UPI/DR/688049476287/Zepto/ICICI/zepto@apl/UPI,147497113524,420.91,,467328.68
01-06-2025,UPI/DR/617042742269/Manish/UTIB/manish.ahuja@ptsbi/UPI,519796317959,"19,350.31",,447978.37
02-06-2025,UPI/DR/015895156283/Flipkart/ICICI/flipkart@ybl/UPI,479687782191,"1,660.87",,446317.50
02-06-2025,UPI/DR/437335804060/Blinkit/ICICI/blinkit@kotak/UPI,211720101380,"2,640.70",,443676.80
02-06-2025,UPI/DR/060287252381/Amazon/ICICI/amazon@apl/UPI,584968801521,"1,120.28",,442556.52
03-06-2025,UPI/DR/277802862629/Naveen/BKID/naveen.desai@ptaxis/UPI,731622247591,"3,250.43",,439306.09
03-06-2025,UPI/CR/838448242389/Geeta/FDRL/geeta765@kotak/UPI,385168871489,,"15,200.95",454507.04
04-06-2025,UPI/DR/734262750689/Jio/PAYTM/airtel@axis/UPI,886663074124,669.00,,453838.04
04-06-2025,POS BRAND FACTORY AMRITSAR,191561037618,"3,350.54",,450487.50
05-06-2025,UPI/DR/690930820966/LIC/LICI/licindia@licindia/UPI,135769610246,"8,200.00",,442287.50
05-06-2025,SALARY CREDIT/S9495112202380/Blue Dart Express Ltd,081645229690,,"94,086.98",536374.48
06-06-2025,NACH/MANDATE/RNT7816566/RENT MANDATE,429636325001,"24,500.00",,511874.48
06-06-2025,UPI/DR/029819132225/Uber/ICICI/uber@paytm/UPI,125200813861,"1,220.12",,510654.36
06-06-2025,UPI/DR/212769593202/Apollo/ICICI/apollopharmacy@ybl/UPI,392880755905,"1,910.70",,508743.66
07-06-2025,UPI/DR/295427917025/PhonePe/ICICI/phonepe@ybl/UPI,840733911824,"1,590.09",,507153.57
07-06-2025,POS METRO CASH CARRY AMRITSAR,289062688619,"2,400.87",,504752.70
08-06-2025,UPI/DR/269882903398/Prashant/UTIB/prashantsen62@oksbi/UPI,872091880408,"10,750.26",,494002.44
09-06-2025,UPI/CR/977984057347/Gaurav/KKBK/gauravmish81@paytm/UPI,850985384555,,"9,450.69",503453.13
10-06-2025,UPI/DR/985826737310/Zomato/ICICI/zomato@axisbank/UPI,740532582207,"2,170.98",,501282.15
11-06-2025,UPI/DR/748223942516/Uber/PAYTM/uber@paytm/UPI,516734168960,650.50,,500631.65
11-06-2025,POS BRAND FACTORY AMRITSAR,575105130290,"5,200.72",,495430.93
12-06-2025,NACH/MANDATE/LN135530784778/HDFC Ltd,225020941526,"8,000.00",,487430.93
12-06-2025,UPI/DR/827087943466/Poonam/UTIB/poonam.khanna@pthdfc/UPI,582684134062,"10,100.06",,477330.87
13-06-2025,ATM CASH WITHDRAWAL/95055/AMRITSAR,500251358797,"7,500.00",,469830.87
13-06-2025,UPI/DR/732463168233/Rapido/PAYTM/rapido@icici/UPI,141823214594,700.12,,469130.75
13-06-2025,POS BHARAT PETROLEUM AMRITSAR,217486504210,"3,650.26",,465480.49
13-06-2025,POS HP PETROL PUMP AMRITSAR,643113846526,"3,250.88",,462229.61
13-06-2025,POS BHARAT PETROLEUM AMRITSAR,929964468097,"4,000.50",,458229.11
14-06-2025,UPI/DR/855343112519/Amazon/PAYTM/amazon@apl/UPI,380140742082,700.96,,457528.15
14-06-2025,UPI/DR/288026114311/Harish/BARB/7509020700@oksbi/UPI,501828700252,"1,200.92",,456327.23
14-06-2025,UPI/DR/275336406558/BigBasket/ICICI/bigbasket@ybl/UPI,414465309541,"1,210.83",,455116.40
15-06-2025,UPI/DR/123947246941/Paytm/ICICI/paytm@paytm/UPI,745490491845,990.14,,454126.26
15-06-2025,UPI/DR/072016973691/Amit/PUNB/0435867750@paytm/UPI,986293029905,"17,650.14",,436476.12
15-06-2025,UPI/CR/254666239158/Kapil/BARB/kapil151@okhdfcbank/UPI,330390513885,,"11,050.62",447526.74
16-06-2025,UPI/DR/105810907321/Jio/ICICI/jio@paytm/UPI,203523858322,"1,440.48",,446086.26
16-06-2025,UPI/DR/051993358606/BigBasket/ICICI/bigbasket@ybl/UPI,681092632114,"2,770.65",,443315.61
17-06-2025,UPI/DR/083955004414/Jio/PAYTM/airtel@axis/UPI,137018340554,609.00,,442706.61
17-06-2025,UPI/DR/595946829105/Deepak/FDRL/0204200156@paytm/UPI,879149145647,"16,650.64",,426055.97
17-06-2025,UPI/DR/330389678683/Amit/BARB/amit.chopra@ptsbi/UPI,442251594673,"7,000.79",,419055.18
17-06-2025,UPI/DR/835846100724/Flipkart/PAYTM/flipkart@ybl/UPI,044004724427,"4,800.29",,414254.89
17-06-2025,UPI/DR/344899397260/PhonePe/ICICI/phonepe@ybl/UPI,437803663170,"1,830.43",,412424.46
18-06-2025,UPI/DR/434445065214/Jio/PAYTM/airtel@axis/UPI,753907931843,529.00,,411895.46
18-06-2025,UPI/DR/931276775355/Gopal/SBIN/gopal.mukherjee@kotak/UPI,820736801986,"10,750.28",,401145.18
18-06-2025,UPI/DR/503998161693/Hathway/RAZORPAY/broadband@paytm/UPI,692208562403,649.00,,400496.18
18-06-2025,NEFT/N9349992517637/Accenture India Pvt ,468460687244,,"46,000.34",446496.52
20-06-2025,UPI/DR/340878230840/KSEB/UPIN/ksebpayment@upi/UPI,167363876523,"2,000.10",,444496.42
20-06-2025,ATM CASH WITHDRAWAL/72740/AMRITSAR,095526748226,"5,500.00",,438996.42
21-06-2025,POS HP PETROL PUMP AMRITSAR,802998953131,"1,800.37",,437196.05
22-06-2025,UPI/DR/517973562722/Flipkart/ICICI/flipkart@ybl/UPI,658896068125,220.45,,436975.60
22-06-2025,UPI/DR/167425178957/Spotify/ICICI/spotify@icici/UPI,378781432491,399.00,,436576.60
23-06-2025,UPI/CR/308047958664/Tarun/BDBL/tarun.nair@upi/UPI,793253199972,,"21,150.75",457727.35
24-06-2025,UPI/DR/329358800363/Amazon/ICICI/amazon@apl/UPI,623517897064,"1,550.96",,456176.39
25-06-2025,UPI/DR/777000158352/Indane/ICICI/indanegas@upi/UPI,204544461842,"1,750.39",,454426.00
25-06-2025,UPI/DR/327543147432/Amazon/ICICI/amazon@apl/UPI,637923194945,"2,240.84",,452185.16
26-06-2025,INTEREST CREDIT,966567795064,,"1,185.60",453370.76
26-06-2025,IMPS-358771846281-Shreya Chopra,868931650001,"30,300.77",,423069.99
26-06-2025,UPI/DR/663371684789/Mina/BARB/mina.nambiar@upi/UPI,015468088286,"1,300.25",,421769.74
27-06-2025,UPI/DR/828203960064/BigBasket/ICICI/bigbasket@ybl/UPI,081107408837,420.16,,421349.58
27-06-2025,UPI/DR/441973495069/Ola/PAYTM/olamoney@ola/UPI,403456281986,850.39,,420499.19
28-06-2025,GST ON CHARGES,850418069242,10.80,,420488.39
28-06-2025,MAINTENANCE CHARGES,921203943669,60.00,,420428.39
28-06-2025,UPI/DR/008812331370/Uber/ICICI/uber@paytm/UPI,882670452203,790.41,,419637.98
28-06-2025,POS CENTRAL MALL AMRITSAR,114208639017,"3,750.60",,415887.38
01-07-2025,UPI/CR/615718261519/Ritu/BKID/ritu342@okhdfcbank/UPI,254740528269,,"19,850.37",435737.75
01-07-2025,UPI/DR/227593959933/Shivam/HDFC/0108196481@ibl/UPI,872270338989,"13,650.23",,422087.52
02-07-2025,UPI/DR/069753513417/Uber/PAYTM/uber@paytm/UPI,516097638800,420.34,,421667.18
03-07-2025,UPI/CR/309175824680/Priya/PUNB/4269910021@oksbi/UPI,722796561407,,"16,900.99",438568.17
04-07-2025,UPI/DR/473459161262/Jio/PAYTM/airtel@axis/UPI,547800059953,689.00,,437879.17
05-07-2025,UPI/DR/985608584626/Uber/ICICI/uber@paytm/UPI,622241553953,"2,440.06",,435439.11
06-07-2025,UPI/DR/856276457950/Jio/PAYTM/airtel@axis/UPI,602215803800,259.00,,435180.11
06-07-2025,UPI/DR/962121177177/BigBasket/ICICI/bigbasket@ybl/UPI,305979130706,"2,670.01",,432510.10
06-07-2025,SALARY CREDIT/S6853262274601/Blue Dart Express Ltd,173372273705,,"98,920.98",531431.08
06-07-2025,UPI/DR/200474360737/Rajesh/BKID/rajesh162@oksbi/UPI,642009396735,"11,700.45",,519730.63
06-07-2025,UPI/DR/927975865790/Ola/ICICI/olamoney@ola/UPI,590855583932,"1,510.85",,518219.78
06-07-2025,UPI/DR/365510544915/Dunzo/ICICI/dunzo@razorpay/UPI,059189436539,"1,550.48",,516669.30
07-07-2025,UPI/CR/244109137688/Nikhil/HDFC/nikhil438@pthdfc/UPI,559934473053,,"20,100.36",536769.66
07-07-2025,NEFT/N9769390297920/Raymond Ltd,347235454482,,"44,500.02",581269.68
07-07-2025,UPI/CR/726013825492/Sonia/BARB/sonia.patil@upi/UPI,419114295908,,"9,700.74",590970.42
08-07-2025,NACH/MANDATE/RNT4830715/RENT MANDATE,076019591599,"24,500.00",,566470.42
08-07-2025,POS BIG BAZAAR AMRITSAR,096924203264,"1,550.44",,564919.98
09-07-2025,UPI/DR/249979405666/Hathway/RAZORPAY/broadband@paytm/UPI,206904689780,399.00,,564520.98
10-07-2025,UPI/DR/658952692034/Rapido/PAYTM/rapido@icici/UPI,558816988995,850.38,,563670.60
10-07-2025,UPI/CR/687012677744/Poonam/HDFC/poonam916@okicici/UPI,287301249680,,"7,450.60",571121.20
10-07-2025,UPI/DR/074031410404/Rekha/SBIN/6327147396@aubank/UPI,408699880453,"12,750.19",,558371.01
11-07-2025,POS STAR BAZAAR AMRITSAR,337804205287,"3,900.58",,554470.43
11-07-2025,UPI/CR/402369978643/Neha/BDBL/neha298@pthdfc/UPI,742557440279,,"13,400.91",567871.34
11-07-2025,UPI/DR/862863611039/Nykaa/PAYTM/nykaa@razorpay/UPI,577352277798,"4,250.94",,563620.40
12-07-2025,NACH/MANDATE/LN135530784778/HDFC Ltd,752478881014,"8,000.00",,555620.40
13-07-2025,UPI/DR/295367452432/LIC/LICI/licindia@licindia/UPI,956887103851,"8,200.00",,547420.40
13-07-2025,UPI/DR/603836171419/Flipkart/ICICI/flipkart@ybl/UPI,316893854425,260.59,,547159.81
14-07-2025,UPI/DR/745485803713/Poonam/KKBK/6883492703@paytm/UPI,969941134603,"17,700.92",,529458.89
14-07-2025,UPI/DR/593867338680/KSEB/UPIN/ksebpayment@upi/UPI,339216698399,"2,850.32",,526608.57
14-07-2025,UPI/DR/891031141679/Indane/ICICI/indanegas@upi/UPI,819184221617,"2,800.43",,523808.14
14-07-2025,UPI/DR/240787937922/Arjun/SBIN/arjun.tiwari@paytm/UPI,626088517265,"14,600.37",,509207.77
15-07-2025,POS MAX FASHION AMRITSAR,372646133466,"1,100.34",,508107.43
15-07-2025,UPI/DR/240600491818/Jio/PAYTM/airtel@axis/UPI,564540383588,779.00,,507328.43
16-07-2025,UPI/DR/271768274010/Zomato/ICICI/zomato@axisbank/UPI,794050400862,260.34,,507068.09
16-07-2025,ATM CASH WITHDRAWAL/38077/AMRITSAR,634281938102,"5,500.00",,501568.09
16-07-2025,ATM CASH WITHDRAWAL/29126/AMRITSAR,305769156756,"7,000.00",,494568.09
18-07-2025,UPI/DR/006261575190/Swiggy/ICICI/swiggy@icici/UPI,136643534528,"2,760.83",,491807.26
18-07-2025,ATM CASH WITHDRAWAL/04959/AMRITSAR,649125646224,"9,000.00",,482807.26
18-07-2025,UPI/CR/126179974256/Vikas/KKBK/vikas.banerjee@ptsbi/UPI,417712514987,,"6,050.53",488857.79
20-07-2025,UPI/DR/096643491636/Flipkart/PAYTM/flipkart@ybl/UPI,031291678879,"4,000.83",,484856.96
20-07-2025,POS INDIAN OIL AMRITSAR,828960106014,"3,300.13",,481556.83
21-07-2025,UPI/DR/628557845078/BigBasket/ICICI/bigbasket@ybl/UPI,539841940985,680.81,,480876.02
21-07-2025,UPI/DR/106998489998/Flipkart/PAYTM/flipkart@ybl/UPI,110568314009,"2,550.93",,478325.09
21-07-2025,UPI/DR/635122892056/PhonePe/ICICI/phonepe@ybl/UPI,837444395039,"2,630.39",,475694.70
23-07-2025,UPI/DR/513625385999/Rapido/PAYTM/rapido@icici/UPI,647294587596,700.98,,474993.72
23-07-2025,ATM CASH WITHDRAWAL/95764/AMRITSAR,576281065006,"4,000.00",,470993.72
23-07-2025,UPI/DR/603422051774/Dunzo/ICICI/dunzo@razorpay/UPI,471763429786,"1,370.48",,469623.24
24-07-2025,UPI/DR/328578119155/Jio/ICICI/jio@paytm/UPI,065350412895,260.19,,469363.05
24-07-2025,UPI/DR/398708758442/Vishal/PUNB/vishal875@apl/UPI,836318760637,"6,650.55",,462712.50
24-07-2025,UPI/DR/813651293425/Jio/PAYTM/airtel@axis/UPI,016843388650,409.00,,462303.50
25-07-2025,UPI/DR/731542450895/Akash/KKBK/akash374@upi/UPI,165724981843,"8,900.58",,453402.92
27-07-2025,UPI/DR/567997238339/Varsha/KKBK/varsha786@paytm/UPI,580842525590,"2,450.30",,450952.62
28-07-2025,UPI/DR/418331484775/Jio/PAYTM/airtel@axis/UPI,538659986039,189.00,,450763.62
28-07-2025,UPI/DR/098170123699/Suresh/BKID/3957603258@apl/UPI,023120670022,"14,450.70",,436312.92
28-07-2025,POS HP PETROL PUMP AMRITSAR,526285984795,"2,000.63",,434312.29
28-07-2025,POS HP PETROL PUMP AMRITSAR,626401818062,"4,350.04",,429962.25
29-07-2025,UPI/DR/656796534596/Varun/UCBA/varunpill45@paytm/UPI,283626105954,"13,450.56",,416511.69
29-07-2025,UPI/DR/013428382427/Zepto/ICICI/zepto@apl/UPI,749187450271,"1,680.56",,414831.13
30-07-2025,UPI/CR/129153483293/Rahul/BARB/rahulshar28@okhdfcbank/UPI,931372098642,,"3,550.82",418381.95
30-07-2025,POS RELIANCE PETROLEUM AMRITSAR,675317661217,"2,200.40",,416181.55
31-07-2025,UPI/CR/550538720641/Vivek/FDRL/vivek.sharma@paytm/UPI,049561665483,,"17,150.43",433331.98
02-08-2025,ATM CASH WITHDRAWAL/06452/AMRITSAR,514552420734,"8,500.00",,424831.98
03-08-2025,ATM CASH WITHDRAWAL/33121/AMRITSAR,745124777029,"6,000.00",,418831.98
03-08-2025,POS STAR BAZAAR AMRITSAR,078074581228,"5,450.90",,413381.08
03-08-2025,UPI/DR/975293662753/Jio/PAYTM/airtel@axis/UPI,492436980706,239.00,,413142.08
04-08-2025,UPI/DR/333624536067/Paytm/ICICI/paytm@paytm/UPI,453971533131,"1,120.17",,412021.91
04-08-2025,SALARY CREDIT/S5993824677549/Blue Dart Express Ltd,269679431405,,"95,352.98",507374.89
06-08-2025,ATM CASH WITHDRAWAL/92901/AMRITSAR,111571396466,"2,000.00",,505374.89
06-08-2025,POS SHELL FUEL STATION AMRITSAR,027705003669,"1,850.96",,503523.93
06-08-2025,UPI/DR/011164034972/Shweta/BKID/shweta525@apl/UPI,006670184399,"8,350.47",,495173.46
06-08-2025,NACH/MANDATE/RNT3184666/RENT MANDATE,621087454369,"24,500.00",,470673.46
07-08-2025,UPI/DR/159493719121/Hotstar/ICICI/hotstar@hdfcbank/UPI,978828772566,399.00,,470274.46
07-08-2025,UPI/DR/080432448481/Kiran/HDFC/0208790339@paytm/UPI,274636900550,"15,150.57",,455123.89
07-08-2025,UPI/DR/736983123504/Rapido/PAYTM/rapido@icici/UPI,344579584470,170.55,,454953.34
08-08-2025,UPI/DR/865007046387/Ola/PAYTM/olamoney@ola/UPI,080603003744,750.39,,454202.95
08-08-2025,UPI/DR/061932662554/Uber/ICICI/uber@paytm/UPI,964428390172,"2,240.26",,451962.69
09-08-2025,UPI/DR/569231563676/Jio/PAYTM/airtel@axis/UPI,569092520647,579.00,,451383.69
09-08-2025,ATM CASH WITHDRAWAL/09986/AMRITSAR,085116340546,"1,500.00",,449883.69
10-08-2025,NACH/MANDATE/LN135530784778/HDFC Ltd,684948914971,"8,000.00",,441883.69
10-08-2025,UPI/DR/212852984169/LIC/LICI/licindia@licindia/UPI,814489362714,"8,200.00",,433683.69
10-08-2025,POS VISHAL MEGA MART AMRITSAR,587888782380,"1,350.92",,432332.77
10-08-2025,UPI/DR/289196724308/Jio/PAYTM/airtel@axis/UPI,139839312904,249.00,,432083.77
11-08-2025,UPI/DR/562235509806/Abhishek/HDFC/abhishek533@okaxis/UPI,647200983089,"11,950.99",,420132.78
11-08-2025,UPI/DR/502812248358/Ola/ICICI/olamoney@ola/UPI,069397861794,"1,970.61",,418162.17
11-08-2025,UPI/CR/021484038985/Jyoti/BDBL/jyoti.pandey@paytm/UPI,408031096078,,"18,100.87",436263.04
11-08-2025,POS BHARAT PETROLEUM AMRITSAR,521133808837,"3,100.18",,433162.86
13-08-2025,UPI/DR/107215211703/PhonePe/ICICI/phonepe@ybl/UPI,046645900777,"1,860.90",,431301.96
13-08-2025,UPI/DR/938856102265/Mohit/HDFC/mohitnaik45@ybl/UPI,642972256636,"4,000.04",,427301.92
14-08-2025,ATM CASH WITHDRAWAL/64900/AMRITSAR,431708565339,"1,000.00",,426301.92
15-08-2025,ATM CASH WITHDRAWAL/74944/AMRITSAR,206517888054,"1,500.00",,424801.92
15-08-2025,UPI/DR/955373668460/BSNL/ICICI/bsnlbroadband@upi/UPI,358366456747,710.86,,424091.06
15-08-2025,UPI/DR/223549288778/Rani/SBIN/3649424089@ptyes/UPI,653159588485,"13,700.65",,410390.41
16-08-2025,UPI/DR/095391037660/Zepto/ICICI/zepto@apl/UPI,014279230160,"2,760.44",,407629.97
16-08-2025,UPI/CR/161980876389/Tarun/BDBL/1611684799@aubank/UPI,945299423750,,"21,300.33",428930.30
18-08-2025,POS CENTRAL MALL AMRITSAR,929319998739,"6,850.06",,422080.24
19-08-2025,UPI/DR/796851149297/Indane/ICICI/indanegas@upi/UPI,272385405246,"2,500.20",,419580.04
19-08-2025,UPI/DR/157352717723/Kavya/HDFC/kavyatiwa12@okaxis/UPI,719620439886,"6,300.04",,413280.00
20-08-2025,UPI/DR/814352277665/Paytm/ICICI/paytm@paytm/UPI,773495780465,530.52,,412749.48
21-08-2025,UPI/DR/750480752564/Zepto/ICICI/zepto@apl/UPI,431615650910,120.30,,412629.18
21-08-2025,UPI/DR/222038137660/Nykaa/PAYTM/nykaa@razorpay/UPI,928852338627,"4,300.41",,408328.77
21-08-2025,NEFT/N7696769038446/Reliance Retail Ltd,754352645627,,"9,000.35",417329.12
23-08-2025,UPI/DR/748450821877/Amazon/ICICI/amazon@apl/UPI,931114473027,"2,000.62",,415328.50
23-08-2025,UPI/DR/447218554009/KSEB/UPIN/ksebpayment@upi/UPI,960209485366,"2,000.33",,413328.17
23-08-2025,UPI/DR/114405636987/Uber/PAYTM/uber@paytm/UPI,436597158204,210.12,,413118.05
24-08-2025,UPI/CR/417807574014/Harish/BDBL/harish701@ptsbi/UPI,021835554617,,"17,700.14",430818.19
25-08-2025,UPI/DR/899542074828/Uber/ICICI/uber@paytm/UPI,482903403156,"1,520.08",,429298.11
28-08-2025,UPI/DR/571479102311/Suresh/HDFC/suresh.tiwari@okhdfcbank/UPI,139467371171,"11,250.33",,418047.78
29-08-2025,UPI/DR/679207764459/Hathway/RAZORPAY/broadband@paytm/UPI,140038598558,"1,199.00",,416848.78
29-08-2025,UPI/DR/855801944315/Ankit/BDBL/6605569733@ptyes/UPI,792700222401,"18,100.18",,398748.60
30-08-2025,UPI/CR/185775661494/Ramesh/BKID/ramesh.naik@upi/UPI,135834865784,,"13,550.20",412298.80
31-08-2025,UPI/DR/488556257794/Rajan/UCBA/6846401946@ptsbi/UPI,762601003341,"9,500.52",,402798.28
01-09-2025,UPI/DR/423567509003/Ola/PAYTM/olamoney@ola/UPI,885690713277,110.20,,402688.08
02-09-2025,ATM CASH WITHDRAWAL/08251/AMRITSAR,877715462407,"3,500.00",,399188.08
03-09-2025,UPI/DR/490105950050/Apollo/ICICI/apollopharmacy@ybl/UPI,563026387226,599.00,,398589.08
03-09-2025,UPI/DR/943088763503/Ola/PAYTM/olamoney@ola/UPI,495275551072,870.06,,397719.02
03-09-2025,POS HP PETROL PUMP AMRITSAR,591667461814,"1,600.29",,396118.73
03-09-2025,UPI/DR/246452749728/Vishal/UTIB/vishal495@ptsbi/UPI,870061555229,"18,350.72",,377768.01
03-09-2025,UPI/DR/389497273235/Vikram/UTIB/vikrampill13@oksbi/UPI,001325467068,"3,800.07",,373967.94
04-09-2025,UPI/DR/946132272820/Meesho/PAYTM/meesho@ybl/UPI,812783752425,"1,250.48",,372717.46
04-09-2025,UPI/CR/639467954391/Mahesh/HDFC/2140346697@aubank/UPI,828586619925,,"8,000.01",380717.47
05-09-2025,SALARY CREDIT/S9761963953791/Blue Dart Express Ltd,379056192983,,"95,759.98",476477.45
06-09-2025,UPI/DR/362101176245/Uber/PAYTM/uber@paytm/UPI,087797030504,300.19,,476177.26
06-09-2025,UPI/DR/426009992362/LIC/LICI/licindia@licindia/UPI,330339962562,"8,200.00",,467977.26
06-09-2025,UPI/DR/246242515978/Mina/SBIN/minapill31@ibl/UPI,485071349515,"14,950.07",,453027.19
06-09-2025,POS INDIAN OIL AMRITSAR,348505717272,"3,550.04",,449477.15
07-09-2025,UPI/CR/299157434327/Sumit/BDBL/8688804620@ptyes/UPI,334940382710,,"19,900.93",469378.08
07-09-2025,UPI/DR/860528036665/Yogesh/FDRL/yogesh.roy@pthdfc/UPI,939630432450,"19,350.56",,450027.52
07-09-2025,UPI/CR/627678932219/Brijesh/BARB/brijesh.srivastava@axl/UPI,971898535773,,"5,700.90",455728.42
08-09-2025,UPI/DR/238875041154/PhonePe/ICICI/phonepe@ybl/UPI,529967313191,"1,690.35",,454038.07
08-09-2025,ATM CASH WITHDRAWAL/22357/AMRITSAR,471612151541,"7,500.00",,446538.07
08-09-2025,UPI/DR/780934833433/Ola/ICICI/olamoney@ola/UPI,500138818859,930.36,,445607.71
08-09-2025,UPI/CR/835437830785/Vivek/BARB/9115888845@pthdfc/UPI,606370821826,,"7,650.27",453257.98
08-09-2025,NACH/MANDATE/LN135530784778/HDFC Ltd,658935077551,"8,000.00",,445257.98
08-09-2025,UPI/DR/815917577931/Jio/PAYTM/airtel@axis/UPI,805701929931,579.00,,444678.98
08-09-2025,UPI/CR/143647853907/Saurabh/BKID/2120580754@okicici/UPI,656228929600,,"3,150.53",447829.51
09-09-2025,UPI/DR/672478783168/Jio/ICICI/jio@paytm/UPI,643671806902,"2,410.41",,445419.10
09-09-2025,UPI/CR/420253473767/Rani/BKID/rani759@ybl/UPI,931043839141,,"2,150.76",447569.86
09-09-2025,NACH/MANDATE/RNT4377574/RENT MANDATE,593158115449,"24,500.00",,423069.86
10-09-2025,UPI/DR/633807333754/Ola/PAYTM/olamoney@ola/UPI,965672393497,680.91,,422388.95
10-09-2025,UPI/CR/961852196341/Priya/SBIN/priya571@ptaxis/UPI,878952499262,,"4,400.02",426788.97
10-09-2025,UPI/DR/944231699112/Uber/PAYTM/uber@paytm/UPI,856582848763,670.37,,426118.60
11-09-2025,UPI/DR/515088274279/Zepto/ICICI/zepto@apl/UPI,180956951383,"2,300.46",,423818.14
11-09-2025,POS VISHAL MEGA MART AMRITSAR,191923982199,"2,050.76",,421767.38
11-09-2025,UPI/DR/350702978747/Ola/ICICI/olamoney@ola/UPI,102182375793,"1,400.09",,420367.29
12-09-2025,UPI/DR/832009165501/1mg/ICICI/tatahealth@icici/UPI,730909639885,"1,910.38",,418456.91
12-09-2025,POS PANTALOONS AMRITSAR,609909597903,"8,350.92",,410105.99
13-09-2025,UPI/DR/356877502388/Jio/PAYTM/airtel@axis/UPI,748930446726,849.00,,409256.99
14-09-2025,UPI/CR/057394258865/Mohan/UCBA/mohan748@oksbi/UPI,511852245885,,"7,900.81",417157.80
14-09-2025,UPI/DR/225865678085/BigBasket/ICICI/bigbasket@ybl/UPI,092428850180,"1,810.23",,415347.57
14-09-2025,UPI/DR/682710070318/Poonam/KKBK/4349525396@ybl/UPI,435548009476,"10,650.50",,404697.07
15-09-2025,UPI/DR/843659706976/Sapna/UTIB/sapna.pandey@ybl/UPI,019604929004,"7,450.80",,397246.27
17-09-2025,UPI/DR/787893452109/Zomato/ICICI/zomato@axisbank/UPI,291371354795,"1,880.00",,395366.27
17-09-2025,UPI/CR/108799440492/Renu/UCBA/1466836666@axl/UPI,824471820646,,"12,400.31",407766.58
18-09-2025,ATM CASH WITHDRAWAL/86699/AMRITSAR,545805110353,"1,000.00",,406766.58
18-09-2025,UPI/DR/236607627878/BSNL/ICICI/bsnlbroadband@upi/UPI,451524171388,"2,670.09",,404096.49
19-09-2025,UPI/DR/940631597440/PhonePe/ICICI/phonepe@ybl/UPI,735813446757,"1,870.72",,402225.77
19-09-2025,UPI/DR/052734362758/PhonePe/ICICI/phonepe@ybl/UPI,837081335436,"2,130.12",,400095.65
19-09-2025,ATM CASH WITHDRAWAL/54426/AMRITSAR,622670467904,"3,500.00",,396595.65
19-09-2025,UPI/DR/055807106632/Uber/ICICI/uber@paytm/UPI,188572695971,"1,050.94",,395544.71
20-09-2025,UPI/DR/506072213547/KSEB/UPIN/ksebpayment@upi/UPI,614346020129,950.71,,394594.00
20-09-2025,UPI/CR/719602332878/Vikram/BKID/2152002665@ptaxis/UPI,978970899240,,"3,800.71",398394.71
20-09-2025,POS MAX FASHION AMRITSAR,637545235429,"4,500.13",,393894.58
21-09-2025,UPI/DR/631491902319/Jio/PAYTM/airtel@axis/UPI,058070931368,989.00,,392905.58
23-09-2025,UPI/DR/705280166264/Indane/ICICI/indanegas@upi/UPI,910923864227,"1,400.47",,391505.11
24-09-2025,POS RELIANCE MART AMRITSAR,365905743379,"2,350.46",,389154.65
26-09-2025,POS D MART AMRITSAR,306029917193,"1,200.63",,387954.02
26-09-2025,POS BIG BAZAAR AMRITSAR,842818192707,"6,300.57",,381653.45
26-09-2025,UPI/CR/570706295368/Gopal/BARB/gopal914@ptsbi/UPI,409072916348,,"7,300.01",388953.46
27-09-2025,UPI/DR/778692188372/Myntra/ICICI/myntra@ybl/UPI,574629140092,549.00,,388404.46
27-09-2025,UPI/DR/982811066781/BigBasket/ICICI/bigbasket@ybl/UPI,689870156592,"1,630.69",,386773.77
27-09-2025,INTEREST CREDIT,517206162061,,515.56,387289.33
27-09-2025,UPI/DR/342390954093/Jio/PAYTM/airtel@axis/UPI,219999057911,499.00,,386790.33
27-09-2025,UPI/CR/302757498070/Abhishek/PUNB/abhishek.mishra@aubank/UPI,451371438736,,"9,900.30",396690.63
28-09-2025,UPI/DR/422540541434/Meesho/PAYTM/meesho@ybl/UPI,404066777745,950.19,,395740.44
28-09-2025,POS D MART AMRITSAR,549874823037,"4,650.32",,391090.12
28-09-2025,POS HP PETROL PUMP AMRITSAR,885098367005,"4,350.71",,386739.41
28-09-2025,UPI/DR/328476701055/Paytm/ICICI/paytm@paytm/UPI,743961845987,300.36,,386439.05
29-09-2025,UPI/DR/842072062860/Nykaa/PAYTM/nykaa@razorpay/UPI,109633841626,"1,150.27",,385288.78
29-09-2025,IMPS-126090789995-Naveen Dutta,840525106262,"17,400.45",,367888.33
30-09-2025,ATM CASH WITHDRAWAL/62982/AMRITSAR,933636624714,"4,500.00",,363388.33
30-09-2025,POS CENTRAL MALL AMRITSAR,156479605051,"6,750.63",,356637.70
01-10-2025,UPI/DR/175064289096/Dunzo/ICICI/dunzo@razorpay/UPI,925824079411,"1,950.69",,354687.01
02-10-2025,UPI/DR/202282878954/Jio/PAYTM/airtel@axis/UPI,910374000756,679.00,,354008.01
02-10-2025,POS SHELL FUEL STATION AMRITSAR,105810845860,"1,800.31",,352207.70
03-10-2025,UPI/DR/246776590545/Zomato/ICICI/zomato@axisbank/UPI,057747626985,"1,500.54",,350707.16
03-10-2025,POS BRAND FACTORY AMRITSAR,281680153673,"6,650.64",,344056.52
03-10-2025,UPI/DR/575184448273/Rajesh/HDFC/4626192143@oksbi/UPI,630471996712,"2,400.19",,341656.33
04-10-2025,UPI/DR/552250996898/Rapido/PAYTM/rapido@icici/UPI,966313430663,360.16,,341296.17
04-10-2025,SALARY CREDIT/S6864691076807/Blue Dart Express Ltd,961724096152,,"94,389.98",435686.15
04-10-2025,UPI/DR/794463982068/Flipkart/ICICI/flipkart@ybl/UPI,373390632071,"1,890.14",,433796.01
04-10-2025,UPI/DR/015952830869/Uber/PAYTM/uber@paytm/UPI,587981332607,200.97,,433595.04
05-10-2025,UPI/DR/627735194803/Hathway/RAZORPAY/broadband@paytm/UPI,254913015514,"1,049.00",,432546.04
06-10-2025,UPI/DR/913944498585/Ola/PAYTM/olamoney@ola/UPI,408297434436,770.94,,431775.10
06-10-2025,UPI/DR/111903368411/BigBasket/ICICI/bigbasket@ybl/UPI,058796386493,"1,920.46",,429854.64
06-10-2025,ATM CASH WITHDRAWAL/68024/AMRITSAR,986014276067,"9,500.00",,420354.64
06-10-2025,UPI/DR/007206479573/Uber/ICICI/uber@paytm/UPI,599847678544,"2,070.36",,418284.28
06-10-2025,UPI/DR/280522771148/Naveen/PUNB/naveen.gupta@kotak/UPI,570199615272,"1,900.15",,416384.13
06-10-2025,NACH/MANDATE/RNT1697835/RENT MANDATE,661849673705,"24,500.00",,391884.13
07-10-2025,UPI/DR/201072616644/LIC/LICI/licindia@licindia/UPI,905733294075,"8,200.00",,383684.13
07-10-2025,UPI/DR/607042606307/Ashish/BKID/1440400378@okhdfcbank/UPI,792404196916,"17,800.10",,365884.03
07-10-2025,POS METRO CASH CARRY AMRITSAR,367831071391,"3,400.65",,362483.38
08-10-2025,UPI/DR/535680775512/Flipkart/ICICI/flipkart@ybl/UPI,231326675748,"1,410.99",,361072.39
09-10-2025,UPI/DR/126669787264/Anita/SBIN/anitajosh72@apl/UPI,959971242014,"5,700.77",,355371.62
09-10-2025,ATM CASH WITHDRAWAL/68164/AMRITSAR,830264995706,"6,500.00",,348871.62
09-10-2025,UPI/DR/957176662081/Dunzo/ICICI/dunzo@razorpay/UPI,082541488885,590.42,,348281.20
10-10-2025,NACH/MANDATE/LN135530784778/HDFC Ltd,437932526918,"8,000.00",,340281.20
12-10-2025,UPI/DR/753009645868/BigBasket/ICICI/bigbasket@ybl/UPI,732456238117,560.66,,339720.54
13-10-2025,ATM CASH WITHDRAWAL/72533/AMRITSAR,099790419674,"9,500.00",,330220.54
14-10-2025,UPI/DR/556952317574/Anjali/BARB/anjali731@pthdfc/UPI,566647821004,"1,850.26",,328370.28
14-10-2025,UPI/DR/532498030628/Meesho/PAYTM/meesho@ybl/UPI,697344862830,"3,450.10",,324920.18
14-10-2025,UPI/DR/108063168158/Amazon/ICICI/amazon@apl/UPI,417548948744,"1,500.98",,323419.20
15-10-2025,POS V MART AMRITSAR,332801983552,"5,650.46",,317768.74
17-10-2025,UPI/CR/765592119871/Pankaj/KKBK/pankaj.gupta@ptaxis/UPI,824680573462,,"13,850.94",331619.68
17-10-2025,UPI/DR/088846198201/Uber/ICICI/uber@paytm/UPI,723156427104,"2,490.21",,329129.47
17-10-2025,UPI/DR/028336370614/Ola/PAYTM/olamoney@ola/UPI,443328612120,120.53,,329008.94
17-10-2025,UPI/DR/086475005616/Jio/ICICI/jio@paytm/UPI,395657375011,"1,780.68",,327228.26
18-10-2025,UPI/DR/744892348313/Jio/PAYTM/airtel@axis/UPI,152152799055,419.00,,326809.26
18-10-2025,UPI/DR/617944117775/Rani/KKBK/5459168530@paytm/UPI,643773383333,"19,550.38",,307258.88
18-10-2025,UPI/DR/729075207291/Dunzo/ICICI/dunzo@razorpay/UPI,053097560830,"2,750.06",,304508.82
19-10-2025,UPI/DR/676300188441/Jio/ICICI/jio@paytm/UPI,483522973875,"2,030.38",,302478.44
19-10-2025,UPI/DR/083373650999/Ola/ICICI/olamoney@ola/UPI,746778487128,"1,780.10",,300698.34
19-10-2025,UPI/DR/422971298690/KSEB/UPIN/ksebpayment@upi/UPI,469019857556,"1,900.02",,298798.32
19-10-2025,UPI/DR/798329066540/Deepa/BARB/deepa436@pthdfc/UPI,267905196385,"11,200.62",,287597.70
20-10-2025,UPI/DR/459966170761/Dunzo/ICICI/dunzo@razorpay/UPI,065559991870,"1,730.31",,285867.39
21-10-2025,ATM CASH WITHDRAWAL/36692/AMRITSAR,440625447167,"3,500.00",,282367.39
21-10-2025,UPI/DR/184768550136/Himanshu/BDBL/himanshu653@apl/UPI,610751263334,"10,650.78",,271716.61
22-10-2025,ATM CASH WITHDRAWAL/60697/AMRITSAR,746197173150,"5,000.00",,266716.61
23-10-2025,UPI/CR/507419041311/Anita/BKID/anita.mishra@okaxis/UPI,289653042028,,500.33,267216.94
23-10-2025,UPI/DR/847254213019/Myntra/ICICI/myntra@ybl/UPI,366050458508,599.00,,266617.94
23-10-2025,UPI/DR/653103996868/Kapil/KKBK/kapil.joshi@okaxis/UPI,709688360866,"8,850.33",,257767.61
23-10-2025,UPI/DR/386797993941/Blinkit/ICICI/blinkit@kotak/UPI,119932000068,"1,080.40",,256687.21
24-10-2025,UPI/DR/331996691894/Jio/PAYTM/airtel@axis/UPI,337562832381,949.00,,255738.21
25-10-2025,UPI/DR/616788961707/Jio/PAYTM/airtel@axis/UPI,734109399552,439.00,,255299.21
26-10-2025,POS STAR BAZAAR AMRITSAR,492524023531,"4,500.73",,250798.48
26-10-2025,UPI/DR/726604414379/Indane/ICICI/indanegas@upi/UPI,256731425395,"2,150.50",,248647.98
27-10-2025,IMPS-471339006115-Swati Patel,709096387857,"14,600.72",,234047.26
28-10-2025,UPI/DR/243488641615/Jio/PAYTM/airtel@axis/UPI,174559991894,299.00,,233748.26
28-10-2025,UPI/DR/063835253648/BSNL/ICICI/bsnlbroadband@upi/UPI,426398589257,"1,490.13",,232258.13
28-10-2025,UPI/DR/955671917259/Rapido/PAYTM/rapido@icici/UPI,709020796285,240.27,,232017.86
29-10-2025,UPI/DR/460795093581/Mamta/SBIN/mamta927@apl/UPI,445147966045,"10,950.58",,221067.28
30-10-2025,MAINTENANCE CHARGES,295995709868,510.00,,220557.28
30-10-2025,UPI/CR/895549107910/Vikas/FDRL/4550760516@ptaxis/UPI,013266874501,,"22,000.57",242557.85
30-10-2025,GST ON CHARGES,659795590240,91.80,,242466.05
30-10-2025,UPI/CR/603848870020/Siddharth/UCBA/siddharthchop18@ptyes/UPI,909104188192,,"21,450.21",263916.26
30-10-2025,UPI/CR/782623227688/Sonia/HDFC/0643441286@ptaxis/UPI,355756317572,,"5,100.61",269016.87
30-10-2025,UPI/CR/422299397542/Ritu/BKID/ritu.joshi@okhdfcbank/UPI,841175283116,,"1,950.83",270967.70
31-10-2025,UPI/DR/035685685949/Flipkart/ICICI/flipkart@ybl/UPI,009118095503,"1,700.48",,269267.22
31-10-2025,POS RELIANCE PETROLEUM AMRITSAR,925470508094,"1,300.35",,267966.87
01-11-2025,UPI/DR/838289264020/Sangita/BKID/sangitamukh53@upi/UPI,033581484728,"4,850.28",,263116.59
03-11-2025,SALARY CREDIT/S4074592690782/Blue Dart Express Ltd,090571243781,,"95,959.98",359076.57
03-11-2025,POS LIFESTYLE STORES AMRITSAR,259201213533,"2,100.85",,356975.72
03-11-2025,UPI/DR/241954732756/BSNL/ICICI/bsnlbroadband@upi/UPI,359830767427,"1,880.28",,355095.44
03-11-2025,UPI/CR/578211021821/Sangita/UCBA/sangita971@aubank/UPI,631172494997,,"7,200.91",362296.35
03-11-2025,UPI/DR/697192214981/Ola/PAYTM/olamoney@ola/UPI,467778927408,180.57,,362115.78
04-11-2025,UPI/DR/037561545056/Blinkit/ICICI/blinkit@kotak/UPI,899929032812,"2,520.68",,359595.10
07-11-2025,UPI/CR/203218649619/Usha/KKBK/usharedd80@okicici/UPI,784624641404,,"13,750.61",373345.71
07-11-2025,NACH/MANDATE/RNT3902830/RENT MANDATE,943827266624,"24,500.00",,348845.71
08-11-2025,POS INDIAN OIL AMRITSAR,739334659495,"1,200.46",,347645.25
08-11-2025,NACH/MANDATE/LN135530784778/HDFC Ltd,831188615657,"8,000.00",,339645.25
09-11-2025,UPI/DR/136796489583/LIC/LICI/licindia@licindia/UPI,725572281216,"8,200.00",,331445.25
09-11-2025,UPI/DR/844103250877/Rapido/PAYTM/rapido@icici/UPI,339066317838,630.68,,330814.57
10-11-2025,UPI/CR/616331920533/Gopal/FDRL/gopalsing48@axl/UPI,402210642169,,"11,450.52",342265.09
10-11-2025,UPI/DR/311111147623/Shweta/HDFC/shweta552@paytm/UPI,197871863904,"2,350.88",,339914.21
10-11-2025,UPI/DR/952932931961/Zepto/ICICI/zepto@apl/UPI,325165970484,520.49,,339393.72
11-11-2025,ATM CASH WITHDRAWAL/39931/AMRITSAR,704615415350,"6,000.00",,333393.72
12-11-2025,UPI/DR/851473633582/Zomato/ICICI/zomato@axisbank/UPI,154756046196,"1,080.68",,332313.04
13-11-2025,UPI/DR/035941214279/Paytm/ICICI/paytm@paytm/UPI,795420636019,810.64,,331502.40
13-11-2025,UPI/DR/665873127067/Indane/ICICI/indanegas@upi/UPI,478223582487,"1,350.64",,330151.76
14-11-2025,UPI/DR/160371138528/Dunzo/ICICI/dunzo@razorpay/UPI,227840811156,230.06,,329921.70
14-11-2025,UPI/DR/003688769348/Hotstar/ICICI/hotstar@hdfcbank/UPI,923387187030,849.00,,329072.70
16-11-2025,UPI/DR/402146161858/PhonePe/ICICI/phonepe@ybl/UPI,624373556036,"2,180.76",,326891.94
16-11-2025,UPI/DR/956941493039/Ola/ICICI/olamoney@ola/UPI,006249129366,"1,100.04",,325791.90
16-11-2025,UPI/CR/987341543950/Vikas/KKBK/vikasshuk20@ptaxis/UPI,807252224106,,"2,000.61",327792.51
17-11-2025,UPI/DR/663623773731/Blinkit/ICICI/blinkit@kotak/UPI,355961962018,"1,140.24",,326652.27
17-11-2025,UPI/DR/814378329857/Jio/PAYTM/airtel@axis/UPI,225711744000,259.00,,326393.27
19-11-2025,UPI/DR/327511478666/KSEB/UPIN/ksebpayment@upi/UPI,978191247725,800.27,,325593.00
20-11-2025,UPI/DR/474500838820/BSNL/ICICI/bsnlbroadband@upi/UPI,953053291935,590.19,,325002.81
20-11-2025,UPI/DR/681338935605/Naresh/FDRL/3456479778@pthdfc/UPI,642834147174,"9,400.60",,315602.21
20-11-2025,UPI/CR/169947360604/Mamta/UTIB/mamta.thapar@okhdfcbank/UPI,361529967062,,"20,750.21",336352.42
21-11-2025,UPI/DR/562464828685/Dinesh/FDRL/7047609985@pthdfc/UPI,167921481958,"18,900.54",,317451.88
21-11-2025,UPI/DR/006428490141/Flipkart/ICICI/flipkart@ybl/UPI,267100366817,"2,780.53",,314671.35
21-11-2025,POS SHELL FUEL STATION AMRITSAR,780740241974,"4,200.73",,310470.62
22-11-2025,UPI/CR/830118988257/Manish/BDBL/manish.kapoor@ptaxis/UPI,573751154505,,"7,700.44",318171.06
23-11-2025,UPI/DR/287556111549/Ola/PAYTM/olamoney@ola/UPI,965443547807,570.66,,317600.40
23-11-2025,UPI/DR/845709972506/Amazon/PAYTM/amazon@apl/UPI,155988553936,"5,050.07",,312550.33
23-11-2025,UPI/DR/967840368640/Flipkart/ICICI/flipkart@ybl/UPI,436150308505,"2,440.14",,310110.19
24-11-2025,UPI/DR/284202963483/Jio/PAYTM/airtel@axis/UPI,463856089548,199.00,,309911.19
26-11-2025,POS STAR BAZAAR AMRITSAR,814559668644,"7,400.00",,302511.19
27-11-2025,ATM CASH WITHDRAWAL/22864/AMRITSAR,703847076294,"8,500.00",,294011.19
27-11-2025,UPI/DR/643494751051/Flipkart/PAYTM/flipkart@ybl/UPI,861293506368,"1,200.45",,292810.74
27-11-2025,UPI/DR/236436323903/Jio/PAYTM/airtel@axis/UPI,740896666230,749.00,,292061.74
27-11-2025,UPI/CR/674641645311/Anjali/BDBL/anjali.reddy@ybl/UPI,693812910622,,"1,550.46",293612.20
28-11-2025,UPI/DR/085005839103/Jio/PAYTM/airtel@axis/UPI,524150005743,419.00,,293193.20
28-11-2025,UPI/DR/973074625206/Dunzo/ICICI/dunzo@razorpay/UPI,284441259558,"1,970.68",,291222.52
28-11-2025,UPI/DR/368224109729/Jio/PAYTM/airtel@axis/UPI,431207438687,249.00,,290973.52
28-11-2025,POS SHOPPERS STOP AMRITSAR,349948227069,"1,350.68",,289622.84
29-11-2025,UPI/DR/571534083835/Ola/PAYTM/olamoney@ola/UPI,829216862955,810.04,,288812.80
30-11-2025,UPI/DR/151585368152/Uber/ICICI/uber@paytm/UPI,677050291342,"1,150.30",,287662.50
30-11-2025,UPI/DR/127320867565/Manoj/KKBK/manoj603@kotak/UPI,801062365328,"18,750.62",,268911.88
01-12-2025,UPI/DR/765492052304/Jio/ICICI/jio@paytm/UPI,174493715497,"2,280.90",,266630.98
01-12-2025,UPI/DR/815097392565/BigBasket/ICICI/bigbasket@ybl/UPI,566560784257,"2,570.16",,264060.82
01-12-2025,UPI/CR/248085339084/Maya/BARB/maya343@oksbi/UPI,541044023612,,"15,000.05",279060.87
01-12-2025,POS CENTRAL MALL AMRITSAR,810529319279,"2,050.86",,277010.01
02-12-2025,UPI/DR/957451786183/PhonePe/ICICI/phonepe@ybl/UPI,862758971873,"1,220.04",,275789.97
03-12-2025,UPI/DR/172165295209/Jio/PAYTM/airtel@axis/UPI,481081282768,419.00,,275370.97
04-12-2025,UPI/DR/602473985712/Sachin/HDFC/7498899288@ibl/UPI,464225850482,"14,000.77",,261370.20
05-12-2025,UPI/DR/288467741338/LIC/LICI/licindia@licindia/UPI,325688828906,"8,200.00",,253170.20
05-12-2025,UPI/DR/829984589125/Amazon/ICICI/amazon@apl/UPI,412178284627,"1,520.05",,251650.15
05-12-2025,SALARY CREDIT/S9024480211439/Blue Dart Express Ltd,539530180883,,"96,929.98",348580.13
06-12-2025,UPI/DR/181119330624/Paytm/ICICI/paytm@paytm/UPI,240148840449,"2,340.58",,346239.55
06-12-2025,ATM CASH WITHDRAWAL/17676/AMRITSAR,630156537461,"5,000.00",,341239.55
06-12-2025,ATM CASH WITHDRAWAL/70517/AMRITSAR,337609654245,"1,500.00",,339739.55
06-12-2025,NACH/MANDATE/RNT0862720/RENT MANDATE,408870189519,"24,500.00",,315239.55
07-12-2025,UPI/DR/171794644459/Sangita/UTIB/sangita.mehta@oksbi/UPI,296848145405,"2,050.87",,313188.68
08-12-2025,IMPS-847936504873-Himanshu Naik,612524049206,"42,000.20",,271188.48
09-12-2025,UPI/DR/410746767740/Radha/KKBK/radha.chopra@ybl/UPI,384587381559,"9,800.54",,261387.94
10-12-2025,POS BHARAT PETROLEUM AMRITSAR,160819540207,"3,100.23",,258287.71
10-12-2025,UPI/DR/620402180189/Myntra/PAYTM/myntra@ybl/UPI,341381405017,"1,950.93",,256336.78
10-12-2025,UPI/DR/326570446839/Uber/PAYTM/uber@paytm/UPI,679322840463,380.42,,255956.36
10-12-2025,POS MORE SUPER MARKET AMRITSAR,806972963381,"6,400.44",,249555.92
11-12-2025,UPI/DR/387236325018/Maya/BARB/mayashah92@okaxis/UPI,665540720369,"14,100.87",,235455.05
11-12-2025,NACH/MANDATE/LN135530784778/HDFC Ltd,734297772113,"8,000.00",,227455.05
11-12-2025,UPI/DR/318524852013/Hathway/RAZORPAY/broadband@paytm/UPI,405656694926,799.00,,226656.05
12-12-2025,UPI/DR/021594921374/MakeMyTrip/ICICI/makemytrip@axisbank/UPI,703042658657,799.00,,225857.05
13-12-2025,UPI/DR/921921640552/Paytm/ICICI/paytm@paytm/UPI,553413005333,"2,190.47",,223666.58
13-12-2025,POS LIFESTYLE STORES AMRITSAR,287690665032,"1,150.31",,222516.27
13-12-2025,ATM CASH WITHDRAWAL/59508/AMRITSAR,648876795592,"1,500.00",,221016.27
14-12-2025,UPI/DR/512143327255/Ola/PAYTM/olamoney@ola/UPI,767117688450,440.25,,220576.02
16-12-2025,UPI/DR/127761724385/Indane/ICICI/indanegas@upi/UPI,342671257332,"1,150.43",,219425.59
18-12-2025,IMPS-498218605199-Ashish Patil,095203607070,"25,400.01",,194025.58
18-12-2025,UPI/DR/150955890471/Tarun/HDFC/tarunshar34@okicici/UPI,397921262150,"15,950.09",,178075.49
19-12-2025,UPI/DR/220397444319/Zomato/ICICI/zomato@axisbank/UPI,355781002472,"1,270.20",,176805.29
19-12-2025,UPI/DR/206010564722/PhonePe/ICICI/phonepe@ybl/UPI,348221818356,"1,790.68",,175014.61
19-12-2025,POS METRO CASH CARRY AMRITSAR,342916161936,"4,400.56",,170614.05
20-12-2025,UPI/DR/301114046976/Lata/UTIB/4842811633@okicici/UPI,574693256990,"16,850.66",,153763.39
20-12-2025,UPI/CR/706374925897/Abhishek/HDFC/7068709274@apl/UPI,372709859270,,"9,800.33",163563.72
21-12-2025,UPI/DR/222424107841/Ola/PAYTM/olamoney@ola/UPI,407534902727,220.43,,163343.29
21-12-2025,NEFT/N2270495013397/Raymond Ltd,608489448725,,"12,000.38",175343.67
22-12-2025,UPI/DR/213398732198/KSEB/UPIN/ksebpayment@upi/UPI,705456080106,"4,200.17",,171143.50
23-12-2025,UPI/CR/343616444245/Krishna/PUNB/krishna677@ybl/UPI,639548752880,,"8,200.12",179343.62
23-12-2025,POS LIFESTYLE STORES AMRITSAR,254877944059,"6,600.91",,172742.71
23-12-2025,POS SHOPPERS STOP AMRITSAR,975791121083,"1,750.54",,170992.17
24-12-2025,POS SHELL FUEL STATION AMRITSAR,316603342828,950.73,,170041.44
25-12-2025,UPI/DR/205488312827/Uber/ICICI/uber@paytm/UPI,823945192976,"2,610.85",,167430.59
25-12-2025,UPI/DR/580273666985/Rapido/PAYTM/rapido@icici/UPI,366300916421,870.74,,166559.85
27-12-2025,UPI/DR/707370718094/Jio/PAYTM/airtel@axis/UPI,064340989558,909.00,,165650.85
28-12-2025,INTEREST CREDIT,760638123430,,735.43,166386.28
28-12-2025,UPI/DR/461557333660/Myntra/PAYTM/myntra@ybl/UPI,907344931384,"2,550.87",,163835.41
29-12-2025,GST ON CHARGES,476019202156,99.00,,163736.41
29-12-2025,MAINTENANCE CHARGES,923030500854,550.00,,163186.41
29-12-2025,POS SHOPPERS STOP AMRITSAR,558138900882,"8,350.50",,154835.91
29-12-2025,UPI/DR/942679416181/Zepto/ICICI/zepto@apl/UPI,047179484516,"1,650.10",,153185.81
31-12-2025,UPI/DR/965881520231/Rahul/BDBL/4805610293@okhdfcbank/UPI,601720496746,900.90,,152284.91
01-01-2026,UPI/DR/876340397910/Uber/PAYTM/uber@paytm/UPI,552379873402,700.26,,151584.65
02-01-2026,UPI/DR/682872579687/Rapido/PAYTM/rapido@icici/UPI,043720097208,300.10,,151284.55
02-01-2026,UPI/DR/614599547787/Ravi/BKID/9028642822@aubank/UPI,977356467579,"13,300.99",,137983.56
02-01-2026,UPI/CR/177330445708/Mukesh/HDFC/mukesh846@kotak/UPI,580882964190,,"19,700.90",157684.46
02-01-2026,UPI/CR/780218157657/Ramesh/BDBL/rameshshar96@okaxis/UPI,538749289261,,"14,450.25",172134.71
02-01-2026,UPI/DR/723798155828/BigBasket/ICICI/bigbasket@ybl/UPI,412401273793,"1,420.71",,170714.00
02-01-2026,UPI/DR/416304354826/Rohit/KKBK/8252955881@oksbi/UPI,864423010716,"16,400.15",,154313.85
03-01-2026,UPI/DR/638598507452/Zomato/ICICI/zomato@axisbank/UPI,268259084786,"2,680.88",,151632.97
03-01-2026,UPI/DR/246710607607/Jio/PAYTM/airtel@axis/UPI,323025889303,179.00,,151453.97
03-01-2026,UPI/DR/933934082354/Zepto/ICICI/zepto@apl/UPI,897776200404,840.10,,150613.87
04-01-2026,UPI/DR/763618858604/Uber/ICICI/uber@paytm/UPI,419825812267,"1,840.54",,148773.33
05-01-2026,ATM CASH WITHDRAWAL/37919/AMRITSAR,006560410145,"3,000.00",,145773.33
05-01-2026,UPI/DR/335634363875/LIC/LICI/licindia@licindia/UPI,880088897591,"8,200.00",,137573.33
05-01-2026,UPI/CR/323244494227/Akash/BDBL/akashbaja35@okhdfcbank/UPI,363920107678,,"19,000.48",156573.81
05-01-2026,UPI/DR/346783805546/Uber/ICICI/uber@paytm/UPI,719023257639,"1,850.04",,154723.77
06-01-2026,SALARY CREDIT/S9096094948899/Blue Dart Express Ltd,086461886837,,"96,034.98",250758.75
06-01-2026,POS BRAND FACTORY AMRITSAR,955409311963,"7,850.58",,242908.17
07-01-2026,UPI/DR/920351495943/Uber/ICICI/uber@paytm/UPI,368659175482,350.51,,242557.66
07-01-2026,UPI/DR/553495861413/Rohit/KKBK/0773694848@aubank/UPI,019768923652,400.46,,242157.20
08-01-2026,UPI/CR/378485505522/Sanjay/SBIN/sanjay137@upi/UPI,995374828054,,"12,900.03",255057.23
08-01-2026,ATM CASH WITHDRAWAL/66168/AMRITSAR,681070734502,"5,000.00",,250057.23
08-01-2026,NACH/MANDATE/RNT5973828/RENT MANDATE,309591603781,"24,500.00",,225557.23
08-01-2026,NACH/MANDATE/LN135530784778/HDFC Ltd,013529714424,"8,000.00",,217557.23
08-01-2026,UPI/DR/031999493073/Ola/ICICI/olamoney@ola/UPI,272796010743,440.78,,217116.45
09-01-2026,UPI/DR/679236524832/KSEB/UPIN/ksebpayment@upi/UPI,529972650500,"1,150.12",,215966.33
10-01-2026,UPI/DR/634357457531/Uber/ICICI/uber@paytm/UPI,507476616940,"1,940.11",,214026.22
11-01-2026,UPI/CR/655127983515/Kamal/FDRL/5171588674@paytm/UPI,459727097630,,"10,550.46",224576.68
12-01-2026,UPI/DR/039348506841/Rapido/PAYTM/rapido@icici/UPI,835777491440,620.33,,223956.35
12-01-2026,UPI/DR/173733656371/Flipkart/ICICI/flipkart@ybl/UPI,730310475586,"1,910.53",,222045.82
13-01-2026,ATM CASH WITHDRAWAL/96160/AMRITSAR,904211624955,"7,500.00",,214545.82
13-01-2026,UPI/DR/308901509796/Indane/ICICI/indanegas@upi/UPI,395752641468,900.62,,213645.20
13-01-2026,UPI/CR/928291528911/Vijay/FDRL/vijayagar58@ibl/UPI,193068867139,,"16,750.34",230395.54
13-01-2026,ATM CASH WITHDRAWAL/12573/AMRITSAR,101769033780,"6,000.00",,224395.54
14-01-2026,UPI/DR/640060733416/Uber/ICICI/uber@paytm/UPI,179486486093,530.96,,223864.58
14-01-2026,IMPS-966924208947-Sarita Bajaj,157263012058,"30,500.12",,193364.46
16-01-2026,POS SHOPPERS STOP AMRITSAR,826320315851,"3,250.62",,190113.84
16-01-2026,POS HP PETROL PUMP AMRITSAR,533364353427,"2,950.44",,187163.40
16-01-2026,UPI/DR/773502157500/Rajesh/BKID/rajeshmeno86@axl/UPI,914865487061,"2,650.91",,184512.49
16-01-2026,POS MORE SUPER MARKET AMRITSAR,344287562315,"8,250.67",,176261.82
17-01-2026,UPI/DR/396235132983/PhonePe/ICICI/phonepe@ybl/UPI,748942261842,640.73,,175621.09
18-01-2026,UPI/CR/495399723438/Sangita/BARB/sangita508@ptyes/UPI,553065742738,,"10,050.83",185671.92
18-01-2026,POS SHOPPERS STOP AMRITSAR,051308265320,550.49,,185121.43
19-01-2026,UPI/DR/584887790870/Pankaj/PUNB/pankajmukh55@ybl/UPI,990382092539,"2,950.22",,182171.21
19-01-2026,UPI/DR/268974976973/Paytm/ICICI/paytm@paytm/UPI,267338540954,"1,340.52",,180830.69
20-01-2026,POS INDIAN OIL AMRITSAR,977854681765,"1,600.75",,179229.94
22-01-2026,UPI/CR/670536130126/Siddharth/UCBA/3910579541@axl/UPI,084252528926,,"2,500.74",181730.68
22-01-2026,UPI/DR/658539199319/Uber/PAYTM/uber@paytm/UPI,752686568968,880.55,,180850.13
23-01-2026,UPI/DR/076679715640/Jio/ICICI/jio@paytm/UPI,103817016027,"2,490.03",,178360.10
23-01-2026,UPI/DR/323212395472/Uber/ICICI/uber@paytm/UPI,870565593110,"2,690.56",,175669.54
23-01-2026,POS METRO CASH CARRY AMRITSAR,411995629749,"2,300.28",,173369.26
24-01-2026,UPI/DR/776782026349/Sarita/BARB/saritagupt18@apl/UPI,436903842957,"16,400.92",,156968.34
25-01-2026,UPI/CR/353042569028/Krishna/BKID/3937032736@apl/UPI,692418986053,,"16,400.02",173368.36
25-01-2026,UPI/CR/547575473346/Rajan/SBIN/rajan137@ptyes/UPI,985608783955,,"15,400.01",188768.37
26-01-2026,ATM CASH WITHDRAWAL/36447/AMRITSAR,206228172555,"10,000.00",,178768.37
26-01-2026,UPI/DR/603752604676/Paytm/ICICI/paytm@paytm/UPI,455943404610,"2,750.97",,176017.40
26-01-2026,POS PANTALOONS AMRITSAR,187869918730,"5,450.04",,170567.36
27-01-2026,POS MAX FASHION AMRITSAR,951401888716,"1,150.55",,169416.81
27-01-2026,POS RELIANCE MART AMRITSAR,210488505088,"7,250.75",,162166.06
27-01-2026,UPI/DR/124512843168/Meesho/PAYTM/meesho@ybl/UPI,626767344004,"1,150.32",,161015.74
27-01-2026,UPI/DR/677215422178/Lata/UCBA/lata614@oksbi/UPI,984903921448,"15,800.79",,145214.95
28-01-2026,UPI/DR/857116151969/Jio/PAYTM/airtel@axis/UPI,122164461241,599.00,,144615.95
28-01-2026,UPI/DR/589595919079/BigBasket/ICICI/bigbasket@ybl/UPI,849633167572,440.05,,144175.90
29-01-2026,UPI/DR/179412515679/Swiggy/ICICI/swiggy@icici/UPI,331220642818,360.40,,143815.50
30-01-2026,UPI/DR/243902951634/Dunzo/ICICI/dunzo@razorpay/UPI,115941070715,"2,340.84",,141474.66
31-01-2026,UPI/DR/820419797921/Vikram/UTIB/vikram702@oksbi/UPI,673773472871,350.75,,141123.91
31-01-2026,UPI/CR/923249412518/Kavya/BKID/kavya798@oksbi/UPI,745229932818,,"18,500.47",159624.38
01-02-2026,POS SHELL FUEL STATION AMRITSAR,971814991478,"2,900.01",,156724.37
01-02-2026,UPI/CR/630476293797/Sanjay/SBIN/sanjay.mukherjee@ibl/UPI,568087072309,,"18,700.85",175425.22
02-02-2026,UPI/CR/515296765236/Varun/UCBA/varun431@apl/UPI,891044582660,,"1,000.13",176425.35
03-02-2026,ATM CASH WITHDRAWAL/03024/AMRITSAR,009330464899,"3,500.00",,172925.35
03-02-2026,UPI/DR/664025969337/Rapido/PAYTM/rapido@icici/UPI,574295923241,270.43,,172654.92
04-02-2026,UPI/DR/708276254199/Rapido/PAYTM/rapido@icici/UPI,808085654133,570.70,,172084.22
04-02-2026,UPI/DR/747623012345/Vandana/HDFC/3589458323@apl/UPI,049056551298,"4,050.00",,168034.22
04-02-2026,UPI/DR/836264662645/LIC/LICI/licindia@licindia/UPI,880778371261,"8,200.00",,159834.22
05-02-2026,UPI/DR/526156565497/Sapna/BKID/sapna.thapar@axl/UPI,744983529393,"18,650.38",,141183.84
05-02-2026,ATM CASH WITHDRAWAL/36755/AMRITSAR,605111086495,"3,000.00",,138183.84
06-02-2026,SALARY CREDIT/S8750246123559/Blue Dart Express Ltd,084706193333,,"98,790.98",236974.82
06-02-2026,UPI/DR/183844811622/Divya/BARB/divya.kulkarni@ybl/UPI,397167347697,"6,450.94",,230523.88
06-02-2026,UPI/DR/045940428877/Akash/PUNB/5782172470@ptsbi/UPI,210929884307,"1,850.20",,228673.68
07-02-2026,UPI/DR/322279357756/Uber/ICICI/uber@paytm/UPI,334593091881,600.58,,228073.10
07-02-2026,NACH/MANDATE/RNT7685503/RENT MANDATE,588263671397,"24,500.00",,203573.10
07-02-2026,UPI/DR/218448701433/Anita/HDFC/anita982@apl/UPI,855466778380,"13,100.66",,190472.44
08-02-2026,UPI/DR/828303842830/BigBasket/ICICI/bigbasket@ybl/UPI,627977860636,960.51,,189511.93
09-02-2026,UPI/CR/128491415405/Kavita/BDBL/kavitadesa96@ibl/UPI,550707085862,,"6,750.50",196262.43
09-02-2026,UPI/DR/484257012006/Flipkart/ICICI/flipkart@ybl/UPI,225623858333,"1,680.28",,194582.15
09-02-2026,UPI/DR/460588971549/Brijesh/UCBA/6647551211@axl/UPI,854103620193,"17,350.52",,177231.63
10-02-2026,NACH/MANDATE/LN135530784778/HDFC Ltd,046370268388,"8,000.00",,169231.63
10-02-2026,UPI/DR/510002868203/Jio/PAYTM/airtel@axis/UPI,188901381500,859.00,,168372.63
10-02-2026,UPI/DR/460763460701/Mamta/HDFC/7381822683@ibl/UPI,521527969450,"9,450.93",,158921.70
13-02-2026,UPI/CR/377043859183/Preeti/SBIN/preeti117@ptaxis/UPI,427978797201,,"5,100.39",164022.09
14-02-2026,UPI/DR/074054828616/Paytm/ICICI/paytm@paytm/UPI,069243065661,"1,220.86",,162801.23
14-02-2026,UPI/DR/592784342691/Ola/PAYTM/olamoney@ola/UPI,846491737004,670.44,,162130.79
15-02-2026,POS SHELL FUEL STATION AMRITSAR,788314740924,"1,550.43",,160580.36
15-02-2026,POS STAR BAZAAR AMRITSAR,055968740639,"4,150.30",,156430.06
16-02-2026,ATM CASH WITHDRAWAL/09765/AMRITSAR,177672232810,"2,000.00",,154430.06
16-02-2026,UPI/DR/872847478740/Blinkit/ICICI/blinkit@kotak/UPI,548528592238,540.60,,153889.46
16-02-2026,POS SHELL FUEL STATION AMRITSAR,331093964808,"2,400.78",,151488.68
17-02-2026,POS METRO CASH CARRY AMRITSAR,438016010699,"7,250.39",,144238.29
17-02-2026,POS VISHAL MEGA MART AMRITSAR,284048765535,"7,950.25",,136288.04
17-02-2026,UPI/DR/905386332877/Zomato/ICICI/zomato@axisbank/UPI,874106839376,"1,060.08",,135227.96
17-02-2026,UPI/DR/501621949403/Myntra/PAYTM/myntra@ybl/UPI,146446038974,"5,400.50",,129827.46
18-02-2026,UPI/DR/325355373165/Amazon/ICICI/amazon@apl/UPI,566241399910,"2,660.13",,127167.33
19-02-2026,UPI/DR/642720047385/Indane/ICICI/indanegas@upi/UPI,591438300132,"2,750.40",,124416.93
19-02-2026,UPI/DR/330222879231/KSEB/UPIN/ksebpayment@upi/UPI,090095144386,"3,800.45",,120616.48
19-02-2026,POS INDIAN OIL AMRITSAR,804590112373,"1,250.94",,119365.54
20-02-2026,UPI/DR/441964385315/Paytm/ICICI/paytm@paytm/UPI,787621193057,"2,380.28",,116985.26
20-02-2026,UPI/DR/572009574831/Uber/PAYTM/uber@paytm/UPI,078941301956,670.54,,116314.72
21-02-2026,UPI/DR/631842006020/Hathway/RAZORPAY/broadband@paytm/UPI,656526041196,"1,049.00",,115265.72
22-02-2026,UPI/DR/651922828411/Jio/PAYTM/airtel@axis/UPI,744453559267,449.00,,114816.72
22-02-2026,UPI/DR/999263237735/Blinkit/ICICI/blinkit@kotak/UPI,896192116316,"2,770.48",,112046.24
22-02-2026,UPI/DR/031952214269/Jio/ICICI/jio@paytm/UPI,715689254934,"1,660.52",,110385.72
22-02-2026,NEFT/N0251438848085/Accenture India Pvt ,371632739158,,"54,000.47",164386.19
22-02-2026,UPI/DR/972693631891/Neha/BARB/nehachop56@pthdfc/UPI,622427728227,500.91,,163885.28
23-02-2026,UPI/DR/835149509357/Paytm/ICICI/paytm@paytm/UPI,626928223276,"2,330.08",,161555.20
24-02-2026,POS D MART AMRITSAR,213928143056,"3,400.44",,158154.76
24-02-2026,UPI/DR/201529685382/Zomato/ICICI/zomato@axisbank/UPI,884723688475,"1,390.63",,156764.13
25-02-2026,POS V MART AMRITSAR,751418569378,"6,500.07",,150264.06
26-02-2026,UPI/DR/962912763377/Jio/PAYTM/airtel@axis/UPI,063771939228,579.00,,149685.06
26-02-2026,UPI/DR/746966666120/Meena/SBIN/meena.chaudhary@okicici/UPI,936673380352,"17,450.03",,132235.03
26-02-2026,POS BIG BAZAAR AMRITSAR,454566081310,"2,700.24",,129534.79
26-02-2026,UPI/DR/712487968099/Jio/PAYTM/airtel@axis/UPI,018533976198,239.00,,129295.79
27-02-2026,POS PANTALOONS AMRITSAR,645444354745,"5,650.79",,123645.00
27-02-2026,UPI/DR/797054882144/Myntra/ICICI/myntra@ybl/UPI,922716390109,499.00,,123146.00
27-02-2026,UPI/DR/179937896343/Rapido/PAYTM/rapido@icici/UPI,468881125008,460.59,,122685.41
28-02-2026,ATM CASH WITHDRAWAL/22687/AMRITSAR,248697755521,"1,500.00",,121185.41
28-02-2026,UPI/DR/090142045718/MakeMyTrip/ICICI/makemytrip@axisbank/UPI,154952444028,999.00,,120186.41
28-02-2026,UPI/DR/482738414284/Rapido/PAYTM/rapido@icici/UPI,844851764943,610.41,,119576.00
01-03-2026,UPI/CR/800328609647/Pallavi/FDRL/7580517827@okhdfcbank/UPI,124246214494,,"14,250.39",133826.39
01-03-2026,POS METRO CASH CARRY AMRITSAR,472302670140,"8,000.70",,125825.69
01-03-2026,UPI/DR/575636035686/Neha/PUNB/neha.bose@okicici/UPI,370851731379,"19,000.19",,106825.50
02-03-2026,UPI/DR/806656016642/Zomato/ICICI/zomato@axisbank/UPI,444742790236,"1,750.79",,105074.71
02-03-2026,UPI/DR/969950385724/Zepto/ICICI/zepto@apl/UPI,940426719648,310.70,,104764.01
02-03-2026,UPI/DR/412506039064/Swiggy/ICICI/swiggy@icici/UPI,666745705556,740.63,,104023.38
03-03-2026,UPI/DR/546796415131/Sanjay/UCBA/4423115938@aubank/UPI,226629573719,"14,900.76",,89122.62
04-03-2026,SALARY CREDIT/S0740250565619/Blue Dart Express Ltd,526070459838,,"96,410.98",185533.60
05-03-2026,UPI/CR/611393343546/Prashant/FDRL/prashant.das@ptyes/UPI,407653777696,,"15,500.40",201034.00
05-03-2026,UPI/CR/215233319810/Rajan/HDFC/7301528004@aubank/UPI,326841858882,,"9,650.25",210684.25
06-03-2026,ATM CASH WITHDRAWAL/30274/AMRITSAR,706652015364,"3,500.00",,207184.25
06-03-2026,UPI/DR/619456521515/Jio/PAYTM/airtel@axis/UPI,390622291615,459.00,,206725.25
07-03-2026,UPI/DR/414233732127/Jio/PAYTM/airtel@axis/UPI,536334222568,659.00,,206066.25
07-03-2026,UPI/CR/375041404466/Kavya/SBIN/kavya.srivastava@okicici/UPI,029371949462,,"2,450.79",208517.04
08-03-2026,POS RELIANCE MART AMRITSAR,489977881255,"4,400.30",,204116.74
09-03-2026,NACH/MANDATE/RNT2209033/RENT MANDATE,909602916789,"24,500.00",,179616.74
09-03-2026,UPI/DR/437547368530/Kavya/SBIN/5948383984@okhdfcbank/UPI,726091618181,"18,550.21",,161066.53
10-03-2026,UPI/DR/036916520194/BSNL/ICICI/bsnlbroadband@upi/UPI,708846607096,270.33,,160796.20
10-03-2026,UPI/DR/415662024573/Amazon/ICICI/amazon@apl/UPI,099438731877,"2,500.37",,158295.83
10-03-2026,ATM CASH WITHDRAWAL/47431/AMRITSAR,881685691627,"7,000.00",,151295.83
10-03-2026,UPI/CR/237656826776/Kiran/PUNB/kiran134@okicici/UPI,912200555069,,"12,450.84",163746.67
10-03-2026,NACH/MANDATE/LN135530784778/HDFC Ltd,410673369012,"8,000.00",,155746.67
11-03-2026,UPI/DR/116975122631/Hathway/RAZORPAY/broadband@paytm/UPI,870270789234,799.00,,154947.67
11-03-2026,ATM CASH WITHDRAWAL/08187/AMRITSAR,495615389942,"6,500.00",,148447.67
11-03-2026,POS SHELL FUEL STATION AMRITSAR,205785988648,"2,050.02",,146397.65
12-03-2026,UPI/DR/436152107371/Flipkart/PAYTM/flipkart@ybl/UPI,162958003018,900.72,,145496.93
12-03-2026,UPI/DR/482639591896/Uber/PAYTM/uber@paytm/UPI,013417493844,490.87,,145006.06
13-03-2026,UPI/DR/918058154171/Uber/ICICI/uber@paytm/UPI,993302081385,700.38,,144305.68
13-03-2026,UPI/DR/293608200260/LIC/LICI/licindia@licindia/UPI,786386310497,"8,200.00",,136105.68
13-03-2026,UPI/CR/120525896556/Preeti/KKBK/preetidas57@aubank/UPI,503472897612,,"18,000.37",154106.05
14-03-2026,UPI/DR/591688870953/Jyoti/PUNB/jyotiseth52@kotak/UPI,915424440168,"19,000.47",,135105.58
14-03-2026,UPI/DR/779119284145/Uber/PAYTM/uber@paytm/UPI,272755250509,640.49,,134465.09
15-03-2026,POS D MART AMRITSAR,640834432428,"5,800.52",,128664.57
16-03-2026,UPI/DR/451732396253/Jio/PAYTM/airtel@axis/UPI,521447958993,669.00,,127995.57
17-03-2026,ATM CASH WITHDRAWAL/60918/AMRITSAR,532324935159,"1,000.00",,126995.57
19-03-2026,UPI/CR/458611325249/Vikas/BKID/vikas.chopra@ptyes/UPI,121032630257,,"13,800.36",140795.93
19-03-2026,UPI/CR/999437849694/Mohit/SBIN/mohit697@okicici/UPI,143343070779,,"15,400.02",156195.95
19-03-2026,UPI/DR/280858417524/Rakesh/BDBL/4107324072@ptyes/UPI,725016660560,"11,750.71",,144445.24
19-03-2026,UPI/DR/415336675087/Divya/UCBA/divya351@oksbi/UPI,439770532625,"15,950.23",,128495.01
19-03-2026,POS BHARAT PETROLEUM AMRITSAR,952407433186,"1,850.30",,126644.71
19-03-2026,UPI/DR/492032584515/PhonePe/ICICI/phonepe@ybl/UPI,439166644147,"2,330.44",,124314.27
19-03-2026,UPI/DR/656364542928/Deepak/BARB/deepakmeno87@upi/UPI,107110282133,"16,550.43",,107763.84
20-03-2026,UPI/DR/281405234681/Practo/ICICI/practo@paytm/UPI,644263896505,699.00,,107064.84
20-03-2026,UPI/DR/119412359123/Ajay/UCBA/ajay564@okaxis/UPI,247956412540,550.51,,106514.33
20-03-2026,UPI/DR/984214235449/Pankaj/HDFC/pankaj928@ptaxis/UPI,346343995740,"2,350.27",,104164.06
20-03-2026,UPI/DR/803256061705/KSEB/UPIN/ksebpayment@upi/UPI,987066169521,"4,200.09",,99963.97
20-03-2026,UPI/DR/341426986077/Ola/PAYTM/olamoney@ola/UPI,509739278892,490.40,,99473.57
20-03-2026,UPI/CR/156014681221/Mukesh/BKID/mukesh.yadav@okhdfcbank/UPI,891042514902,,"16,050.33",115523.90
21-03-2026,UPI/DR/175511873092/Indane/ICICI/indanegas@upi/UPI,771588650829,"1,150.69",,114373.21
22-03-2026,ATM CASH WITHDRAWAL/58677/AMRITSAR,560006374439,"9,500.00",,104873.21
22-03-2026,UPI/DR/024149406249/Suresh/UCBA/suresh.menon@paytm/UPI,048710303900,"4,450.83",,100422.38
23-03-2026,UPI/DR/083924912843/Flipkart/ICICI/flipkart@ybl/UPI,175052265692,"1,540.63",,98881.75
23-03-2026,UPI/CR/985834723779/Ankit/BKID/3128513225@ptsbi/UPI,979741748836,,"10,350.26",109232.01
24-03-2026,POS V MART AMRITSAR,608815739000,"6,600.90",,102631.11
24-03-2026,POS STAR BAZAAR AMRITSAR,884300309269,"3,800.95",,98830.16
24-03-2026,UPI/DR/445447483132/Amazon/ICICI/amazon@apl/UPI,115417939510,430.66,,98399.50
24-03-2026,UPI/DR/068803619049/Swiggy/ICICI/swiggy@icici/UPI,548791370532,"2,300.42",,96099.08
25-03-2026,UPI/CR/352427261470/Asha/UTIB/5226099774@ybl/UPI,211907818303,,"7,800.14",103899.22
27-03-2026,INTEREST CREDIT,276473340493,,520.88,104420.10
28-03-2026,POS BHARAT PETROLEUM AMRITSAR,130125562075,"1,100.05",,103320.05
28-03-2026,ATM CASH WITHDRAWAL/56410/AMRITSAR,321721862539,"9,000.00",,94320.05
30-03-2026,POS SHELL FUEL STATION AMRITSAR,744175386564,"2,200.49",,92119.56
30-03-2026,UPI/CR/680961659463/Sarita/BKID/sarita872@ptaxis/UPI,483541851826,,"1,250.40",93369.96
01-04-2026,UPI/DR/319175949266/Zomato/ICICI/zomato@axisbank/UPI,568145418597,"1,520.21",,91849.75
01-04-2026,UPI/DR/521614031597/Naresh/UCBA/naresh.dutta@apl/UPI,929812179569,"8,950.94",,82898.81
02-04-2026,UPI/DR/991376477164/Uber/ICICI/uber@paytm/UPI,095846214245,"1,530.06",,81368.75
02-04-2026,ATM CASH WITHDRAWAL/83287/AMRITSAR,621499688400,"7,000.00",,74368.75
02-04-2026,UPI/DR/869454322822/Harish/KKBK/harish750@okaxis/UPI,010017246916,"11,750.31",,62618.44
03-04-2026,UPI/CR/938603521977/Seema/SBIN/0179358390@ptaxis/UPI,543757355575,,"20,450.07",83068.51
03-04-2026,UPI/DR/487350374095/BigBasket/ICICI/bigbasket@ybl/UPI,115118070279,470.24,,82598.27
03-04-2026,UPI/DR/673868699074/Uber/PAYTM/uber@paytm/UPI,551195969937,660.41,,81937.86
05-04-2026,UPI/DR/119432328138/Santosh/BKID/0949969705@okhdfcbank/UPI,787017363462,"14,100.40",,67837.46
05-04-2026,UPI/DR/785148128338/Jio/PAYTM/airtel@axis/UPI,391396083660,789.00,,67048.46
05-04-2026,UPI/DR/626912051296/Pooja/SBIN/pooja659@aubank/UPI,142523719092,"20,600.52",,46447.94
05-04-2026,SALARY CREDIT/S8357760232063/Blue Dart Express Ltd,808455055114,,"96,547.98",142995.92
06-04-2026,UPI/DR/011586039071/Jio/PAYTM/airtel@axis/UPI,987422086259,389.00,,142606.92
06-04-2026,UPI/DR/897965214415/Jio/PAYTM/airtel@axis/UPI,845208988016,439.00,,142167.92
06-04-2026,POS BRAND FACTORY AMRITSAR,274964707984,"7,950.89",,134217.03
07-04-2026,UPI/DR/314152484134/Ola/PAYTM/olamoney@ola/UPI,018082791724,690.21,,133526.82
07-04-2026,UPI/CR/832239545987/Divya/UCBA/divyaagar16@ibl/UPI,365638077567,,"6,650.48",140177.30
08-04-2026,UPI/DR/734612508296/Anita/BDBL/anita.ahuja@upi/UPI,005910459174,"1,100.86",,139076.44
08-04-2026,UPI/DR/290517276578/Amazon/ICICI/amazon@apl/UPI,092249917617,"2,620.14",,136456.30
08-04-2026,UPI/DR/691568208999/Usha/HDFC/usha966@aubank/UPI,074922657371,"2,300.65",,134155.65
08-04-2026,UPI/DR/244919244166/Rapido/PAYTM/rapido@icici/UPI,753534615182,470.85,,133684.80
08-04-2026,UPI/DR/839933755030/Uber/PAYTM/uber@paytm/UPI,109471114531,700.33,,132984.47
09-04-2026,UPI/DR/656526525932/LIC/LICI/licindia@licindia/UPI,734615162725,"8,200.00",,124784.47
10-04-2026,UPI/CR/643154786659/Seema/BARB/seema933@okhdfcbank/UPI,868008219609,,"6,100.76",130885.23
10-04-2026,NACH/MANDATE/RNT1151353/RENT MANDATE,123112039660,"24,500.00",,106385.23
11-04-2026,NACH/MANDATE/LN135530784778/HDFC Ltd,467707780239,"8,000.00",,98385.23
12-04-2026,UPI/CR/377247908560/Varsha/SBIN/varsha.naik@ptyes/UPI,391319758671,,"7,950.90",106336.13
12-04-2026,UPI/CR/937051121830/Kavita/BKID/kavita.shah@ibl/UPI,226666592118,,"21,650.75",127986.88
12-04-2026,POS INDIAN OIL AMRITSAR,304052620985,"4,250.05",,123736.83
13-04-2026,POS HP PETROL PUMP AMRITSAR,845064062380,"1,200.90",,122535.93
13-04-2026,UPI/DR/752931720177/Rakesh/SBIN/rakesh278@apl/UPI,153642286657,"5,750.15",,116785.78
14-04-2026,UPI/DR/849941947014/Paytm/ICICI/paytm@paytm/UPI,773154682287,"1,790.86",,114994.92
14-04-2026,UPI/DR/229691578088/Hotstar/ICICI/hotstar@hdfcbank/UPI,680694484658,299.00,,114695.92
14-04-2026,POS SHOPPERS STOP AMRITSAR,535108739430,"2,300.32",,112395.60
15-04-2026,UPI/DR/716034218621/Nikhil/HDFC/nikhilsriv15@apl/UPI,668887728930,"19,400.79",,92994.81
17-04-2026,UPI/DR/193553452393/BSNL/ICICI/bsnlbroadband@upi/UPI,449208418864,"1,330.30",,91664.51
19-04-2026,UPI/DR/847361947248/KSEB/UPIN/ksebpayment@upi/UPI,206150244277,"1,350.52",,90313.99
20-04-2026,ATM CASH WITHDRAWAL/62626/AMRITSAR,967512535488,"1,500.00",,88813.99
21-04-2026,UPI/DR/208193218292/Siddharth/SBIN/siddharthyada78@axl/UPI,593829432266,"13,050.51",,75763.48
21-04-2026,UPI/CR/837850537846/Gopal/KKBK/gopal.saxena@ptyes/UPI,655936341030,,"5,250.83",81014.31
24-04-2026,ATM CASH WITHDRAWAL/96141/AMRITSAR,509146336020,"9,000.00",,72014.31
24-04-2026,UPI/DR/862409073983/Hathway/RAZORPAY/broadband@paytm/UPI,234635929481,"1,149.00",,70865.31
24-04-2026,UPI/DR/026183810815/Sangita/UCBA/2295455431@ibl/UPI,873373926903,"7,050.27",,63815.04
25-04-2026,UPI/DR/530967928589/Zepto/ICICI/zepto@apl/UPI,783502845318,130.82,,63684.22
26-04-2026,UPI/DR/893354310088/Indane/ICICI/indanegas@upi/UPI,283966708054,"2,800.76",,60883.46
26-04-2026,UPI/DR/096785340413/Jio/PAYTM/airtel@axis/UPI,282079603992,659.00,,60224.46
26-04-2026,UPI/DR/366444917003/Amazon/PAYTM/amazon@apl/UPI,608348195763,"1,050.50",,59173.96
27-04-2026,UPI/DR/824723934130/Mamta/UTIB/mamtapand46@kotak/UPI,444930021443,"17,750.68",,41423.28
27-04-2026,POS LIFESTYLE STORES AMRITSAR,348269523062,"3,000.93",,38422.35
27-04-2026,UPI/CR/691717240634/Kapil/KKBK/kapil.pillai@ibl/UPI,730678157538,,200.59,38622.94
28-04-2026,POS RELIANCE MART AMRITSAR,452600931152,"4,800.82",,33822.12
01-05-2026,POS SHELL FUEL STATION AMRITSAR,974452662169,"2,550.62",,31271.50
01-05-2026,UPI/DR/661946419486/Zomato/ICICI/zomato@axisbank/UPI,642869427523,"1,000.88",,30270.62
01-05-2026,UPI/DR/527023566812/PhonePe/ICICI/phonepe@ybl/UPI,933209803711,180.69,,30089.93
03-05-2026,UPI/DR/391750981372/Zomato/ICICI/zomato@axisbank/UPI,562647219979,780.73,,29309.20
03-05-2026,UPI/DR/796576717324/Jio/ICICI/jio@paytm/UPI,996866536677,"1,500.68",,27808.52
04-05-2026,UPI/DR/981591209570/Hathway/RAZORPAY/broadband@paytm/UPI,431091806498,"1,249.00",,26559.52
04-05-2026,UPI/DR/756929207090/Jio/PAYTM/airtel@axis/UPI,288614122709,659.00,,25900.52
05-05-2026,UPI/CR/567325819025/Vandana/SBIN/vandana767@okhdfcbank/UPI,921253525796,,"6,100.90",32001.42
06-05-2026,SALARY CREDIT/S8225142753292/Blue Dart Express Ltd,530532477205,,"94,758.98",126760.40
07-05-2026,UPI/DR/377124205274/Mahesh/BKID/mahesh.dutta@ptaxis/UPI,611915453526,"20,900.99",,105859.41
07-05-2026,NACH/MANDATE/RNT5374730/RENT MANDATE,288683040476,"24,500.00",,81359.41
07-05-2026,UPI/DR/863800978981/Zepto/ICICI/zepto@apl/UPI,653131059282,"1,890.96",,79468.45
08-05-2026,UPI/DR/388122344043/Rapido/PAYTM/rapido@icici/UPI,999674960080,650.35,,78818.10
08-05-2026,UPI/DR/243086911341/LIC/LICI/licindia@licindia/UPI,343419969784,"8,200.00",,70618.10
08-05-2026,UPI/DR/218787739534/Zepto/ICICI/zepto@apl/UPI,162963916627,"2,690.14",,67927.96
09-05-2026,UPI/DR/956655057220/Zomato/ICICI/zomato@axisbank/UPI,155223463106,"2,070.11",,65857.85
09-05-2026,POS INDIAN OIL AMRITSAR,344062825467,"2,650.07",,63207.78
